1997 3219
335 184 416 225 376
844 185 1010 216 mamm
1037 185 1257 218 CARMINUM

559 294 645 336 Sub
678 308 778 347 rege
810 293 934 335 Medo
965 294 1128 336 Marsus
1160 302 1199 336 et
1230 293 1414 350 Apulus.

555 374 811 417 Anciliorum
842 381 883 415 et
913 374 1094 415 nominis
1125 380 1175 415 et'
1195 382 1318 429 togae
1715 374 1766 415 Ι’10

610 453 778 496 Oblitus
811 460 1098 510 aeternaeque
1129 455 1306 503 Vestae,

667 534 870 577 Incolumi
902 535 1002 577 Iove
1033 541 1074 576 et
1104 533 1211 576 urbe
1242 535 1405 577 Roma?

553 628 642 669 Hoc
674 632 844 669 caverat
874 640 994 673 mens
1025 626 1205 683 provida
1235 627 1382 683 Reguli

555 708 853 751 Dissentientis
884 707 1207 750 condicionibus

614 788 768 831 Foedis
801 795 843 830 et
873 787 1070 844 exemplo
1100 787 1304 830 trahentis
1718 790 1769 831 15

417 884 467 915 40.
494 884 593 916 Prius
617 886 646 914 et
669 891 739 914 om.
765 882 802 913 T.
831 899 866 904 —-
894 882 945 913 4⁶2.
971 882 1126 912 Incolomi
1148 880 1207 912 bS.
1238 900 1270 904 —
1298 882 1348 913 115.
1368 882 1510 913 trahenti
1525 882 1569 913 de
1587 883 1726 915 Canteri

376 933 466 964 coni.
481 933 516 964 et
532 940 613 963 cum
627 932 762 963 Comm.
778 931 921 971 Cruquii
935 931 971 969 L,
989 931 1073 962 item
1087 929 1274 969 Bentleius,
1294 931 1353 971 qui
1370 932 1488 963 tamen
1504 932 1538 962 in
1549 932 1724 964 Adnotatt.

372 981 527 1022 praefert
543 981 683 1020 eaeempll
698 981 867 1013 trahentis.
895 980 945 1020 (Ut
961 988 1043 1016 nos,

329 1062 398 1092 Liv.
419 1061 508 1101 Epit.
528 1061 685 1092 CXXVII.
708 1079 743 1082 —
763 1061 919 1100 Languet
938 1069 1023 1101 prae

329 1109 409 1141 lect.
427 1109 597 1141 librorum
621 1110 756 1140 tantum
780 1118 850 1141 non
867 1104 1026 1141 omnium

332 1158 439 1190 altera
463 1159 498 1190 in
521 1159 628 1197 arviS,
659 1167 766 1198 quam
790 1167 872 1190 cum
897 1159 1026 1190 Cante-

330 1217 390 1240 rus
415 1209 449 1240 et
471 1209 508 1239 T.
528 1207 640 1239 Faber
667 1208 869 1239 coniectura
893 1217 1026 1249 propo-

329 1258 505 1296 suissent,
551 1256 772 1288 confirmavit
808 1266 898 1289 unus
937 1258 1022 1289 Cod.

331 1306 451 1339 Altorf.
479 1308 524 1346 4.,
550 1307 586 1338 in
608 1315 679 1347 quo
704 1307 799 1338 casui
824 1306 986 1338 debetur.

374 1357 405 1387 9.
431 1356 518 1397 φερε]
542 1356 753 1388 invidiosum
779 1357 874 1397 apud
897 1358 1026 1388 Roma-

331 1414 393 1437 nos
425 1414 566 1437 nomen.
605 1422 639 1427 —
671 1406 805 1437 Marsus
835 1409 864 1437 et
888 1406 1025 1447 Apulus]

331 1453 589 1486 bellicosissimi
612 1453 728 1486 Italiae
745 1454 875 1496 populi.
902 1455 1028 1486 Liben-

332 1506 396 1543 ter,
416 1504 617 1544 ubicunque
636 1506 763 1545 potest,
783 1513 868 1537 suae
883 1504 1025 1545 Apuliae

334 1554 492 1584 meminit
518 1554 634 1593 poeta.

376 1603 427 1634 40.
453 1603 666 1643 Ancillorum]
692 1602 809 1635 Altera
834 1603 944 1636 forma
963 1613 1027 1635 an-

331 1652 442 1683 cilium
475 1654 528 1684 est
556 1653 590 1684 in
619 1654 728 1684 Inscr.
755 1662 801 1684 m.
829 1654 900 1684 Lat.
927 1653 1022 1686 2244.

332 1712 350 1732 a
382 1711 414 1733 v.
449 1702 563 1733 ancile.
615 1702 695 1742 (Cfr.
730 1702 1024 1742 Saturnallorum,

330 1750 599 1791 sponsaliorum.)
629 1751 720 1790 Lege
745 1750 842 1782 ovid.
869 1752 958 1783 Fast.
985 1752 1023 1791 3,

332 1799 405 1830 373.
453 1799 642 1839 Nubigenas
673 1800 791 1838 clipeos
812 1802 916 1831 vocat
939 1801 1023 1831 Stat.

333 1847 411 1879 Silv.
431 1849 466 1886 5,
486 1849 523 1887 2,
551 1848 624 1879 431.
647 1867 681 1870 —
701 1848 807 1889 togae]
825 1850 918 1889 Virg.
938 1850 1024 1881 Aen.

333 1898 367 1935 Δ,
394 1898 476 1928 28³2:
517 1898 698 1937 Romanos,
733 1906 847 1929 rerum
881 1899 1029 1930 dominos

332 1949 522 1986 gentemque
537 1949 695 1986 locatam.
719 1946 838 1979 Florus
854 1947 892 1986 4,
912 1949 968 1986 Μ,
988 1948 1024 1979 3;

336 1996 512 2034 (Antonius)
534 1997 688 2035 patriae,
720 1998 879 2035 nominis,
911 2001 1024 2038 togae,

332 2045 473 2084 fascium
496 2044 621 2075 oblitus.
639 2063 674 2067 —
689 2046 838 2077 Nominis
855 2046 889 2078 h.
908 2046 929 2078 l.
949 2055 1027 2078 ma-

335 2093 459 2123 nifesto
475 2101 538 2132 pro
553 2094 722 2125 «nominis
734 2095 913 2133 Romani»;
932 2095 1027 2135 quod

333 2142 449 2181 ipsum
480 2142 569 2172 inest
601 2141 634 2172 in
671 2150 747 2173 voe.
781 2147 885 2183 cessae.
941 2145 1027 2182 Quia

335 2200 403 2221 non
428 2189 681 2230 intelligebant,
714 2191 853 2231 plurimi
877 2194 1027 2234 scripto-

334 2250 391 2271 rcs
414 2239 543 2271 librarii
568 2241 763 2271 omiserunt
785 2245 833 2279 θη
860 2252 950 2282 quae
973 2244 1028 2274 in-

334 2288 523 2321 tolerabilis
561 2288 664 2320 lectio
707 2288 836 2329 placuit
875 2293 1027 2332 (Ji-uquio

334 2348 373 2369 ac
399 2338 596 2376 Torrentio,
622 2339 752 2369 reiecta
777 2348 794 2369 a
820 2339 985 2371 Bentleio.

378 2389 390 2418 >l
405 2388 428 2417 l.
458 2388 509 2418 42.
539 2387 659 2427 Vestae]
679 2388 776 2419 cuius
800 2388 886 2427 ignis
904 2390 1027 2429 pignus

334 2437 409 2469 erat
447 2437 662 2467 aeternitatis
700 2437 875 2468 Romanae
917 2438 1025 2470 urbis.

335 2486 405 2517 Cic.
433 2485 477 2516 de
509 2486 612 2524 Legg.
640 2486 676 2522 ’2,
711 2486 751 2515 8:
794 2486 939 2525 Virgines
970 2487 1029 2517 Ve-

333 2535 432 2565 stales
455 2535 489 2564 in
511 2534 592 2565 urbe
613 2534 818 2565 custodiente
841 2535 949 2574 ignem
964 2535 1029 2574 foci

328 2583 453 2622 publici
468 2583 712 2622 sempiternum.
738 2584 775 2614 In
793 2583 865 2614 iure
881 2584 1027 2615 iurando

337 2632 490 2673 Philippo
508 2631 690 2664 Macedoni
715 2632 877 2672 imposito
895 2633 1026 2664 Graece

335 2681 384 2710 sic
410 2682 679 2721 expresserunt:
714 2678 784 2722 τὴν
807 2680 938 2712 ἑστίαν
963 2681 1028 2723 τῆς

330 2725 484 2770 Ῥώμης.
513 2729 654 2762 Diodor.
683 2731 733 2761 Fr.
762 2730 860 2762 Dlnd.
889 2739 921 2770 p.
951 2731 1023 2763 ¹128.

1069 988 1192 1011 omnes
1209 980 1336 1018 nostri,
1356 979 1519 1019 Bentleii,
1546 981 1725 1021 Pottierii.)

1076 1060 1220 1092 Vestam
1236 1061 1375 1091 Romani
1391 1061 1522 1100 'imperii
1531 1061 1654 1102 piynus
1668 1063 1771 1093 vocat

1077 1110 1210 1142 Seneca
1232 1110 1396 1141 Controv.
1420 1111 1433 1141 l
1452 1136 1458 1149 ,
1477 1110 1507 1142 3.
1526 1119 1603 1152 pag.
1623 1111 1674 1142 93.
1694 1112 1768 1152 Bip.

1080 1176 1114 1181 —
1140 1159 1299 1191 Incolumi
1321 1159 1404 1200 Iove]
1429 1159 1549 1191 «Salvo
1567 1159 1768 1201 Capitolio.»

1077 1209 1197 1240 SCHOL.

1120 1258 1172 1289 43.
1209 1259 1355 1299 caverat]
1384 1258 1444 1289 «Et
1475 1259 1593 1289 tamen
1625 1267 1668 1289 ne
1694 1257 1770 1290 talis

1076 1307 1256 1347 turpitudo
1281 1308 1386 1347 atque
1412 1307 1598 1347 ignominia
1614 1315 1771 1347 unquam

1076 1357 1250 1388 Romanos
1281 1356 1549 1394 dehonestaret,
1582 1356 1771 1397 providere

1075 1404 1235 1436 voluerat
1274 1406 1342 1437 iam
1378 1405 1547 1445 Regulus,
1589 1407 1771 1446 specimen

1077 1453 1160 1485 illud
1203 1463 1364 1486 summae
1411 1454 1627 1486 constantiae
1673 1456 1740 1486 cet.
1756 1467 1770 1482 »

1077 1503 1207 1544 Captus
1238 1505 1292 1534 est
1315 1512 1332 1534 a
1362 1503 1708 1543 Karthaginiensibus
1737 1513 1767 1534 a⁴

1076 1562 1111 1583 u.
1139 1561 1170 1584 c.
1198 1552 1271 1584 499.
1322 1552 1455 1584 Crebro
1484 1553 1552 1584 hoe
1584 1552 1678 1584 idem
1714 1562 1772 1583 ar·-

1076 1602 1283 1642 gumentum
1324 1601 1541 1633 tractabatur
1577 1601 1612 1633 in
1651 1601 1771 1632 rheto-

1076 1659 1156 1682 rum
1186 1649 1325 1682 scholis.
1376 1650 1444 1682 Csr.
1473 1651 1542 1681 Cic.
1570 1650 1613 1681 de
1647 1651 1702 1681 Or.
1730 1652 1768 1689 3,

1076 1700 1136 1738 28,
1165 1700 1238 1731 ¹109.
1264 1698 1336 1730 Val.
1356 1700 1443 1731 Max.
1461 1699 1491 1737 l,
1516 1699 1546 1737 l,
1574 1699 1630 1731 44:
1655 1700 1690 1730 *in
1712 1700 1769 1738 iis,

1077 1758 1160 1788 quae
1177 1749 1220 1780 ad
1235 1749 1418 1779 custodiam
1432 1748 1602 1789 religionis
1619 1749 1769 1787 attinent,

1076 1799 1181 1830 nescio
1212 1807 1257 1829 αη
1291 1807 1400 1829 omnes
1421 1799 1467 1830 M.
1493 1798 1610 1829 Atilius
1632 1799 1773 1839 Regulus

1072 1847 1287 1887 praecesserit
1303 1849 1384 1884 cet.;
1407 1848 1497 1878 inter
1513 1848 1634 1887 poetas
1651 1846 1771 1879 Silium

1077 1898 1114 1936 6,
1149 1896 1210 1928 342
1243 1905 1342 1937 seqq.
1379 1896 1494 1936 (Baldo
1520 1896 1632 1936 Lyric.
1662 1897 1696 1935 l,
1722 1897 1768 1936 3.,

1077 1946 1224 1978 fortasse
1256 1946 1359 1977 nimis
1392 1954 1514 1986 presse
1548 1946 1678 1977 Horatii
1712 1955 1772 1977 ve-

1077 1996 1175 2036 stigia
1208 2004 1381 2035 sequens,
1412 1994 1581 2035 pleraque
1613 1995 1694 2026 hinc
1726 1995 1771 2026 ad

1077 2046 1231 2077 Thomae
1257 2045 1341 2076 Mori
1369 2045 1601 2076 constantiam
1624 2043 1773 2075 laudan-

1078 2095 1160 2126 dam
1184 2094 1354 2133 detorsit.)

1121 2144 1173 2176 44.
1221 2142 1478 2183 condicionibus]
1524 2151 1607 2175 casu
1650 2143 1768 2181 tertio,

1076 2195 1115 2226 ut
1139 2192 1277 2231 Quintil.
1301 2193 1339 2231 8,
1366 2193 1403 2230 G,
1429 2192 1489 2224 54:
1527 2193 1554 2223 si
1578 2201 1645 2232 qua
1666 2192 1773 2224 verbis

1078 2244 1232 2275 dissentit.

1122 2293 1173 2323 45.
1186 2292 1236 2322 46.
1252 2291 1419 2331 trahentis]
1431 2290 1502 2322 «Ab
1513 2290 1674 2331 exemplo
1687 2299 1770 2331 per-

1078 2342 1205 2372 niciem
1222 2342 1255 2371 in
1280 2341 1441 2381 posteros
1458 2339 1635 2378 trahebat,
1661 2340 1771 2371 dedu—

1079 2390 1195 2428 cebat,
1222 2390 1256 2421 id
1274 2392 1343 2427 est,
1371 2389 1552 2420 dictitabat
1567 2388 1635 2420 tale
1653 2397 1771 2420 exem-

1078 2438 1174 2479 plum
1198 2439 1326 2470 nimiae
1344 2438 1513 2470 facilitatis
1531 2438 1575 2469 ad
1591 2438 1770 2469 redimen-

1079 2487 1142 2518 dos
1178 2489 1337 2528 captivos
1372 2489 1442 2519 vim
1468 2489 1503 2519 et
1527 2487 1770 2519 auctoritatem

1078 2536 1310 2576 perniciosam
1334 2537 1368 2568 in
1392 2537 1551 2577 posteros
1568 2535 1769 2566 habiturum

1079 2593 1191 2616 esse.»
1237 2586 1327 2616 Imm.
1365 2586 1450 2616 Vide
1494 2585 1696 2616 Excursum.
1733 2601 1767 2606 -—

1080 2634 1245 2665 Ceterum
1279 2634 1436 2665 lrahenlis
1469 2633 1618 2665 Codices
1646 2640 1769 2664 omnes

1078 2684 1219 2722 praeter
1250 2683 1392 2722 Cruquii
1425 2681 1669 2719 Scholiastam,
1711 2682 1768 2721 qui

1079 2730 1202 2762 habet:
1243 2730 1421 2772 «traheam
1455 2731 1624 2763 adserenti
1656 2730 1689 2761 in
1715 2730 1769 2761 lu-
