1997 3219
773 213 848 245 [AB.
877 214 899 244 1.
950 214 986 244 c.
1014 212 1157 245 xxvln.
1603 214 1674 254 1:²59

295 316 355 358 Ab
386 317 484 358 Iove
513 317 793 371 Neptunoque
823 316 933 358 sacri
964 315 1142 359 custode
1179 316 1357 359 Tarenti.

519 396 702 453 Negligis
734 396 951 438 immeritis
983 397 1218 439 nocituram
1622 400 1675 439 30

296 475 523 518 Postmodo
555 484 594 519 te
626 477 733 518 natis
765 476 957 519 fraudem
989 476 1284 520 committere?
1315 479 1418 521 Fors
1449 485 1490 520 et

519 556 671 598 Debita
702 557 794 599 iura
825 557 1028 613 vicesque
1059 557 1272 613 superbae

293 661 347 702 Te
378 667 575 702 maneant
606 660 766 716 ipsum:
800 660 1000 716 precibus
1031 675 1114 703 non
1145 661 1313 718 linquar
1344 662 1503 711 inultis,

321 760 373 791 30.
418 761 569 801 ,N'eyleyis
603 760 761 791 inmeritis
794 759 907 791 BbST.
949 778 982 783 —
1021 760 1072 791 31.
1109 761 1226 800 forsan
1260 762 1302 800 B,
1342 770 1432 794 corr.
1467 772 1503 801 c,
1540 765 1626 796 Pott.

279 810 450 850 quinque,
488 810 594 841 etiam
620 810 648 840 ·t.
695 810 780 840 Item
806 809 856 840 Lt.
884 809 963 849 (non
996 807 1127 848 Aldus.)
1168 827 1202 831 —-
1239 809 1292 841 32.
1320 811 1466 851 vicesque
1493 813 1629 852 superbe

279 867 359 890 cum
383 868 402 890 ο
426 859 514 890 inter
536 858 646 890 lineas
669 857 706 896 λ,
733 859 769 889 ut
793 857 930 898 superbo
952 857 1111 889 voluerat
1136 859 1367 897 Passeratius;
1404 861 1551 902 vicesque
1572 871 1629 894 su-

274 917 410 948 premae
435 909 651 949 Burgessius.

235 989 413 1029 exprimit,
448 997 517 1029 qua
545 989 676 1030 Iupiter
698 987 842 1028 largitur
864 996 927 1020 sua

235 1046 393 1069 munera.

278 1087 328 1118 29.
355 1088 479 1126 TaraS,
505 1087 643 1119 Tarenti
669 1086 828 1118 conditor
847 1094 929 1126 my-

233 1137 365 1174 thic-us,
398 1137 487 1167 teste
516 1135 701 1167 Aristotele
732 1135 825 1176 apud
849 1134 928 1166 Pol-

233 1185 348 1217 lucem
384 1185 414 1216 6.
447 1194 479 1226 p.
515 1185 587 1216 180.
621 1186 655 1216 ct
687 1187 834 1217 Pausan.
873 1185 925 1223 ¹10,

237 1235 285 1271 10,
312 1235 357 1272 8.,
386 1233 474 1265 tilius
500 1234 559 1265 suit
583 1235 734 1274 Neptuni
759 1236 793 1265 et
816 1235 928 1273 Nym-

232 1284 322 1324 phae
367 1283 567 1323 indigenae:
614 1284 707 1315 unde
747 1285 928 1324 Neptunus

231 1337 337 1364 custos
381 1331 631 1373 (πολιοῦχος)
673 1334 855 1373 comparet
895 1333 928 1362 in

232 1381 404 1414 nonnullis
443 1383 711 1413 Tarentinorum
749 1381 924 1415 nummi&

233 1433 265 1463 in
289 1431 363 1463 aliis
387 1433 492 1463 Taras
515 1432 655 1463 vehitur
678 1430 855 1471 delphino.

275 1482 327 1513 30.
349 1481 401 1512 31.
427 1481 574 1521 Neyliqis
594 1480 676 1521 cet]
698 1482 846 1512 «Parum
864 1489 927 1511 eu-

231 1539 304 1569 ras,
328 1540 391 1571 pro
410 1529 514 1562 nihilo
532 1529 642 1562 habes
656 1529 794 1570 culpam
808 1530 927 1561 huius—

231 1580 325 1612 modi
341 1581 420 1611 inte
431 1579 616 1611 admittere
624 1580 660 1610 5³»
677 1579 857 1610 Manifesto
868 1588 927 1610 au-

232 1631 302 1660 tem
323 1629 412 1660 haec
433 1630 485 1660 est
508 1628 748 1668 interrogatio;
770 1629 828 1668 qui
849 1630 927 1668 post

232 1687 262 1709 ν.
277 1679 477 1709 conmittere
498 1677 597 1708 colon
622 1677 675 1708 vel
699 1686 838 1708 comma
861 1686 928 1717 po-

232 1728 328 1764 nunt,
349 1727 393 1757 ad
410 1736 443 1757 v.
457 1726 593 1767 negligis
610 1725 773 1767 supplent
793 1727 830 1757 si.
858 1727 927 1757 Ve—

232 1785 309 1807 rum
325 1777 441 1807 nostra
457 1776 543 1806 ratio
556 1774 656 1815 longe
671 1778 723 1807 est
738 1775 924 1807 efficacior.

234 1844 269 1848 —
285 1824 346 1856 Alii
363 1825 478 1864 (etiam
493 1824 591 1856 lland
604 1825 701 1856 Turs.
719 1825 772 1856 IV.
789 1834 822 1865 p.
837 1826 924 1866 510.)

233 1875 347 1906 minus
373 1876 468 1906 recte
493 1876 700 1906 construunt
715 1875 871 1916 negligis,
898 1879 927 1907 te

231 1925 448 1961 committere,
475 1932 555 1955 cum
582 1924 645 1963 (ex)
672 1927 700 1955 te
724 1925 811 1956 natis
834 1925 924 1966 iungi

231 1975 402 2015 oporteat.
421 1991 455 1995 —
469 1974 638 2005 Postmodo
651 1974 816 2014 equidem
832 1975 926 2014 (item

234 2023 332 2055 Hand
357 2022 377 2054 Ι.
405 2022 437 2062 1.)
470 2023 572 2062 iungo
609 2032 689 2054 eum
721 2025 923 2056 nocituram:

233 2071 286 2103 alii
312 2081 393 2103 cum
417 2075 446 2102 te
470 2073 572 2110 natis,
599 2071 658 2102 ubi
682 2073 834 2104 otiosum
860 2075 923 2105 est.

237 2140 270 2143 —
300 2120 463 2161 fraudem]
495 2116 608 2162 ἄγος,
646 2130 773 2161 «quam
799 2131 924 2153 noxam

233 2170 419 2211 aliquando
464 2170 562 2201 liberi
601 2171 648 2201 tui
695 2171 924 2212 expiabunt.»

233 2221 373 2252 Fundus
403 2221 504 2252 huius
536 2220 708 2261 opinionis
740 2220 865 2260 Odyss.
892 2220 924 2259 λ,

233 2270 284 2301 72.
323 2269 474 2310 Elpenor
510 2269 555 2300 ad
595 2268 747 2302 L'lixem:
789 2267 850 2312 ,1Ιή
889 2270 926 2312 μ’

231 2315 439 2356 ἄκλαυτον,
477 2313 652 2350 ἄθαπτον
691 2316 757 2350 ἰών
792 2315 926 2351 ὄπιθεν

233 2368 487 2405 καταλείπειν,
513 2368 768 2409 Νοσᾳισθείς,
793 2367 848 2411 μή
867 2371 926 2402 τοί

233 2429 266 2451 τι
284 2420 325 2450 ιε9
330 2417 383 2450 ὦν
394 2417 733 2460 ¹1.'1²7'1111v.yzuoucu.
753 2420 925 2459 Theognis

234 2468 308 2500 203.
334 2463 593 2508 Be1·‚‘.k:'.›1)..)o‘.
616 2465 692 2499 τάδ’
715 2464 926 2513 ἀνθρώπων

233 2514 359 2549 ἀπατᾶ
395 2514 498 2548 νόον·
539 2512 584 2548 οὐ
620 2514 690 2562 γὰρ
724 2516 778 2550 ἐπ
805 2515 924 2550 αὐτοῦ

234 2567 408 2598 Τίιοιται
435 2564 597 2610 ιιάκαηε
588 2564 841 2611 ποήγιιατος
856 2563 927 2608 du-

234 2615 393 2656 πλακίας
418 2611 505 2648 ,DJ
535 2612 556 2644 ὁ
585 2615 656 2656 1121
687 2612 803 2656 αὐτὸς
827 2612 925 2648 έετισ-

234 2662 353 2697 κακὸν
377 2675 505 2710 χρέος,
534 2661 618 2696 οὐδὲ
637 2663 808 2703 (tilmon)
815 2661 925 2707 Ατην

234 2713 398 2756 ἐξοπίσω
416 2715 520 2747 :maol
527 2725 546 2745 ν
562 2714 829 2758 ίπεκζκζιιασι-ν·
844 2710 925 2746 Ἅλ-

235 2764 300 2795 >or
334 2763 361 2795 ὀ’
398 2761 442 2795 m'·
479 2765 703 2808 κατέμαρψῑ-
739 2762 836 2805 δίκη.
888 2765 926 2795 Et

978 986 1137 1019 similiter
1152 987 1247 1020 idem
1263 998 1295 1020 v,
1315 989 1388 1020 735.
1411 1007 1446 1012 —
1466 990 1562 1029 Fors,
1590 991 1675 1031 fors-

978 1045 1038 1072 an,
1069 1037 1181 1076 forsit,
1215 1037 1309 1078 apud
1338 1040 1476 1078 poetas;
1509 1041 1543 1070 et
1564 1040 1671 1080 forsit,

978 1087 1015 1116 ut.
1031 1085 1138 1117 habet
1154 1085 1386 1126 Pulmannus,
1411 1089 1586 1129 reperitur
1601 1090 1670 1121 Sat.

980 1136 1013 1169 1,
1047 1135 1083 1172 6,
1115 1134 1167 1166 49.
1207 1135 1388 1167 «Notanda
1414 1138 1467 1168 est
1490 1137 1673 1178 singularis

978 1185 1161 1224 poetarum
1179 1183 1324 1215 formula
1338 1185 1409 1225 fors
1419 1189 1449 1217 et
1460 1195 1523 1227 pro
1533 1188 1674 1227 fortasse

976 1234 1092 1271 etiarn,
1130 1242 1198 1274 qua
1233 1234 1456 1274 progreditur
1485 1237 1594 1268 oratio
1627 1237 1672 1268 ad

978 1291 1053 1313 rem
1078 1283 1239 1323 opinione
1264 1286 1488 1325 conceptam,
1515 1286 1579 1317 sed
1597 1295 1674 1326 gra-

977 1332 1081 1363 vitate
1118 1333 1152 1363 et
1186 1334 1424 1372 magnitudine
1448 1334 1669 1375 ampliorem.

977 1381 1036 1412 Est
1066 1381 1160 1421 apud
1183 1382 1275 1422 Virg.
1301 1384 1387 1413 Aen.
1415 1384 1473 1422 1¹1,
1508 1384 1559 1415 49.
1586 1386 1672 1415 Pro-

977 1431 1066 1470 pert.
1086 1431 1117 1467 2,
1137 1430 1167 1467 9,
1188 1431 1218 1462 4,
1238 1432 1320 1462 Stat.
1341 1431 1420 1462 Silv.
1440 1432 1477 1471 3,
1497 1432 1550 1464 4.»
1571 1434 1671 1465 Hand

977 1479 1075 1510 Turs.
1101 1480 1201 1520 II..p.
1229 1480 1302 1511 711.
1337 1481 1448 1513 Minus
1484 1484 1579 1513 recte
1615 1482 1671 1514 alii

977 1528 1011 1559 h.
1038 1528 1059 1559 l.
1086 1529 1167 1560 Fors
1196 1529 1252 1561 vel
1285 1527 1414 1572 Τύχην
1444 1530 1499 1562 vel
1530 1533 1672 1563 Poenam

977 1579 1192 1619 interpretati
1217 1580 1308 1610 sunt.

1021 1629 1073 1659 32.
1101 1629 1219 1660 Debita
1237 1628 1325 1668 iura]
1350 1626 1469 1670 δίκην,
1497 1625 1544 1670 ἢν
1567 1626 1672 1668 ὀφεί-

977 1676 1064 1717 λεις.
1094 1695 1129 1699 -
1153 1677 1248 1718 vices]
1267 1674 1480 1717 ἀντίποινα,
1506 1675 1668 1722 ἀμοιβή,

977 1729 1015 1758 ut
1038 1727 1134 1758 Ovid.
1162 1728 1241 1759 Met.
1269 1727 1326 1766 ⁴4,
1353 1728 1411 1759 36:
1446 1729 1550 1760 Redde
1571 1730 1668 1761 vices.

979 1776 1183 1814 «Quomodo
1213 1777 1249 1807 tu
1273 1776 1426 1817 superbe
1451 1778 1565 1809 reiicis
1588 1787 1671 1819 pre-

977 1835 1037 1858 ces
1076 1834 1193 1863 meas,
1234 1834 1347 1866 aeque
1386 1827 1420 1857 in
1459 1828 1492 1858 te
1530 1828 1672 1867 superba

976 1871 1192 1921 ζὺβριστική
1204 1899 1212 1913 ,
1238 1874 1431 1908 inclemens
1452 1884 1493 1907 ac
1510 1885 1579 1908 non
1596 1878 1670 1909 sine

976 1926 1181 1966 contemptu
1213 1926 1245 1956 te
1276 1925 1436 1966 puniens)
1470 1927 1536 1958 erit
1565 1927 1669 1958 etiam

976 1975 1126 2006 vindicta
1159 1975 1308 2006 divina.»
1358 1977 1512 2016 Proper-t.
1542 1977 1576 2015 st,
1616 1976 1668 2014 ⁴3,

976 2025 1012 2057 9:
1039 2026 1127 2056 Haec
1149 2025 1212 2056 erit
1227 2025 1361 2056 illarum
1377 2026 1550 2064 contempti
1562 2034 1671 2065 poena

976 2075 1119 2107 doloris:
1165 2075 1351 2106 Multarum
1392 2075 1530 2106 natseras
1567 2075 1671 2115 emissit

975 2133 1044 2154 una
1066 2124 1161 2154 vices.

1041 2172 1093 2203 33.
1142 2171 1308 2212 maneant]
1326 2172 1436 2204 Etiam
1461 2172 1555 2213 apud
1573 2172 1671 2204 Cice-

976 2229 1099 2253 ronem
1134 2221 1354 2262 paucissimis
1391 2220 1476 2253 locis
1513 2221 1669 2262 exceptis

977 2270 1088 2313 (Hand
1104 2271 1202 2302 Turs.
1222 2271 1261 2301 11.
1280 2278 1315 2310 p.
1331 2270 1418 2310 716.)
1435 2270 1574 2310 forsitan
1591 2279 1670 2310 pro-

974 2321 1238 2362 pterincertum
1254 2319 1304 2351 rei
1323 2320 1452 2351 exitum
1472 2319 1541 2359 (qui
1558 2319 1671 2359 expri—

976 2371 1081 2402 mitur
1094 2372 1212 2409 etymo
1226 2369 1328 2401 huius
1342 2378 1374 2400 v,
1385 2369 1454 2410 fors
1465 2369 1505 2399 sit
1517 2368 1669 2409 anteum

975 2421 1064 2452 coni.
1095 2419 1316 2450 construitur.
1350 2437 1383 2441 —
1409 2418 1560 2458 precibus
1587 2419 1668 2459 cet]

977 2470 1030 2501 «Si
1052 2468 1228 2508 relinquar
1251 2476 1270 2498 a
1288 2469 1320 2499 te
1339 2468 1557 2505 inhumatus,
1584 2465 1670 2498 inul-

976 2520 1030 2550 tae
1052 2527 1120 2550 non
1136 2516 1371 2549 remanebunt
1384 2525 1484 2547 meae
1500 2517 1670 2556 impreca-

976 2568 1105 2605 tiones,
1125 2567 1424 2599 exsecrationes.»
1462 2566 1516 2597 Sic
1538 2567 1669 2597 Cacsar

977 2618 1012 2648 B.
1039 2618 1076 2647 G.
1104 2616 1139 2654 6,
1174 2616 1233 2648 31:
1271 2616 1418 2647 (minibus
1438 2611 1588 2655 precibus
1611 2615 1668 2646 de·-

975 2669 1108 2698 lesmlus
1138 2665 1367 2705 Ambiorifsmn.
1396 2664 1503 2704 Epod.
1530 2665 1566 2699 5.
1604 2663 1665 2694 86:

976 2715 1065 2747 Misit
1102 2715 1268 2754 Thyesteas
1301 2722 1424 2753 preces.
1469 2730 1503 2734 —
1544 2711 1666 2752 inullis]

978 2766 1187 2804 «Pei-peram
1204 2763 1418 2794 Passeratius
1432 2761 1667 2793 substituebat
