1997 3219
354 235 433 276 434.

860 235 1024 266 HORATH
1054 234 1274 266 CARMINUM

825 567 1133 611 CARMEN
1171 570 1320 609 xv:-

520 685 728 727 Inclusam
759 685 931 725 Dana'en
962 672 1089 725 turris
1121 687 1257 725 aenea

517 765 818 821 Robustaeque
849 764 960 806 sores
991 771 1032 806 et
1061 762 1234 819 vigilum
1264 776 1416 805 canum

517 846 672 888 Tristes
704 844 909 888 excubiae
940 845 1180 886 munierant
1211 844 1312 886 satis

629 926 852 969 Nocturnis
883 925 936 967 ab
971 924 1194 973 adulteris,

523 1032 565 1073 Si
596 1045 679 1073 non
709 1031 918 1073 Acrisium
938 1029 1112 1086 virginis
1143 1028 1313 1071 abditae
1768 1030 1792 1069 5

439 1158 522 1189 XVI.
549 1158 656 1188 Inscr.
682 1155 771 1195 volg.
798 1156 848 1186 Ad
871 1155 904 1187 C.
927 1156 1167 1193 Maecenatem,
1195 1155 1230 1185 et
1253 1153 1303 1185 sic
1326 1152 1460 1184 BbSTc.
1485 1170 1518 1175 —
1546 1154 1576 1183 st.
1603 1153 1729 1184 (tanain
1752 1154 1786 1185 T.

392 1268 477 1299 XVI.
526 1268 615 1299 Cum
649 1267 862 1298 mirarentur
896 1266 1042 1298 fortasse

351 1316 524 1355 nonnulli,
563 1325 625 1347 cur
654 1316 816 1347 Horatius
841 1315 886 1346 ad
917 1323 1044 1346 conse-

350 1367 508 1408 quendas
525 1375 611 1407 opes
628 1365 723 1397 haud
739 1364 863 1396 melius
886 1366 1045 1396 uteretur

350 1417 488 1455 favore,
515 1424 585 1455 quo
609 1414 784 1455 gaudebat
811 1413 904 1454 apud
926 1415 1045 1454 Augu-

351 1468 445 1498 stum
478 1467 512 1496 et
535 1465 793 1503 Maecenatem,
830 1464 883 1494 his
912 1463 956 1494 ita
986 1472 1045 1494 re-

352 1515 524 1556 spondet,
561 1515 599 1545 ut
629 1522 691 1545 sua
720 1522 758 1545 se
784 1514 876 1544 sorte
901 1521 1044 1553 prorsus

352 1565 558 1596 contentum
582 1572 660 1595 esse
678 1562 915 1601 demonstret,
942 1561 1047 1593 adeo-

352 1623 420 1654 que
445 1622 462 1643 a
488 1611 681 1644 maioribus
706 1612 830 1643 divitiis
863 1613 1044 1651 tamquam

351 1671 459 1695 onere
498 1662 656 1692 animum
690 1669 793 1692 suum
828 1660 1042 1697 abhorrere3

351 1712 445 1753 quod
469 1712 498 1743 si
522 1712 640 1742 tamen
663 1719 820 1750 unquam
855 1709 1041 1749 contingat⁷

351 1764 388 1793 ut
417 1760 516 1802 plura
550 1758 654 1798 velit,
696 1768 734 1790 se
766 1759 801 1790 in
835 1758 1044 1790 Maecenatis

350 1812 431 1842 nota
451 1807 658 1841 liberalitate
683 1808 927 1848 acquieturum
952 1816 1041 1839 esse.

354 1878 388 1881 —
417 1859 581 1890 «Constat
606 1859 685 1898 post
709 1866 740 1888 a.
765 1857 839 1888 722.
867 1857 1045 1897 composi-

351 1911 425 1940 tum
456 1916 552 1945 esse,
591 1906 684 1946 quod
708 1907 811 1947 poeta
834 1905 950 1937 villam
975 1906 1044 1936 iam

350 1956 519 1999 possedit.
548 1956 589 1996 (v.
614 1956 665 1986 ¹25.
692 1956 758 1995 39.)
784 1957 970 1987 Praeterea
998 1953 1044 1986 nil

353 2007 396 2038 de
421 2007 535 2037 aetate
560 2005 724 2036 scimus.»
750 2005 892 2035 FRANKE.

397 2057 427 2087 4.
445 2055 620 2095 Inclusam]
639 2054 897 2085 Sententiarum
915 2062 1042 2085 nexus:

353 2106 516 2137 «Summa
530 2103 674 2144 quidem
689 2103 888 2134 divitiarum
903 2103 954 2134 vis
972 2104 1043 2141 est3

355 2156 390 2185 at
414 2153 564 2185 eaedem
589 2154 623 2184 et
651 2151 866 2184 calamitates
898 2152 1046 2183 afferunt

355 2206 390 2235 et
414 2212 534 2241 curas;
568 2202 732 2242 quocirca
755 2202 876 2242 paucis
901 2203 1047 2233 conten—

354 2254 409 2284 tus
442 2260 505 2292 ego
537 2260 618 2282 cum
642 2251 764 2282 Stoicis
793 2250 876 2282 nihil
901 2251 1048 2291 cupien-

354 2301 447 2333 tibus
483 2300 603 2332 sacio.»
640 2318 675 2322 —
708 2300 868 2341 Danaen]
908 2300 1047 2332 Fundus

356 2350 493 2382 fabulae
518 2349 612 2381 Iliad.
632 2346 653 2389 ξ
668 2373 676 2387 ,
695 2349 769 2381 319.
817 2351 904 2380 Tum
930 2349 1049 2381 confer

356 2399 541 2431 Simonidis
558 2400 680 2430 notum
696 2397 901 2438 λείψανον,
920 2399 1050 2431 Pseud—

356 2449 521 2490 euripidis
545 2449 681 2480 Danaes
709 2447 912 2488 prologum,
942 2448 1048 2489 Apol—

356 2498 425 2531 lod.
451 2500 488 2537 ⁰2,
515 2497 552 2536 4,
579 2498 609 2529 4.
647 2499 681 2529 et
704 2496 818 2529 locum
842 2498 1047 2538 primarium

358 2550 504 2580 Pausan.
531 2548 567 2586 ⁶2,
594 2547 652 2586 23,
679 2548 710 2578 7.
757 2548 890 2579 Aurum
914 2548 947 2579 in
972 2548 1046 2579 eius

358 2598 532 2639 gremium
557 2596 777 2628 descendens
793 2606 825 2627 v.
843 2598 927 2629 Mus.
946 2597 1044 2628 Borb.

357 2648 397 2678 ΙΙ.
424 2647 460 2678 Τ,
487 2646 538 2677 36.
571 2648 605 2677 et
627 2646 681 2676 Xl.
718 2646 754 2676 T.
784 2646 836 2676 ¹20¹.
871 2665 906 2668 —
946 2647 1049 2677 turris

360 2695 480 2736 aenea]
516 2693 676 2735 Sophocl.
705 2695 815 2734 Antig.
846 2694 919 2726 9125.
946 2697 1047 2726 vocat

361 2743 613 2784 χαλκοδέτους
636 2739 775 2783 αὗλάς,
816 2746 850 2775 et
878 2743 926 2776 El.
959 2745 1043 2775 381:

363 2792 557 2839 κατηρεφῆ
583 2794 729 2836 στέγην.

1138 1266 1169 1296 2.
1196 1264 1366 1305 Robustae]
1394 1263 1672 1296 «firmissimae»
1708 1266 1787 1296 Post

1093 1324 1127 1346 v.
1154 1316 1260 1346 aenea
1289 1314 1405 1345 minus
1430 1313 1596 1354 equidem
1613 1314 1790 1354 poeticum

1097 1363 1309 1395 crediderim
1325 1363 1392 1395 hoc
1406 1371 1487 1394 cum
1501 1362 1691 1394 Forcellino
1705 1362 1795 1395 aliis-

1096 1422 1164 1454 que
1190 1412 1387 1454 explicare:
1417 1421 1488 1444 «ex
1510 1412 1639 1444 robore
1664 1412 1787 1452 factae,

1097 1471 1289 1502 quernae.»

1139 1511 1169 1543 3.
1196 1511 1227 1543 4.
1256 1512 1382 1553 Tristes]
1408 1519 1566 1543 severae.
1586 1510 1683 1542 ovid.
1698 1512 1788 1542 A.A.

1096 1560 1135 1599 3,
1173 1560 1229 1592 604
1251 1571 1257 1591 :
1298 1561 1399 1591 tristis
1432 1561 1580 1591 custodia
1612 1560 1708 1591 servi.
1752 1578 1787 1582 —

1094 1610 1300 1651 munierant]
1354 1618 1396 1641 ex
1449 1609 1609 1650 opinione
1660 1608 1792 1640 scilicet

1095 1659 1227 1690 Acrisii.
1282 1659 1414 1690 Eadem
1439 1658 1699 1689 constructione
1725 1658 1787 1689 Od.

1095 1709 1131 1747 2,
1160 1709 1218 1747 47,
1243 1708 1284 1739 ⁶28
1302 1717 1307 1738 :
1345 1707 1553 1746 Sustulerat,
1586 1707 1649 1737 nisi
1671 1724 1689 1730 -
1710 1725 1729 1730 -
1745 1708 1792 1738 le-

1094 1760 1210 1788 vasset.
1251 1774 1286 1779 -
1323 1757 1499 1798 adulteris]
1541 1756 1646 1787 etiam
1677 1756 1720 1788 de
1750 1757 1791 1788 iis

1096 1807 1239 1845 dicitur,
1277 1807 1335 1847 qui
1361 1807 1531 1847 virginum
1567 1806 1715 1838 castitati
1739 1806 1789 1838 in—

1096 1856 1276 1888 sidiantur.

1139 1906 1157 1937 6
1175 1923 1193 1928 ·-
1208 1905 1239 1936 8.
1290 1904 1466 1945 pavidum]
1507 1903 1640 1935 oraculi
1678 1906 1787 1936 metu.

1095 1953 1254 1995 Apollod.
1273 1953 1294 1985 l.
1313 1953 1356 1985 1.·.
1383 1953 1742 1998 χρηστηριαζομένῳ
1770 1948 1792 1984 ὁ

1095 2001 1185 2043 θεὸς
1201 1999 1277 2045 ἔφη
1291 2000 1523 2045 γενήσεσθαι
1537 2000 1654 2034 παῖδα
1669 2002 1711 2034 ἐκ
1724 1999 1794 2044 τῆς

1096 2050 1304 2098 θυγατρός,
1325 2048 1369 2091 ὃς
1384 2047 1502 2083 αὐτὸν
1517 2047 1738 2096 ἀποκτείνῃ.
1753 2070 1789 2074 -

1095 2103 1166 2143 fore
1181 2102 1278 2142 enim]
1294 2110 1363 2133 «sc.
1375 2100 1565 2132 sciebant.»
1588 2100 1636 2132 Gl.
1654 2100 1738 2132 Cod.
1754 2101 1790 2131 T.

1099 2152 1230 2193 «probe
1259 2152 1352 2183 enim
1378 2150 1537 2183 sciebant
1558 2149 1792 2190 dicebantque

1097 2203 1187 2233 inter
1204 2210 1242 2233 se
1260 2200 1397 2232 facilem
1418 2200 1490 2231 sore
1512 2199 1644 2230 aditum
1662 2199 1706 2230 ad
1723 2199 1794 2231 vir-

1099 2252 1215 2291 ginem
1245 2251 1315 2282 Iovi
1344 2251 1377 2281 in
1409 2257 1534 2281 aurum
1558 2250 1727 2280 mutato.»
1756 2266 1791 2270 —

1098 2301 1132 2331 in
1143 2300 1299 2340 pretium]
1327 2299 1380 2330 «in
1393 2307 1529 2337 aurum,
1549 2306 1618 2338 quo
1638 2305 1794 2329 corrum-

1097 2350 1267 2390 perentur
1283 2348 1481 2380 custodes.»
1512 2346 1738 2387 Asclepiades
1756 2347 1791 2378 in

1099 2397 1280 2430 Anth.Pal.
1301 2399 1324 2428 1.
1343 2406 1379 2438 p.
1398 2397 1482 2428 1¹02:
1508 2393 1598 2435 Ζεῦ,
1617 2392 1679 2427 διὰ
1700 2393 1792 2433 χαλ-

1099 2448 1208 2479 κείων
1227 2443 1370 2492 χρυσὸς
1387 2442 1471 2485 ἔδυς
1488 2443 1686 2487 θαλάμων.
1703 2445 1792 2476 Cum

1099 2496 1165 2528 levi
1190 2497 1359 2541 εἰρωνείᾳ
1389 2497 1497 2526 totam
1526 2495 1616 2526 hanc
1640 2492 1791 2526 fabulam

1099 2547 1222 2577 tractat
1239 2547 1306 2577 iam
1324 2545 1505 2582 l·loratius;
1524 2545 1638 2575 minus
1656 2542 1790 2574 urbane

1097 2596 1309 2636 posteriores
1344 2595 1468 2634 poetae
1501 2594 1613 2634 ipsam
1646 2593 1791 2623 Danaen

1099 2654 1182 2677 auro
1208 2646 1410 2685 corruptam
1433 2644 1592 2681 narrant,
1624 2643 1663 2672 ut
1689 2641 1787 2673 Ovid.

1098 2698 1174 2726 Am.
1194 2696 1230 2733 3,
1248 2696 1284 2733 8,
1303 2695 1362 2726 33:
1397 2694 1461 2725 Sed
1472 2696 1646 2732 postquam
1662 2691 1792 2730 sapiens

1096 2745 1131 2776 in
1160 2753 1300 2776 munera
1328 2744 1414 2775 venit
1451 2742 1598 2780 adulter,
1638 2740 1790 2772 Praebuit

1097 2794 1169 2833 ipsa
1185 2794 1274 2825 sinus
1296 2796 1325 2824 et
1341 2793 1422 2824 dare
1436 2792 1524 2823 iussa
1541 2791 1636 2823 dedit.
1664 2788 1789 2822 Paulus
