1997 3219
322 205 339 244 ,l
349 205 402 245 :1514-

826 207 993 238 llOleTil
1020 208 1240 240 CARMINUM

548 309 612 350 Me
644 308 780 350 lentus
812 307 1018 365 Glycerae
1050 315 1179 350 torret
1210 322 1329 349 amor
1360 322 1491 350 meae.

326 465 424 501 mini,
458 472 672 503 quamquam
702 462 795 494 haud
822 472 899 493 raro
924 462 1016 502 apud

324 514 513 553 scriptores
550 515 581 543 et
619 513 651 543 in
687 513 858 552 Inscripti.
894 511 1015 548 obvio,

325 561 422 593 multi
458 561 588 593 librarii
625 562 739 593 notius
772 562 878 592 etiam
909 561 1021 592 Clefloe's

324 620 453 642 nomen
470 611 736 642 substituerunt.
773 611 841 650 (αἴῃ
867 611 1019 641 nomini-

322 660 390 692 bus
415 660 448 691 id
473 661 624 691 maxime
650 659 775 691 lusisse
801 661 952 700 poetam,
984 662 1021 690 ut

326 710 484 750 personis
513 710 613 750 ipsis,
650 708 886 749 temporibus,
912 707 1020 739 rebus

326 765 433 798 quam
468 757 832 789 accommodatissima
881 758 1018 795 essent,

327 816 367 838 ex
391 806 550 847 plurimis
575 805 744 847 exemplis
774 807 917 846 cogitur.
966 806 1020 837 Sic

326 856 455 887 factum
481 857 548 893 est7
582 857 619 886 ut
643 856 874 896 apparantem
900 855 1020 886 eonvi-

324 905 422 935 vium
448 903 846 945 Τὴαίὶα1·61ιαηι(ι9αλίας
871 900 1018 949 ἀρχόν),

325 961 449 984 senem
463 962 643 985 morosum
658 955 762 994 atque
780 954 1021 994 importunum

326 1002 451 1040 Lycum
466 1002 467 1005 ’
482 1001 580 1042 (alter
609 1003 780 1043 Iseyrimm
794 1002 830 1043 J),
866 1002 1022 1042 turpicu-

1067 463 1326 502 superstitiosas
1353 465 1386 494 ut
1411 465 1596 494 Leuconoas
1622 462 1758 503 ςλῑ-υκαὶ

1068 511 1219 555 ([ρείἐς,
1246 510 1385 543 stultitia
1402 512 1420 551 l}
1436 538 1442 547 ,
1469 512 1600 552 puellas
1619 513 1761 544 vixdum

1069 561 1142 591 viro
1166 561 1396 601 tempestivas
1432 561 1548 592 Chloas
1582 562 1760 600 [feminam

1069 608 1258 641 iuvenilem
1307 609 1456 649 Rhodon]
1512 612 1549 640 ut
1599 611 1732 641 dixerit.
1748 624 1761 636 υ

1069 659 1208 698 NAUCK.)
1243 676 1280 680 —
1318 658 1436 698 lentus]
1476 659 1551 690 Non
1586 661 1637 690 est
1675 659 1762 690 «iam

1069 707 1223 748 frigidior
1258 707 1414 745 faetus»,
1452 709 1489 738 ut
1521 707 1641 739 volunt
1675 716 1763 739 non-

1070 756 1168 795 nulli,
1207 765 1288 788 nam
1313 765 1422 797 prope
1447 755 1632 788 ridiculum
1657 757 1761 788 foret:

1072 805 1234 845 «frigidus
1258 806 1327 836 iam
1352 806 1386 837 et
1413 804 1642 845 languescens
1666 814 1766 836 amor

1070 863 1127 886 me
1151 856 1298 893 torret.‚»
1333 854 1395 886 sed
1420 853 1581 894 «longus,
1609 855 1668 894 qui
1695 854 1766 885 len-

1073 907 1104 936 te
1133 904 1319 936 absumit.»
1347 903 1407 935 Od.
1440 906 1469 941 sl,
1498 905 1555 942 113,
1583 905 1618 936 8:
1659 906 1765 944 Quam

1071 954 1163 984 lentis
1181 954 1312 993 penitus
1333 962 1483 984 macerer
1510 953 1656 993 ignibus,
1689 953 1762 984 Tib.

1074 1005 1107 1041 11,
1135 1003 1173 1042 4,
1200 1003 1257 1034 81:
1291 1003 1360 1034 Heu
1383 1004 1444 1034 Ιιοιι
1469 1011 1569 1042 quam
1592 1003 1768 1034 Marathus

326 1050 400 1082 lum
413 1050 649 1082 feneratorem
657 1051 809 1090 Alphiwn
819 1047 1021 1091 (ἀλφαίνω)

327 1098 471 1136 secerit;
498 1100 562 1137 sie,
589 1099 791 1139 loquaculas
809 1102 846 1131 ut
862 1101 1022 1140 Lampas,

328 1147 474 1180 tenellas
504 1150 541 1179 ut
568 1149 713 1187 Lyctias,

1072 1054 1156 1084 lento
1179 1061 1230 1083 me
1253 1054 1381 1091 torquet
1410 1053 1559 1089 amores,
1597 1051 1655 1083 ubi
1683 1060 1767 1092 pro—

1074 1102 1152 1140 pter
1176 1101 1305 1131 Horatii
1337 1100 1454 1131 locum
1481 1101 1622 1132 minime
1648 1099 1767 1140 legen-

754 1149 957 1189 insipientes
982 1157 1023 1180 ac
1075 1149 1159 1180 dum
1184 1153 1297 1180 torret.

809 1395 1293 1433 ExcURSUs

955 1483 1140 1514 Anv.t3.

425 1599 511 1631 Olim
529 1602 670 1631 secutus
689 1608 787 1630 eram
804 1600 1076 1632 Scholiastarum
1093 1600 1431 1640 interpretationem:
1454 1602 1606 1632 «Novem
1624 1602 1770 1641 cyathos

334 1655 398 1685 sibi
424 1655 537 1694 poscit
559 1656 663 1695 poeta
688 1652 958 1694 ἐνθουσιάζων.
1007 1656 1116 1695 Supra
1142 1664 1270 1686 novem
1287 1656 1405 1686 autem
1428 1656 1456 1686 si
1479 1655 1656 1688 addideris
1681 1659 1767 1695 tres⁷

334 1709 522 1740 duodecim
540 1709 651 1749 epotis
669 1709 787 1741 ebrius
804 1710 914 1741 factus
932 1709 1030 1741 facile
1047 1709 1182 1741 incides
1200 1710 1233 1740 in
1251 1709 1359 1747 rixas,
1386 1719 1403 1740 a
1429 1710 1557 1750 quibus
1580 1711 1769 1744 abhorrent

332 1765 485 1803 Gratiae,
506 1764 539 1795 id
557 1765 625 1801 est,
646 1772 736 1804 quae
755 1765 848 1795 rixae
865 1766 946 1796 sunt
963 1765 1160 1796 contrariae
1177 1773 1282 1795 verae
1306 1763 1490 1797 laetitiae.»
1531 1766 1770 1806 Exposueram

334 1820 452 1858 igitur⁷
479 1820 517 1850 ut
540 1818 753 1857 arbitrabar,
788 1820 946 1860 apposite
972 1819 1016 1851 ad
1041 1820 1153 1860 ipsam
1182 1828 1236 1850 vv.
1257 1818 1543 1852 collocationem:
1581 1825 1646 1852 tres
1669 1831 1772 1861 supra

333 1883 466 1912 novem,
492 1883 561 1905 non
586 1875 623 1905 ut
647 1874 880 1906 recentiores:
908 1884 1013 1914 supra
1038 1877 1114 1906 tres.
1162 1874 1358 1906 Duodecim
1382 1877 1501 1907 autem
1519 1877 1635 1915 cyathi
1653 1879 1771 1908 sexta—

333 1930 422 1960 rium
457 1927 645 1969 complent.
693 1930 743 1960 lta
776 1931 990 1969 Augustum,
1029 1930 1153 1969 quoties
1185 1930 1368 1970 larqissime
1401 1939 1434 1961 se
1468 1932 1641 1970 invitaret,
1682 1941 1772 1963 senos

331 1987 495 2015 sectantes
530 1984 742 2024 (sextarium)
785 1994 851 2015 non
885 1985 1057 2016 excessisse
1091 1986 1212 2016 auctor
1247 1987 1300 2017 est
1339 1986 1524 2017 Suetonius
1560 1987 1677 2018 OctaV.
1716 1988 1767 2018 77.

333 2041 453 2079 Neque
488 2048 574 2070 vero
609 2040 676 2071 hoe
712 2039 816 2077 dicit,
858 2041 962 2080 epoto
993 2048 1012 2071 a
1037 2039 1180 2080 singulis
1205 2041 1356 2072 sextario
1382 2050 1525 2082 semper
1547 2042 1639 2073 rixas
1664 2043 1768 2080 oriri,

333 2094 396 2126 sed
419 2094 616 2135 periculum
641 2103 740 2133 esse,
777 2103 820 2126 ne
846 2096 1012 2126 oriantur.
1063 2096 1126 2133 Qui
1150 2096 1424 2136 interpretantur
1447 2105 1549 2135 supra
1578 2100 1665 2135 tres,
1704 2106 1771 2128 non

334 2150 455 2181 vident
477 2159 603 2191 parum
628 2150 862 2189 concinnam,
900 2151 1007 2181 immo
1032 2149 1215 2181 ridiculam
1241 2159 1319 2183 esse
1344 2151 1575 2183 sententiam:
1619 2153 1771 2184 «Novem

335 2214 399 2245 ego
423 2205 544 2236 bibam
569 2206 738 2245 cyathos,
766 2206 830 2237 etsi
854 2205 965 2246 probe
991 2206 1063 2238 scio
1090 2206 1223 2237 Gratias
1247 2206 1339 2247 ipsas
1365 2206 1504 2246 (quibus
1528 2208 1606 2247 quis
1631 2207 1771 2238 tandem

335 2261 443 2300 magis
468 2260 715 2301 obtemperare
741 2260 848 2292 debet
872 2269 977 2301 quam
1001 2262 1104 2302 poeta
1117 2261 1143 2300 Ῠ)
1168 2262 1312 2299 vetare,
1340 2270 1383 2293 ne
1409 2262 1599 2293 ternarium
1625 2262 1772 2301 cyatho—

334 2324 411 2347 rum
436 2324 624 2347 numerum
648 2316 883 2354 excedamus3
921 2315 1025 2348 nihilo
1050 2316 1164 2348 secius
1189 2325 1272 2356 ego,
1309 2317 1415 2348 etiam
1447 2317 1600 2348 rixarum
1626 2317 1769 2348 minime

335 2372 514 2409 metuens,
552 2370 679 2411 largius
703 2380 760 2402 me
786 2371 960 2411 invitabo,
993 2372 1163 2412 quidquid
1188 2371 1268 2403 inde
1303 2370 1384 2403 mali
1420 2373 1585 2403 orietur.»
1639 2373 1771 2409 Quam-

333 2434 440 2465 quam
476 2425 730 2457 recentioribus
773 2427 805 2457 in
841 2427 913 2457 tam
948 2427 1035 2458 mira
1077 2427 1293 2467 expositione
1336 2428 1493 2467 praeisse
1529 2427 1668 2459 videtur
1702 2428 1769 2458 iam

335 2481 506 2513 Ausonius
542 2482 576 2511 in
600 2481 741 2521 Grypho
779 2482 919 2512 ternarii
956 2482 1092 2513 numeri
1117 2481 1215 2522 ldyll.
1245 2483 1316 2521 it,
1358 2490 1465 2522 quem
1495 2482 1560 2513 bac
1593 2481 1711 2522 ecloga
1737 2483 1770 2512 in

335 2536 479 2567 Praesat.
507 2536 637 2568 diserte
662 2539 857 2568 memorata
881 2538 931 2568 sic
967 2537 1107 2577 incipit:
1152 2538 1210 2569 Ter
1241 2538 1310 2569 bibe
1340 2538 1389 2568 vel
1416 2538 1531 2568 tociens
1561 2541 1689 2568 ternos:
1727 2537 1772 2567 sic

335 2591 473 2629 mystica
489 2591 542 2622 lew
558 2595 612 2623 est.
641 2591 740 2629 Quod
758 2593 876 2622 autem
894 2594 1107 2624 Graecorum
1123 2595 1307 2633 poetarum
1324 2592 1418 2624 locos
1436 2591 1622 2634 appellant,
1645 2591 1772 2631 quibus

335 2647 420 2677 intra
446 2647 584 2677 tertium
603 2646 767 2687 poculum
785 2646 978 2679 subsistere
996 2647 1175 2684 iubemur,
1203 2647 1283 2679 nihil
1308 2648 1444 2683 attinet,
1472 2655 1553 2679 eum
1578 2645 1653 2678 talia
1674 2647 1772 2686 (ratio

336 2702 421 2731 meri
448 2710 528 2733 cum
553 2711 642 2742 aqua
668 2702 838 2734 miscendi
864 2702 1043 2744 multiplex
1068 2703 1160 2744 apud
1184 2704 1308 2735 Athen.
1337 2703 1388 2734 40.
1419 2712 1452 2743 p.
1477 2701 1549 2733 4:26.
1569 2710 1668 2741 seqq.
1688 2699 1771 2732 ἰ”σοιι

335 2754 420 2798 ἴσῳ,
458 2757 564 2788 πέντε·
596 2757 657 2789 καὶ
687 2754 777 2796 δύο,
805 2758 960 2803 τέτταρα
984 2759 1048 2790 καὶ
1071 2757 1155 2797 δύο,
1183 2755 1277 2790 κατὰ
1302 2755 1370 2790 δύο
1396 2757 1457 2789 καὶ
1481 2759 1578 2801 τρεῖς
1603 2752 1770 2800 ἀκράτου
