1997 3219
285 176 364 217 708

792 175 960 206 ΗΟΒΑΤΙΙ
987 174 1209 207 CARMINUM

396 280 481 324 Sed
512 279 619 322 alius
651 279 780 321 ardor
810 286 882 321 aut
910 277 1078 335 puellae
1110 277 1318 320 candidae

450 362 531 403 Aut
560 359 705 403 teretis
734 360 868 420 pueri·
886 359 1056 416 longam
1089 357 1334 400 renodantis
1366 371 1542 400 comam.

369 511 422 544 27.
448 510 550 542 arbor
571 510 608 542 T.
637 526 674 533 —
699 510 752 542 28.
776 510 1025 541 redonantis·T.

277 657 363 689 puer
384 651 414 680 et
438 656 539 687 quam
562 647 769 687 perlucidum
792 645 849 677 tibi
870 654 977 685 pocu-

281 699 350 729 lum
371 698 544 738 porriyat,
580 705 646 728 non
673 696 753 727 sitis.
796 695 976 727 Contraria

281 747 532 788 significatione
565 745 724 777 Valerius
760 744 903 777 Flaccus
932 745 973 783 5,

282 797 357 828 380.
383 797 530 828 Dianam
545 796 742 827 renodatam
753 794 922 834 pharetris
937 802 977 824 ac

277 855 361 886 pace
381 846 544 886 fruentem
566 846 684 883 vocat,
711 852 801 884 quae
826 842 927 875 solvit
943 844 977 874 et

282 895 446 936 deposuit
469 895 618 926 humero
642 895 857 935 pharetram.
905 894 976 924 Nee

282 948 400 977 tamen
424 946 613 986 propterea
637 952 719 975 eum
743 942 817 974 aliis
842 943 897 974 hie
915 952 977 974 ex-

281 993 431 1035 plicem:
474 992 667 1025 «solventis
703 1001 887 1029 eoma1n;»
919 994 977 1023 ut-

280 1044 363 1084 pote
388 1044 446 1083 qui
472 1041 637 1074 naturalis
661 1050 785 1074 comae
806 1041 892 1073 situs
917 1041 973 1079 sit,

1028 653 1136 685 quem
1166 652 1448 676 commemorare
1481 642 1562 674 nihil
1596 643 1722 674 attine-

1027 694 1107 733 hat,
1144 702 1224 725 cum
1252 692 1535 734 qualemcunque
1560 694 1722 724 ornatum

1027 744 1222 784 significare
1247 742 1347 783 longe
1371 743 1578 784 praestaret.
1616 744 1723 773 Prae-

1029 796 1124 825 terea
1148 793 1320 834 repugnat
1343 791 1499 832 analogia
1523 801 1554 822 v.
1582 792 1724 831 reliyare

1027 843 1143 874 crines.
1183 841 1256 882 (Οά.
1284 842 1319 879 ’1,
1346 843 1385 879 5,
1421 841 1452 873 4.
1494 841 1530 879 ΞΣ,
1569 841 1628 880 Μ,
1666 840 1720 872 24.

1028 891 1066 930 4,
1094 892 1153 930 Μ,
1180 891 1224 931 5.)
1253 890 1325 922 Alia
1350 899 1408 922 res
1433 892 1486 922 est
1509 889 1570 921 Od.
1597 889 1634 927 4,
1664 890 1720 927 40,

1028 942 1073 980 3.‚
1100 940 1161 972 ubi
1185 941 1228 972 de
1255 941 1384 978 comis,
1412 948 1496 979 (suae
1518 948 1604 970 nunc
1629 939 1722 970 int-0-

1027 991 1123 1022 lz'taat
1156 990 1314 1027 humeris,
1355 989 1526 1030 praedicit
1559 988 1648 1025 sore,
1686 990 1720 1019 ut

1029 1039 1215 1081 aliquando
1240 1040 1458 1071 resecentur.
