1997 3219
726 175 800 205 ΜΒ.
828 174 880 205 iv.
930 175 966 204 c.
992 173 1060 205 xv.
1571 169 1642 209 621

699 504 1008 544 cmlv
1047 503 1167 542 XV.

442 617 636 660 Phoebus
666 617 878 660 volentem
911 616 1074 672 proelia
1105 629 1173 658 me
1204 615 1318 671 loqui

439 699 574 741 Victas
606 705 647 740 et
677 697 804 740 urbes
836 697 1046 753 increpuit
1081 696 1193 754 lyra,

494 780 554 821 Ne
585 792 715 834 parva
747 777 1011 835 Tyrrhenum
1041 790 1119 833 per
1149 789 1313 832 aequor

550 858 649 901 Vela
679 858 838 901 darem.
900 859 1006 904 Tua,
1041 858 1218 905 Caesar,
1252 863 1369 898 aetas

299 967 369 998 XV.
397 967 503 998 Inscr.
530 964 619 1005 volg.
645 965 783 1006 Augusti
807 964 930 996 laudes.
970 981 1006 986 —
1046 963 1096 996 Aa
1119 963 1231 995 divum
1252 955 1435 1004 Auyustmn
1457 961 1537 994 bSc.
1568 979 1601 985 -—

256 1017 330 1048 Orn.
350 1017 386 1048 T.
409 1034 441 1040 —
464 1017 494 1048 2.
515 1016 691 1055 increpuit,
721 1015 813 1054 lyra„
843 1015 892 1046 Nc
907 1013 1060 1046 distinxit
1075 1013 1288 1045 Torrentius.
1321 1031 1353 1034 —
1386 1011 1418 1044 4.
1449 1012 1606 1044 daremus

257 1069 315 1097 lua
338 1066 372 1096 T.

253 1158 322 1189 XV.
361 1158 531 1195 Quartum
556 1157 753 1188 carminum
776 1155 905 1188 librum

211 1216 293 1238 cum
318 1206 474 1238 editurus
500 1209 612 1243 esset,
643 1215 754 1247 prope
778 1214 906 1237 neces-

210 1257 342 1288 sarium
367 1258 460 1294 erat,
494 1258 531 1287 ut
555 1258 635 1297 post
665 1256 768 1287 Drusi
791 1257 827 1286 et
850 1255 906 1286 Ti·

210 1305 298 1336 berii
342 1305 464 1337 laudes
509 1305 665 1346 epilogus
708 1305 906 1336 contineret

210 1354 332 1386 laudes
357 1355 501 1395 Augusti
526 1356 707 1395 tamquam
730 1354 827 1394 pacis
850 1354 905 1384 at-

210 1413 278 1444 que
312 1405 370 1435 otii
405 1403 533 1444 publici
571 1404 742 1442 auctoris⁷
783 1404 903 1443 utpote

215 1463 284 1494 quo
302 1455 353 1485 rei
371 1453 533 1495 publicae
550 1454 724 1495 principe,
754 1453 905 1484 coercita

213 1504 356 1534 tandem
374 1512 514 1535 morum
532 1503 769 1544 corruptione,
789 1502 904 1534 denuo

214 1552 482 1584 efflorescerent
506 1553 620 1584 bonae
645 1555 739 1584 artes
767 1560 908 1583 omnes-

211 1610 279 1642 que
296 1602 442 1633 Romani
467 1603 556 1633 vitae
580 1601 787 1642 tranquillae
805 1609 905 1632 com-

208 1651 322 1682 modis
351 1650 455 1692 plena
487 1659 568 1682 cum
598 1651 787 1682 securitate
819 1659 905 1690 gau—

209 1699 347 1731 derent.
381 1701 544 1732 Massono
562 1702 706 1731 auctore
725 1699 903 1741 plerisque

208 1749 276 1780 hoc
306 1758 450 1781 carmen
478 1758 508 1780 a.
536 1758 569 1780 u.
597 1758 627 1781 c.
654 1748 728 1781 744.
755 1756 904 1789 compo-

209 1799 314 1829 situm
338 1797 535 1837 videbatur,
562 1798 627 1830 sed
651 1798 783 1829 Franke
801 1798 846 1829 ad
869 1806 900 1828 a.

208 1848 325 1888 potius
357 1846 432 1879 741,
463 1848 544 1887 post
573 1847 728 1878 reditum
758 1847 903 1886 Augusti

209 1896 434 1928 referendum
452 1904 530 1927 esse
551 1895 824 1933 demonstravit,
851 1904 905 1926 ra-

208 1946 362 1978 tionibus
378 1946 498 1986 utique
517 1945 711 1976 admodum
734 1943 904 1985 probabi-

207 1995 298 2028 libus
314 2003 416 2033 usus,
437 1995 501 2026 nisi
520 1994 613 2035 quod
633 2002 667 2034 p.
691 1994 765 2024 2029.
785 1993 904 2025 subdi-

207 2046 285 2077 ticia
308 2045 530 2085 inscriptione
550 2044 757 2075 Emeritensi
779 2052 816 2075 se
845 2043 905 2075 de-

208 2095 274 2135 cipi
293 2102 418 2135 passus
432 2095 495 2125 est.
518 2093 579 2133 (Ad
593 2102 622 2124 a.
639 2101 672 2124 u.
689 2091 778 2130 745„
798 2092 905 2124 Hora-

208 2144 243 2175 tii
260 2142 438 2181 ultimum‚
458 2145 537 2184 post
554 2143 674 2173 lanum
692 2141 794 2173 tertio
811 2140 904 2172 clau—

208 2201 299 2230 sum,
319 2192 426 2223 refert
443 2192 570 2223 Grotet.
591 2190 737 2223 Sedxid.
753 2190 797 2221 ad
813 2199 845 2221 v.
858 2190 902 2229 9.)

252 2241 324 2273 4-4.
340 2241 479 2282 proelia]
497 2241 640 2281 Augusti
661 2240 902 2280 expeditiones

210 2290 394 2328 militarem
414 2299 501 2331 quas
518 2299 599 2321 cum
616 2288 798 2321 celebrare
816 2298 904 2320 nun—

208 2349 316 2380 quam
346 2340 501 2371 animum
525 2339 718 2371 induxisset
740 2339 812 2378 (cfr.
834 2339 901 2370 iam

207 2389 269 2420 Od.
298 2390 332 2427 4,
370 2391 437 2428 tis),
476 2390 654 2429 ingeniose
691 2389 724 2419 h.
757 2387 778 2419 Ι.
806 2388 902 2427 tingit

208 2439 274 2469 lioc
303 2438 368 2469 sibi
398 2438 441 2469 al)
467 2437 622 2479 Apolline
654 2438 730 2478 ipso
755 2437 902 2468 interdi-

207 2489 303 2519 ctum
328 2496 418 2519 esse.
449 2506 482 2509 —
510 2488 669 2526 increpuit
693 2487 779 2528 lyra]
808 2485 900 2526 “lyra

207 2536 340 2579 plectro
375 2537 464 2568 tac-til
502 2537 567 2567 lioc
592 2546 634 2567 ne
660 2536 814 2567 facerem
838 2544 901 2567 ve-

208 2587 304 2618 tuit.»
331 2585 403 2618 Noli
430 2587 572 2626 iungere
590 2586 677 2625 loqui
699 2586 791 2624 lyra2
819 2594 899 2616 nam

208 2646 239 2667 v.
267 2637 428 2675 increpuit
451 2636 597 2676 requirit
613 2635 803 2673 ἐπίθετον,
830 2644 900 2674 quo

208 2687 278 2717 tota
303 2686 415 2726 imago
439 2684 498 2716 liat
521 2686 674 2726 poetica:
706 2685 826 2716 contra
851 2685 900 2715 lo-

208 2735 263 2774 qui
287 2736 321 2766 et
345 2735 451 2768 dicere
473 2743 537 2776 per
561 2742 599 2766 se
615 2734 788 2775 significat
805 2742 900 2766 «car-

956 1156 1050 1188 mine
1079 1154 1295 1187 eelebrare».
1337 1153 1499 1186 Similiter
1527 1152 1648 1194 Apollo

957 1205 1112 1237 deterret
1142 1204 1186 1237 ab
1220 1205 1358 1246 incepto
1389 1204 1492 1235 nimis
1520 1202 1650 1235 difficili

955 1253 1135 1295 Virgilium
1159 1253 1229 1286 Eol.
1256 1255 1294 1293 6,
1321 1253 1356 1285 3:
1395 1254 1476 1285 Cum
1498 1262 1651 1284 canerem

954 1312 1048 1344 reyes
1085 1306 1115 1335 et
1146 1304 1297 1343 proelia,
1339 1303 1496 1342 Cynthius
1533 1311 1651 1333 aurem

959 1353 1049 1384 Velm
1063 1356 1093 1385 et
1109 1353 1296 1390 admonuit3
1322 1353 1406 1383 item
1428 1352 1651 1393 Propertium

955 1403 994 1441 3,
1021 1403 1058 1441 3,
1087 1402 1153 1441 43.;
1181 1403 1384 1434 exhortatur
1399 1401 1444 1433 ad
1466 1401 1652 1442 perficien-

956 1452 1040 1484 dum
1065 1461 1154 1493 opus
1179 1452 1340 1483 Ovidium
1362 1454 1401 1483 A.
1427 1452 1465 1482 A.
1493 1451 1531 1490 2,
1565 1450 1647 1483 493:

954 1503 1041 1534 Haec
1064 1511 1122 1542 eqo
1146 1511 1220 1533 cnm
1243 1510 1412 1540 canerem,
1448 1500 1552 1533 subito
1573 1509 1650 1532 ma—

955 1552 1089 1592 nifestus
1109 1550 1222 1591 Apollo
1245 1551 1349 1583 Movit
1374 1551 1553 1582 inauratae
1578 1551 1651 1590 pol-

954 1602 1013 1633 lice
1033 1601 1093 1641 fila
1116 1601 1228 1639 lyrae:
1252 1618 1271 1623 -
1291 1618 1310 1622 -
1332 1601 1363 1631 Is
1385 1600 1482 1639 mihi,
1506 1600 1648 1639 Lascivi,

955 1651 1057 1689 dia-it,
1086 1653 1285 1690 praeceptor
1307 1650 1449 1687 amoris,
1486 1650 1560 1680 Duc
1588 1658 1651 1690 aye

954 1700 1129 1739 discipulos
1161 1700 1205 1730 ad
1238 1708 1311 1730 mea
1343 1699 1464 1738 templa
1498 1702 1580 1730 tuos.
1611 1716 1646 1721 ——

949 1758 1062 1789 parva
1078 1767 1096 1771 -
1111 1767 1129 1772 —
1150 1749 1235 1790 Vela]
1262 1750 1441 1789 Frequens
1458 1748 1650 1788 navigatio-

954 1799 1007 1831 nis
1039 1808 1121 1830 cum
1151 1798 1262 1830 libero
1293 1799 1451 1838 poeticae
1478 1796 1649 1829 facultatis

954 1848 1053 1889 quasi
1078 1856 1184 1879 cursu
1208 1848 1435 1888 comparatio.
1473 1847 1566 1886 Virg.
1586 1847 1646 1877 Ge.

953 1898 990 1934 ⁵2,
1017 1896 1052 1928 lii
1069 1906 1076 1927 ε
1096 1897 1282 1937 pelagoque
1303 1896 1418 1928 volans
1433 1896 1476 1927 da
1497 1896 1571 1927 vela
1582 1904 1651 1935 pa-

953 1946 1041 1977 tenti.
1069 1945 1166 1976 Ovid.
1193 1946 1293 1976 Trist.
1320 1946 1357 1984 2,
1383 1945 1462 1976 328:
1488 1945 1562 1976 Non
1578 1945 1650 1975 idco

954 1994 1042 2026 debet
1061 1994 1181 2035 pelayo
1197 2003 1230 2026 se
1244 1995 1386 2033 credere,
1412 1995 1439 2024 si
1463 2003 1532 2033 qna
1547 1993 1651 2025 Audet

954 2044 988 2075 in
1010 2044 1131 2084 caci-quo
1154 2044 1266 2075 ludere
1295 2044 1411 2082 cymba
1441 2043 1527 2074 lacn.
1569 2043 1648 2074 Sine

954 2093 1124 2132 imagine:
1154 2093 1320 2130 «monuit,
1340 2102 1383 2124 ne
1402 2092 1573 2123 auderem
1590 2100 1648 2124 res

954 2150 1096 2182 graves.
1124 2150 1242 2173 meum
1268 2142 1446 2181 ingenium
1471 2140 1649 2172 exceden-

955 2194 1024 2229 tes,
1066 2200 1192 2222 canere
1232 2191 1349 2230 itaque
1386 2191 1513 2231 Mayna
1545 2190 1649 2221 modis

954 2243 1090 2271 tenuare
1109 2240 1236 2279 parvis.
1267 2240 1346 2279 (Od.
1373 2239 1409 2277 3,
1444 2233 1482 2278 3,
1515 2238 1581 2278 72.)
1611 2257 1646 2262 —

958 2291 1043 2329 Tua,
1080 2289 1221 2328 Cacsar,
1255 2288 1357 2329 actas]
1393 2290 1522 2329 Aperta
1559 2288 1650 2319 adu-

953 2339 1079 2371 latione
1112 2339 1216 2370 vitata
1250 2338 1392 2377 Augusti
1425 2337 1530 2368 aetati
1555 2335 1649 2368 velut

953 2397 1081 2420 aureae
1098 2387 1234 2426 tribuit,
1262 2396 1351 2427 quae
1374 2387 1516 2427 proprie
1541 2386 1648 2426 ipsius

954 2439 1064 2469 erant.
1101 2438 1187 2477 (Nou
1205 2438 1259 2468 est
1275 2438 1393 2467 autem
1409 2435 1465 2466 hic
1483 2433 1648 2475 Apollinis

953 2489 1094 2526 cantus,
1114 2489 1152 2518 ut
1168 2494 1343 2517 nonnemo
1361 2494 1472 2526 nuper
1485 2485 1648 2525 opinatus

953 2538 1022 2575 est,
1048 2536 1111 2567 sed
1137 2536 1265 2567 lloratii
1291 2535 1416 2575 ipsius,
1455 2536 1488 2565 et
1509 2535 1649 2565 senten-

953 2586 1018 2617 tiae
1043 2586 1092 2617 sic
1116 2594 1154 2617 se
1179 2584 1370 2624 excipiunt:
1400 2584 1509 2614 «Cum
1527 2581 1647 2623 Apollo

953 2643 1008 2666 me
1033 2634 1164 2675 proclia
1187 2634 1304 2664 (licere
1330 2633 1495 2670 vetuerit,
1523 2640 1647 2663 canam

952 2684 1060 2716 otium
1080 2694 1120 2714 ac
1140 2682 1337 2715 felicitatem
1359 2681 1552 2722 publicam,
1579 2690 1645 2722 qua

952 2733 1018 2765 sul»
1044 2735 1200 2773 Augusto
1225 2741 1317 2764 nunc
1345 2732 1537 2768 fruianum»)
