1997 3219
706 175 781 206 Ltss.
810 174 846 204 ll.
895 174 932 203 (Ζ.
959 173 1026 203 Vll.

410 278 492 320 Sed
524 291 590 320 me
623 291 698 333 per
731 278 872 319 hostes
903 274 1137 318 Mercurius
1168 273 1283 316 celer

412 359 554 400 Denso
586 364 811 414 paventem
843 356 1011 398 sustulit
1041 360 1159 404 a‘ere3

278 515 324 546 ¹3.
349 515 446 546 hostis
468 515 553 545 BsT.

194 675 227 679 —-
247 657 398 697 nitriaces]
424 657 504 695 quia
522 656 623 686 nimis
641 656 725 686 certi
746 654 883 686 fuerant

188 706 364 736 xit-toriae.
414 706 462 736 De
496 703 589 735 voltu
623 704 748 735 minaci
776 704 881 734 etiam

190 756 460 795 prostratorum.
507 755 543 784 ut
591 752 652 784 fuit
695 751 878 790 Catilinae,

191 805 276 834 liuec
307 803 417 843 accipi
448 804 639 842 nequeunt.
682 802 751 834 Cfr.
778 801 822 832 ad
846 809 878 831 v.

190 862 263 893 seq.
313 854 360 884 De
385 853 475 883 vitiis
499 853 624 883 harum
640 852 791 892 partium
809 850 879 881 vid.

192 902 365 934 Plutarchi
389 902 483 933 Brut.
511 910 539 932 c.
567 901 681 932 30-35.

237 952 287 982 ¹2.
318 951 421 990 Turpe
443 950 556 991 solum]
583 951 653 981 Nec
676 958 740 990 pro
765 947 882 980 excla-

194 1001 343 1031 matione
368 1009 400 1031 v.
427 1004 522 1039 turpe
547 1000 595 1039 (ut
619 1002 671 1031 est
694 1000 727 1030 in
753 999 884 1039 tugien-

194 1053 246 1080 tes
270 1049 362 1089 apud
380 1048 434 1079 Sil.
454 1050 489 1083 ἱ),
516 1048 596 1080 ’Ξ32ῑ
622 1049 692 1079 Heu
707 1046 882 1088 deformet)

195 1107 258 1128 nec
282 1107 345 1138 pro
369 1097 537 1129 adverbio
562 1098 718 1136 turpiter,
753 1099 791 1127 ut
812 1095 883 1127 volt

194 1148 421 1188 Porphyrion,
445 1147 566 1178 haberi
577 1149 702 1187 potest.
730 1147 801 1177 Iam
814 1143 886 1175 vol-

194 1198 285 1234 ,uaris
303 1197 540 1236 interpretatio
559 1196 645 1227 haec
663 1198 734 1226 est:
771 1193 883 1226 solum

195 1254 320 1277 cruore
346 1245 523 1276 foedatum
547 1246 679 1285 teliyere
700 1248 824 1282 mento,
851 1243 885 1275 id

195 1297 267 1331 est,
302 1303 383 1325 cum
408 1294 704 1331 interficerentur,
738 1294 886 1324 humum

197 1352 257 1374 ore
303 1343 611 1374 momorderunt.»
674 1343 887 1383 Comparant

196 1392 289 1424 Iliad.
307 1391 345 1430 ,o‘‚
364 1391 444 1423 4¹8:
471 1390 637 1437 Πρηιέἐς
653 1391 693 1425 ἐν
712 1392 886 1437 κονίῃσιν

197 1438 292 1482 ὀδάξ
316 1440 493 1481 λαζοίατο
516 1444 639 1483 γαῖαν.
687 1442 779 1481 Virg.
798 1443 883 1472 Aen.

200 1492 254 1526 Η),
281 1490 362 1522 349:
390 1493 425 1521 a!
447 1491 500 1521 ille
522 1491 641 1521 Fronte
662 1491 738 1530 ferit
761 1494 887 1522 terram

200 1544 228 1571 et
251 1549 395 1571 crassum
420 1541 520 1570 vomit
539 1548 596 1571 ore
610 1548 771 1571 cruorem.
798 1539 884 1571 Ibid.

199 1590 254 1624 Η,
283 1589 364 1622 Ηὸῑ
402 1589 576 1620 Procubuit
604 1590 746 1620 moriens
773 1592 803 1620 et
824 1589 887 1620 hu-

197 1647 285 1668 mum
308 1638 402 1669 semel
425 1647 482 1669 ore
502 1639 687 1669 momordit.
729 1638 781 1670 Ad
797 1639 888 1670 hanc

196 1688 519 1727 interpretationem
529 1687 657 1718 faceret
667 1688 771 1719 etiam
780 1688 884 1728 Soph.

196 1737 317 1767 Tracli.
338 1736 393 1767 281
411 1745 417 1765 :
444 1735 570 1767 Κεΐνοι
593 1734 621 1766 δ’
642 1731 890 1781 ὑπερχλιόὦν-

199 1795 257 1825 τες
287 1784 328 1816 ἐκ
360 1783 536 1827 γλώσσης
559 1783 680 1827 κακῆς
704 1785 886 1827 (minaces),

197 1832 309 1867 Αὐτοὶ
332 1830 534 1876 ,ιιὲ-νἍιὸου
552 1834 687 1876 πάντες
703 1834 769 1868 ei'o'
786 1835 890 1878 οἰκή-

199 1894 315 1928 τορες.
357 1884 424 1915 Sed
449 1893 514 1916 nec
531 1888 625 1924 turpe
646 1894 711 1926 per
727 1894 765 1918 se
783 1886 891 1926 signi-

200 1934 305 1965 ficare
342 1936 456 1974 potest
486 1943 640 1966 «cruore
672 1933 888 1975 pollutum»,

203 1984 240 2021 (s.
260 1984 418 2023 sanquine
433 1987 604 2022 turpatum
620 1984 706 2015 Aen.
723 1985 774 2023 40,
800 1984 889 2026 832.)

203 2041 267 2062 nec
292 2036 433 2062 mentum
457 2033 538 2072 poni
563 2032 625 2073 pro'
650 2042 716 2064 ore.
756 2033 891 2066 Idcirco

202 2090 282 2112 cum
320 2082 358 2112 lt.
386 2081 625 2122 Peerlkampio
663 2082 707 2113 ad
746 2081 891 2114 alteram

202 2130 467 2171 explicationem
478 2132 585 2162 redeo
599 2132 813 2172 propositam
823 2133 892 2164 iam

203 2181 247 2211 ab
279 2184 431 2212 Acrone:
467 2193 481 2209 ιι
496 2182 598 2221 Turpe
625 2182 732 2214 solum
751 2199 770 2206 -
788 2200 807 2206 -
823 2191 892 2224 quo

203 2230 350 2271 turpiter
404 2231 564 2271 prostrati
619 2232 891 2272 precarentur.»

204 2279 289 2309 Nam
315 2281 350 2309 ut
375 2282 474 2310 antea
498 2281 579 2321 post
600 2280 714 2312 aciem
742 2280 895 2313 Pharsa-

204 2326 306 2358 neam
340 2330 427 2358 teste
460 2329 611 2361 Caesare
642 2329 679 2361 B.
705 2329 744 2362 C.
770 2329 807 2369 3,
839 2329 891 2363 98.

207 2377 407 2416 Pompeiani
429 2378 536 2417 passis
553 2378 678 2418 palmv's
695 2379 836 2419 proiecti
850 2379 895 2411 acl

204 2429 329 2456 terrum
357 2428 470 2467 flentes
497 2426 540 2459 ab
569 2436 606 2460 θο
633 2427 772 2461 salutem
788 2428 895 2468 potio-

206 2479 300 2509 runt,
328 2476 377 2506 sicr
403 2477 509 2508 etiam
530 2476 612 2518 post
632 2475 894 2519 Philippensem

206 2523 302 2555 multi
321 2534 334 2554 x
344 2526 462 2557 ictoris
478 2523 702 2559 clementiam
717 2524 894 2568 supptices

207 2573 447 2614 implorarunt.
491 2575 668 2616 ,appianus
690 2575 728 2608 B.
747 2575 785 2608 C.
802 2575 842 2614 ὅ,
859 2575 892 2607 7:

206 2621 393 2665 Περιϊύντι
430 2621 459 2654 δ’
496 2621 670 2667 Ἀντωνίῳ
712 2620 760 2656 τὰ
799 2618 893 2666 ἔθνη

208 2670 366 2712 Λεύκιός
402 2682 437 2703 τε
471 2668 492 2702 ὁ
525 2672 698 2706 Κασσίου
727 2669 893 2714 ἁδελφὸς

209 2722 269 2751 καὶ
309 2718 393 2753 ὅσοι
434 2721 539 2753 anm
588 2719 660 2754 τῶν
703 2720 891 2763 δεδιότων,

932 653 1011 686 ἐπεὶ
1045 652 1114 695 τῆς
1149 653 1188 686 ἑν
1217 649 1365 696 Ἐφέσῳ
1397 650 1624 696 συγγνώμης

931 701 1140 742 ἐπύθοντο,
1160 704 1279 735 ἱκέται
1302 701 1524 749 προσῄεσαν
1544 703 1621 734 κτλ.

931 754 986 785 Sic
1017 758 1113 793 turpe
1139 754 1245 785 solum
1273 761 1377 785 suum
1407 753 1522 785 locum
1546 755 1625 785 tue-

931 804 1004 834 tur:
1026 805 1161 843 «turpe,
1181 803 1454 843 ignominiosum
1471 802 1533 834 suit
1545 811 1627 843 sup-

932 851 1080 893 plicibus
1116 853 1161 884 ita
1186 853 1293 883 vitam
1317 851 1409 883 dono
1442 853 1623 892 accipere3

931 909 988 932 me
1023 902 1142 932 contra
1176 900 1253 941 suga
1280 901 1400 942 (prope
1433 901 1623 940 honestior)

933 951 1118 981 servavit.»
1160 950 1267 990 (Oxid.
1294 951 1395 981 Trist.
1423 950 1458 988 4,
1493 950 1530 988 3,
1565 950 1622 981 93:
1656 964 1657 967 ¹

935 1000 1037 1037 thue
1049 1000 1231 1030 resurrerit
1242 1000 1381 1040 foedatis
1387 1000 1524 1039 pulvere
1535 999 1627 1038 turpi

933 1048 1107 1088 Crinibus.)
1142 1067 1177 1071 —
1211 1048 1319 1080 Affert
1350 1049 1440 1080 inter
1470 1048 1554 1080 alios
1583 1049 1623 1080 ΙΙ.

933 1097 1139 1138 Peerlkamp
1164 1099 1228 1129 hos
1252 1097 1367 1130 locos:
1394 1097 1538 1130 Martial.
1564 1098 1624 1136 ⁴0,

934 1147 974 1178 72
988 1171 995 1184 ,
1021 1148 1057 1179 6:
1083 1148 1124 1178 Et
1149 1151 1260 1187 turpes
1283 1148 1483 1186 humilesque
1501 1148 1628 1187 suppli—

934 1204 1048 1234 cesque
1068 1197 1233 1228 Pictorum
1255 1197 1326 1228 sola
1355 1196 1478 1228 basiate
1499 1205 1626 1237 regum.

936 1246 1030 1276 Curt.
1057 1246 1094 1284 8,
1110 1238 1157 1277 '52
1191 1246 1420 1278 Aleoeaudrum
1440 1246 1630 1278 veneranti-

936 1294 993 1325 bus
1014 1296 1120 1326 Persis
1132 1296 1389 1335 Polysperchon,
1415 1296 1472 1336 qui
1490 1295 1631 1327 cubabat

935 1352 1034 1383 super
1066 1353 1195 1385 regem,
1231 1354 1335 1376 unum
1370 1354 1413 1376 eas·
1447 1345 1488 1376 iis
1523 1348 1630 1376 mento

935 1393 1173 1434 contingentem
1202 1394 1337 1425 humum
1359 1403 1424 1433 per
1452 1394 1631 1425 ludibrium

935 1444 1040 1483 coepit
1054 1444 1196 1483 hortari,
1217 1447 1254 1475 ut
1267 1444 1485 1475 vehementius
1499 1443 1534 1474 id
1549 1451 1632 1482 qua-

935 1497 1016 1526 teret
1032 1494 1076 1524 acl
1091 1496 1227 1524 terram.
1253 1494 1427 1525 Ammian.
1451 1493 1556 1525 Marc.
1577 1493 1628 1524 ⁴8.

937 1552 971 1584 p.
1010 1542 1091 1573 439:
1132 1542 1273 1573 Desiluit
1306 1551 1388 1581 equo
1422 1542 1633 1580 curvatisque

935 1591 1089 1623 membris
1111 1591 1246 1622 humum
1267 1591 1357 1622 voltu
1374 1600 1482 1630 paene
1503 1591 1633 1622 contin-

936 1650 1015 1682 gens
1044 1641 1219 1680 salutavit,
1251 1644 1435 1680 patronum
1464 1640 1634 1680 appellans

938 1693 968 1722 et
991 1690 1169 1721 dominum.

983 1739 1034 1771 43.
1074 1738 1124 1770 tt.
1165 1738 1367 1780 Mercurius]
1409 1739 1487 1771 «Me
1524 1738 1633 1778 trepi-

939 1788 1081 1820 dantem
1106 1789 1250 1829 propter
1267 1787 1421 1827 cladem,
1449 1796 1519 1828 qua
1535 1786 1635 1818 undi-

939 1846 1008 1878 que
1047 1837 1308 1869 circumdatum
1347 1846 1405 1869 me
1443 1836 1631 1875 videbam,

939 1887 1135 1919 Mercurius
1174 1887 1329 1918 servavit
1367 1885 1635 1926 involutumque

940 1935 1050 1968 densa
1067 1935 1161 1968 nube
1176 1937 1254 1976 (hoc
1268 1936 1361 1969 enim
1374 1937 1430 1967 est
1444 1937 1534 1975 aere,
1552 1931 1637 1980 ἠέρι

940 1983 1080 2030 πολλῇ,
1113 1987 1152 2016 ut
1178 1985 1271 2026 Virg.
1297 1987 1382 2017 Aen.
1410 1985 1446 2024 11,
1479 1984 1560 2017 4411:
1596 1986 1638 2016 At

944 2035 1048 2067 Venus
1078 2034 1215 2065 obscuro
1245 2034 1432 2075 gradientes
1460 2036 1539 2066 aere
1561 2043 1636 2066 sae-

939 2083 1032 2124 psit.)
1049 2092 1114 2124 per
1128 2082 1265 2115 medios
1281 2083 1402 2116 hostes
1418 2092 1475 2115 me
1493 2092 1636 2115 sursum

944 2131 1066 2164 tollens
1091 2132 1221 2173 eripuit
1243 2132 1470 2164 discrimini.»
1496 2133 1533 2164 In
1550 2133 1639 2164 Mer-

943 2182 1029 2213 curii
1053 2182 1172 2213 autem
1189 2180 1295 2213 tutela
1320 2182 1401 2213 sunt
1422 2182 1638 2213 Mercuriales

941 2231 1007 2262 viri
1020 2230 1092 2272 (Od.
1108 2231 1140 2269 2,
1157 2231 1208 2269 47,
1226 2230 1307 2270 w),
1323 2232 1459 2270 poetae:
1475 2231 1570 2261 Mera
1584 2232 1638 2261 est

942 2281 1156 2320 φαντασία,
1180 2288 1296 2319 neque
1314 2279 1540 2319 cogitandum
1556 2288 1637 2311 cum

943 2329 1056 2362 Schol.
1094 2329 1137 2361 de
1182 2330 1259 2370 suga
1305 2328 1533 2361 clandestina.
1582 2329 1637 2360 Sic

943 2378 1039 2412 Iliad.
1066 2390 1100 2421 γ,
1126 2379 1200 2410 380.
1228 2379 1346 2410 Venus
1363 2378 1525 2409 Paridem
1543 2376 1637 2409 nube

943 2429 1077 2461 tectum
1095 2437 1113 2459 e
1135 2429 1327 2459 certamine
1350 2427 1467 2468 eripit,
1494 2426 1587 2457 lliad.
1608 2435 1637 2462 ε,

943 2477 996 2510 23.
1022 2478 1200 2517 Phegeum
1223 2476 1416 2513 Volcanus;
1453 2476 1535 2507 ibid.
1563 2474 1636 2507 344.

944 2526 1109 2559 Phoebus
1139 2529 1306 2558 Aeneam.
1338 2544 1370 2548 -
1397 2525 1491 2565 celer]
1521 2525 1637 2565 Eurip.

943 2574 1018 2608 Hel.
1027 2575 1107 2608 243:
1124 2573 1190 2607 τὸν
1200 2571 1570 2613 ὠκύπουν-Μαιάδος
1579 2571 1640 2615 γό-

942 2632 1021 2657 νον.
1037 2626 1236 2657 Alexander
1248 2625 1391 2657 Aetolus
1405 2624 1498 2665 apud
1513 2623 1638 2655 Partho

945 2675 1041 2706 nium
1068 2675 1125 2707 ⁷14:
1153 2670 1302 2714 Ἀνθεύς
1321 2671 1473 2719 Ἑρμείῃ
1498 2666 1637 2716 ταχινῷ

945 2723 1070 2764 φίλως.
1107 2744 1138 2747 —
1169 2724 1354 2764 parentem]
1387 2732 1510 2755 verum
1535 2724 1639 2755 animi
