1997 3219
763 149 838 180 Lm.
867 148 918 179 tv.

986 150 1004 178 3.
1033 147 1084 178 ix.
1625 146 1696 186 530!

556 254 682 294 'l‘otxe
714 259 807 293 tuos
839 252 974 307 patiar
1007 250 1173 292 labores

444 359 635 413 Impune,
670 356 794 401 Lolli.
828 370 1004 412 carpere
1036 355 1185 397 lividas

442 437 702 480 Obliviones.

764 438 835 479 Est
866 437 1031 478 animus
1063 436 1134 478 tibi

498 520 741 574 Rerumque
774 517 963 574 prudens
994 523 1035 558 et
1065 517 1265 560 secundis
1653 518 1704 555 :315

551 598 830 654 Temporibus
862 597 1091 654 dubiisque
1124 604 1291 639 rectus.

442 703 599 745 Vindex
630 717 784 745 avarae
816 702 976 744 fraudis
1008 709 1049 745 et
1079 702 1294 744 abstinens

440 784 641 826 Ducentis
673 783 727 825 ad
757 797 804 825 se
836 790 987 826 cuncta
1018 783 1252 839 pecuniae,

495 864 738 921 Consulque
772 878 855 905 non
884 864 1010 906 unius
1041 864 1159 913 anni,

552 945 637 987 Sed
668 945 837 1002 quoties
868 944 1005 987 bonus
1037 952 1164 1001 atque
1196 944 1306 986 fidus

1654 946 1705 985 40

356 1096 407 1127 33.
435 1095 556 1127 Deficit
583 1095 668 1127 Cod.
695 1095 807 1127 Turic.
845 1094 925 1126 inde
957 1095 1001 1126 al)
1026 1095 1093 1126 hoc
1116 1103 1223 1127 versu
1246 1104 1359 1135 usque
1389 1095 1434 1126 ad
1458 1096 1573 1127 Carm.
1602 1096 1658 1133 ii,

318 1145 364 1176 12.
402 1163 436 1167 —
462 1144 524 1175 Vv.
551 1144 592 1175 38
609 1162 626 1167 -
643 1144 695 1176 40.
722 1143 775 1176 42.
802 1143 842 1176 43
860 1143 947 1176 -45.
974 1145 1007 1175 in
1031 1145 1055 1175 B
1081 1144 1219 1176 desunt.

268 1278 398 1314 torques
426 1278 455 1305 et
477 1273 625 1304 monilia.
662 1273 851 1313 Diffugiunt
874 1273 959 1304 inter

267 1332 320 1355 eos
337 1322 491 1363 (Arabes)
509 1323 703 1354 celsissimae
718 1322 865 1359 virtutes,
892 1323 959 1353 nisi

268 1373 358 1411 queis
395 1372 544 1403 Funieuli
574 1373 767 1411 poematum
799 1372 960 1411 perennia

269 1422 435 1453 iniecerint
458 1422 598 1452 vincula.
629 1439 663 1443 —
696 1421 843 1462 inertiae]
870 1421 959 1452 dati-

268 1480 344 1509 vus,
362 1473 397 1502 ut
410 1472 479 1502 Sat.
497 1471 527 1509 l,
543 1470 574 1509 t,
594 1470 633 1502 ts
650 1480 656 1500 :
682 1471 803 1510 Differt
818 1470 959 1501 sermoni

269 1520 490 1560 (comoedia).
532 1519 640 1551 Bentl.
660 1518 822 1551 volebat:
853 1521 961 1550 Virtus

270 1571 428 1601 inertia
456 1572 641 1610 poetarum
670 1569 777 1600 celala
809 1570 960 1609 paullum

267 1621 365 1651 distat
380 1620 498 1651 virtuti
514 1619 668 1658 sepultae.
691 1637 726 1641 —
755 1619 870 1660 silebo]
897 1618 959 1650 Alii

266 1670 354 1701 sileri
390 1678 431 1701 ex
467 1668 794 1700 accommodatione
841 1669 885 1700 ad
925 1678 956 1700 ν.

264 1720 390 1758 patiar.
413 1737 447 1741 —
475 1720 570 1750 «Non
588 1718 799 1757 concedam,
826 1719 864 1749 ut
886 1727 961 1750 ma-

267 1767 459 1800 levolorum
484 1767 570 1799 livor
593 1770 626 1799 et
643 1767 817 1799 oblivione
834 1767 962 1800 obscu-

268 1820 318 1848 ret
351 1820 385 1848 et
413 1821 552 1856 carpat,
600 1817 830 1848 obtrectando
861 1819 960 1848 exte-

269 1869 368 1905 nuet,
396 1866 574 1907 praeclara
601 1868 657 1897 tua
682 1866 806 1897 faeta.»

310 1940 362 1972 325.
389 1940 442 1971 36.
479 1941 664 1979 Rerumque
683 1940 846 1981 prudens]
873 1949 960 1971 «re-

268 1999 346 2021 rum
380 1989 531 2021 civilium
564 1988 840 2029 bellicarumque
864 1990 959 2030 peri—

266 2041 357 2070 tus.»
378 2057 412 2062 —
439 2038 553 2080 dubiis]
579 2048 685 2079 saepe
709 2038 802 2070 idein
824 2039 896 2070 sere
918 2048 959 2070 ac

268 2102 282 2117 u
293 2088 401 2120 rebus
417 2088 610 2121 adversis.»
635 2089 715 2119 Tac.
735 2090 822 2120 Ann.
839 2090 850 2119 l
869 2113 875 2125 ,
891 2088 932 2121 et
949 2098 954 2119 :

267 2139 416 2171 Caecina
446 2140 666 2170 secundarum
707 2138 960 2179 ambiguarum-

267 2198 328 2228 que
363 2198 475 2220 rerum
507 2189 610 2219 sciens
644 2196 744 2226 eoque
775 2188 955 2219 interritus.

267 2238 397 2269 Referri
420 2238 486 2269 hoe
512 2245 596 2268 sane
613 2238 728 2278 potest
744 2237 787 2268 ad
805 2236 955 2276 cladem,

266 2295 372 2327 quain
405 2285 530 2318 Lollius
562 2287 595 2318 in
620 2287 803 2318 Germania
834 2295 959 2328 passus

267 2337 352 2366 erat.
382 2352 416 2357 —
460 2337 573 2367 Rectus
597 2335 784 2376 opponitur
808 2336 860 2375 ei,
899 2338 956 2377 qui

267 2384 309 2415 ad
345 2394 488 2416 omnem
523 2393 646 2416 casum
670 2384 822 2416 flectitur
851 2387 956 2425 atque

267 2434 486 2474 deprimitur.
535 2434 593 2465 Est
623 2434 743 2473 igitur:
788 2434 955 2473 «firmus,

267 2485 431 2514 constans
449 2482 585 2523 sibique
603 2491 744 2523 semper
766 2482 956 2523 aequalis.»

309 2558 361 2588 37.
389 2558 440 2588 338.
485 2558 622 2596 l'cncleae]
665 2557 749 2597 aqui
773 2555 827 2588 vel
853 2556 955 2588 iudex

266 2606 319 2638 vel
339 2607 537 2647 provinciae
557 2616 700 2647 praeses
718 2615 842 2638 severe
859 2607 958 2647 punit

1009 1274 1053 1303 ad
1080 1272 1129 1313 se]
1167 1273 1286 1304 «cuius
1328 1272 1502 1305 illecebris
1546 1274 1704 1315 plerique

1010 1322 1186 1354 ducuntur
1227 1324 1487 1364 transversique
1527 1325 1700 1364 aguntur,

1010 1371 1310 1412 cum'paucissimi
1329 1372 1367 1404 iis
1384 1373 1583 1404 resistant.»
1603 1374 1702 1412 Quod

1010 1420 1223 1452 Seholiastae
1251 1421 1441 1462 explicant:
1471 1423 1704 1454 «pecunioso-

1010 1479 1089 1502 rum
1122 1471 1270 1510 gratiam
1302 1472 1417 1502 cuncti
1453 1474 1699 1512 sequuntur»,

1010 1520 1042 1551 in
1066 1529 1122 1551 W.
1148 1521 1288 1560 proprie
1313 1530 1382 1552 non
1407 1522 1506 1552 inest.

1053 1568 1105 1600 39.
1144 1570 1340 1610 Consulque]
1383 1571 1528 1611 «Optimi
1568 1571 1700 1611 quique

1009 1618 1199 1659 scriptores
1230 1628 1298 1650 non
1328 1618 1427 1650 aliter
1459 1620 1635 1651 interdum
1659 1619 1703 1651 de

1011 1668 1126 1699 animo
1152 1677 1259 1708 quam
1283 1668 1326 1699 de
1351 1677 1502 1709 persona
1539 1670 1704 1709 quapiam

1010 1717 1239 1758 loquuntur.»
1274 1718 1393 1748 BiexTL.
1443 1720 1555 1758 Atque
1582 1727 1705 1750 exem—

1010 1765 1065 1807 pla
1094 1765 1187 1806 larga
1215 1775 1321 1797 manu
1338 1766 1382 1797 ab
1411 1775 1453 1798 eo
1476 1766 1619 1798 collecta
1646 1768 1706 1799 de—

1011 1817 1207 1847 monstrant
1222 1816 1361 1847 Latinos
1379 1816 1507 1847 dixisse
1524 1826 1529 1846 :
1570 1817 1706 1848 Anirmcs

1011 1865 1219 1903 aestimator,
1257 1866 1430 1905 carnifeax,
1467 1874 1597 1905 censor,
1630 1876 1706 1897 eon-

1010 1917 1166 1953 temptor,
1204 1918 1399 1954 corruptor,
1437 1916 1603 1954 dominus,
1629 1916 1705 1947 libe-

1010 1967 1122 2002 rator,
1168 1965 1391 2003 proscriptor,
1444 1968 1573 2003 rector,
1618 1974 1700 2004 rex,

1009 2013 1213 2052 speculator,
1248 2012 1376 2053 quibus
1405 2013 1496 2044 adde
1526 2022 1567 2045 ex
1592 2015 1703 2045 Sene-

1011 2072 1051 2094 ca
1075 2062 1256 2094 Phoeniss.
1294 2061 1354 2094 45:
1393 2063 1537 2094 desertor
1569 2064 1701 2100 αηίιιιθ;

1011 2121 1052 2144 ex
1088 2111 1183 2142 Plinii
1219 2113 1344 2151 Paneg.
1387 2113 1450 2143 55:
1502 2116 1705 2152 contemptor

1010 2161 1196 2192 atribilionis
1226 2164 1257 2192 et
1285 2161 1431 2201 infinitae
1453 2162 1625 2200 potestatis
1648 2163 1704 2193 do-

1008 2213 1108 2243 mitor
1131 2220 1171 2242 ae
1193 2211 1345 2251 frenator
1367 2212 1498 2242 animus
1521 2212 1593 2250 ipsa
1615 2215 1705 2243 vetu-

1008 2264 1090 2292 state
1114 2261 1255 2303 florescit
1273 2271 1278 2298 ;
1306 2270 1348 2292 ex
1364 2260 1528 2291 Iuvenale
1548 2261 1599 2298 13,
1621 2261 1700 2292 495ῑ

1009 2311 1140 2342 antinus
1187 2314 1304 2342 [orior.
1374 2311 1548 2350 Mitigatur
1584 2311 1701 2341 autem

1009 2361 1129 2392 durior
1152 2360 1240 2392 haec
1256 2360 1463 2400 metaphora
1480 2360 1611 2390 animus
1628 2369 1704 2390 cou-

1008 2410 1059 2441 sul
1080 2408 1135 2441 vel
1161 2419 1220 2448 eo,
1248 2409 1341 2450 quod
1360 2411 1526 2450 quattuor
1541 2408 1701 2440 versiculi

1009 2460 1297 2500 interponuntur,
1338 2460 1381 2490 ita
1408 2461 1443 2489 ut
1469 2458 1579 2489 lector
1614 2457 1701 2489 illius

1009 2509 1158 2540 nominis
1204 2518 1313 2549 prope
1360 2507 1488 2539 oblitus
1542 2506 1700 2538 facillime

1008 2557 1189 2599 suppleat:
1229 2560 1305 2596 «tu,
1342 2557 1444 2595 Lolli,
1470 2557 1582 2588 consul
1605 2566 1642 2588 cs
1668 2558 1702 2587 et

1010 2608 1108 2638 iudea:
1144 2609 1179 2639 et
1214 2607 1316 2637 vic-{01-
1357 2608 1423 2637 cet.
1488 2608 1573 2637 Nam
1614 2606 1701 2637 liae(-

267 2656 405 2688 sraudes
430 2659 465 2688 et
488 2657 684 2693 avaritiam,
719 2657 792 2696 ipsc
817 2665 956 2697 quoque
1008 2665 1149 2697 quoque
1176 2664 1271 2687 voce.
1298 2654 1454 2696 pendent
1470 2664 1487 2685 a
1506 2665 1537 2687 v.
1557 2656 1699 2688 animus.

266 2715 283 2735 a
311 2706 438 2746 rapinis
463 2705 700 2736 abhorrebit„
730 2722 763 2727 —
805 2706 959 2736 Diu-entis
1009 2706 1063 2737 cui
1101 2705 1218 2737 itidem
1255 2705 1342 2735 allus
1382 2705 1488 2735 voltus
1525 2703 1698 2736 tribuitur.
