1997 3219
698 226 774 256 LlB.
803 226 856 256 lll.

409 330 543 370 Sueos
575 335 615 369 et
645 327 828 370 adscribi
861 328 1015 384 quietis

906 228 942 257 t).
971 226 1022 257 ni.
1543 226 1621 266 355

467 407 700 450 Ordinibus
733 409 868 464 patiar
898 408 1090 451 deorum.

355 513 464 555 Dum
495 511 645 567 longus
678 513 784 554 inter
815 513 976 554 saeviat
1010 512 1108 554 llion

353 594 614 648 Romamque
645 600 822 649 pontus,
858 592 1049 649 qualibet
1078 593 1249 635 exsules

411 673 457 713 In
488 680 607 728 parte
639 680 842 729 regnanto
874 672 1007 722 beati3

466 753 576 794 Dum
607 752 760 794 Priami
791 752 1045 809 Paridisque
1075 753 1200 796 busto

1575 756 1628 796 io

356 856 529 899 Insultet
559 863 796 899 armentum
828 863 869 899 et
899 856 1062 900 catulos
1093 858 1206 900 ferae

275 988 326 1019 35.
353 990 454 1019 sucos
477 987 561 1019 bSe:
589 988 693 1019 Sucus
716 988 756 1023 T,
783 988 903 1019 suecos
925 989 957 1020 M
982 997 1063 1019 oum
1088 988 1174 1020 Edd.
1201 987 1390 1030 plerisque.

189 1105 246 1144 qui
260 1104 357 1135 verbi
371 1105 488 1136 ducere
499 1105 790 1145 significationem
802 1105 883 1136 huic
905 1111 909 1145 ι

188 1153 265 1185 loco
291 1155 391 1185 unice
416 1156 534 1195 aptam
558 1154 770 1194 ignorarent.

232 1203 284 1234 35.
312 1203 365 1234 36.
400 1207 429 1234 et
452 1203 606 1244 adscribi]
631 1205 666 1234 ln
691 1204 745 1235 his
771 1202 882 1235 semel

188 1251 409 1283 desideratur
440 1252 473 1283 In
505 1252 687 1292 iungendis
713 1252 883 1284 membris

188 1300 395 1341 aequalitas,
437 1300 589 1341 alioquin
629 1302 754 1332 usitata
789 1301 883 1342 apud

978 1105 1030 1137 38.
1069 1106 1120 1137 39.
1163 1106 1305 1146 vassalos]
1343 1108 1533 1146 «Romani,
1571 1110 1629 1148 qui

934 1163 1044 1194 genus
1080 1154 1255 1187 duxerunt
1279 1165 1298 1187 a
1322 1157 1476 1197 profugis
1512 1158 1632 1189 Troia—

935 1204 1023 1234 nis»
1073 1205 1223 1244 (Dictum
1260 1214 1344 1237 sane
1379 1206 1519 1238 videtur
1550 1216 1632 1239 eum

935 1251 1001 1283 leni
1041 1253 1195 1293 quadam
1236 1254 1485 1294 despicientia,
1527 1255 1632 1287 deam

936 1303 1116 1341 ceteroqui
1128 1303 1266 1342 'optime
1284 1304 1460 1344 decente.)
1479 1323 1513 1326 —
1533 1304 1629 1346 beati]

189 1350 382 1381 Horatium.
411 1350 523 1390 Haupt
541 1350 642 1382 Obss.
663 1351 754 1381 critt.
775 1359 808 1391 p.
828 1351 880 1381 31.
907 1350 909 1385 Ι
937 1349 1120 1382 nomnibus
1145 1351 1271 1392 opibus
1296 1352 1516 1385 affluentes.»

189 1400 354 1431 Ceterum
383 1399 525 1430 adscribi
555 1408 596 1430 ex
622 1399 769 1431 formula
793 1399 885 1430 mili-

188 1449 252 1479 tari
277 1457 340 1488 pro
364 1457 420 1479 vv.
447 1449 588 1487 admitti,
617 1449 705 1480 addi.
735 1467 770 1471 —
796 1450 884 1487 quie-

188 1498 228 1528 tis
261 1497 448 1537 Ordinibus]
474 1497 622 1529 Philetas
654 1498 769 1529 Bachii
802 1506 881 1539 pag.

191 1546 250 1577 36:
278 1542 508 1587 (Ἀθάνατοι)
533 1546 574 1578 οἳ
598 1548 627 1578 τ’
652 1546 691 1579 ἐν
712 1543 884 1590 Ὀλύμπῳ

184 1592 394 1627 ”Extoofflev
418 1595 595 1634 χαλεπῶν
611 1592 736 1635 ἀχέων
753 1595 885 1637 οἴκους

191 1642 394 1686 ἐκάμοντο.
422 1646 490 1676 Sat.
519 1647 552 1684 i,
579 1647 615 1685 5,
643 1647 721 1678 404:
748 1647 822 1678 deos
838 1647 886 1677 di—

189 1695 254 1726 dici
277 1703 427 1726 securum
443 1704 541 1735 agere
557 1704 685 1726 aevum.
712 1695 812 1727 Silius
831 1696 881 1733 115,

189 1744 248 1775 57:
289 1744 394 1783 Atque
426 1745 510 1775 idem
543 1743 680 1784 (deus),
713 1745 886 1784 πονηρίαν

189 1794 268 1824 lenis
290 1793 484 1824 mortalibus
516 1794 605 1831 aevi,
639 1794 886 1833 Impertarbata

184 1843 337 1882 placidus
369 1846 453 1874 tenet
483 1843 552 1874 otia
581 1847 696 1874 mente.
744 1845 886 1884 Nequa-

189 1900 295 1932 quam
318 1900 421 1929 vero,
448 1894 485 1923 ut
507 1891 579 1923 volt
597 1892 751 1931 Liibker,
779 1902 887 1934 oppo-

190 1941 282 1972 nitur
305 1941 514 1972 seditionibus
539 1950 569 1972 ν.
597 1942 649 1973 49.

232 1990 285 2021 37.
311 1989 410 2030 Dum]
438 1991 657 2022 «Dummodo
680 2000 777 2022 mare
797 1993 887 2023 tem—

189 2038 384 2079 pestatibus
399 2047 543 2080 semper
556 2040 769 2072 concitatum
780 2049 884 2072 omne

190 2088 279 2118 inter
303 2090 493 2128 utrumque
519 2088 689 2129 populum
711 2097 887 2120 commer-

190 2137 283 2168 cium
298 2137 465 2177 impediat
478 2139 582 2177 atque
597 2139 769 2178 rumpat.»
790 2139 884 2169 Haeo

191 2186 322 2219 omnia.
349 2187 385 2216 ut
410 2188 687 2218 consentaneum
706 2188 776 2225 est,
803 2190 887 2227 po'e'-

191 2236 257 2266 tice
283 2234 506 2275 aecipienda,
543 2235 720 2275 siquidem
752 2237 884 2276 optime

192 2286 289 2316 norat
304 2285 466 2316 Horatius
482 2283 526 2315 ab
544 2283 603 2315 llio
620 2293 710 2316 novo
725 2286 883 2324 Romam,

190 2333 271 2364 hinc
298 2332 377 2364 illuc
402 2334 566 2364 continuo
595 2334 763 2374 navigari,
800 2333 885 2366 Ilion

191 2385 309 2413 autem
342 2390 485 2423 semper
516 2382 716 2414 subiectum
739 2392 885 2414 mansu—

192 2439 270 2462 rum
306 2431 470 2462 Romanis
505 2431 716 2463 confidebat.
760 2433 884 2464 Moneo

192 2482 336 2521 propter
359 2481 398 2512 ll.
426 2480 649 2522 Peerlkamp,
677 2490 746 2521 quo
771 2482 884 2513 iudice

191 2530 279 2561 haec
307 2530 423 2561 omnia
453 2532 495 2569 (v.
523 2531 573 2561 ⁴7.
599 2532 740 2562 Gratum
771 2539 884 2571 usque

192 2579 235 2609 ad
260 2578 366 2610 tinem
395 2579 577 2618 carminis)
608 2589 676 2611 non
706 2581 787 2611 sunt
814 2581 885 2611 Ηο-

192 2628 286 2666 ratii,
312 2628 374 2659 sed
400 2628 540 2659 obscuri
562 2630 666 2668 atque
692 2629 797 2669 inepti
822 2628 884 2660 ali-

193 2677 290 2707 cuius
315 2678 548 2709 Grammatiei.
581 2679 629 2709 Ae
654 2679 770 2708 tamen
796 2677 882 2709 haee

193 2734 419 2767 summopere
455 2726 615 2758 admirati
651 2729 748 2760 erant
778 2728 882 2758 etiam

195 2774 350 2806 Lambini
375 2778 409 2806 et
434 2775 588 2807 Bentleii.

978 1398 1031 1430 40.
1071 1400 1230 1431 Priami—
1247 1400 1348 1442 busto]
1392 1402 1504 1433 Etiam
1544 1403 1633 1435 haee

935 1456 1112 1479 nonnemo
1152 1448 1383 1482 calumniatus
1423 1453 1486 1483 est.
1543 1453 1633 1484 Sane

936 1497 1093 1529 Priamus
1119 1507 1159 1529 ex
1179 1498 1309 1539 volgari
1335 1500 1426 1531 fama
1442 1509 1461 1532 a
1478 1501 1633 1542 Neopto-

935 1544 1028 1577 lemo
1059 1549 1139 1578 ante
1173 1556 1270 1580 aram
1302 1549 1391 1580 Iovis
1417 1550 1541 1582 Hercei
1566 1551 1632 1583 ob—

937 1596 1116 1627 truncatus
1147 1596 1350 1630 auctoribus
1379 1598 1519 1638 Virgilio
1543 1603 1630 1633 Aen.

938 1644 974 1682 2,
1007 1645 1082 1676 557.
1119 1646 1153 1677 et
1185 1647 1310 1684 Quinto
1341 1647 1537 1687 Smyrnaeo
1571 1650 1630 1687 1¹13,

937 1693 1010 1725 244.
1038 1703 1108 1726 non
1139 1694 1261 1727 habuit
1292 1695 1457 1734 bustum,
1495 1698 1559 1729 sed
1582 1700 1633 1730 ia-

936 1744 1007 1775 cuit
1039 1744 1150 1785 inyens
1180 1745 1274 1776 litore
1303 1748 1439 1776 truncus
1459 1747 1633 1779 Avolsum—

936 1801 997 1831 qne
1031 1793 1174 1825 humeris
1208 1798 1308 1833 caput
1342 1798 1372 1826 et
1405 1796 1473 1827 sine
1503 1798 1634 1829 nomine

934 1851 1073 1882 corpus3
1115 1842 1339 1875 nibilominus
1375 1843 1524 1886 lyricus,
1564 1847 1633 1880 hoc

934 1892 1143 1932 praesertim
1174 1893 1207 1924 in
1237 1894 1492 1926 sententiarum
1522 1905 1628 1936 nexu,

936 1941 1011 1972 sine
1044 1940 1111 1971 ulla
1137 1940 1238 1982 culpa
1262 1950 1463 1975 memorare
1494 1947 1634 1984 poterat

937 1990 1011 2021 eius
1028 1989 1247 2030 sepulerum,
1275 1991 1309 2021 id
1326 1993 1390 2030 est,
1409 1991 1539 2032 locum,
1561 2004 1631 2035 quo

937 2039 1011 2069 eius
1030 2047 1159 2079 eorpus
1183 2040 1381 2079 proiectum
1397 2047 1629 2076 remanserat.

935 2089 1049 2127 Atque
1082 2088 1143 2118 cfr.
1171 2096 1255 2128 prae
1289 2089 1454 2121 omnibus
1478 2093 1628 2133 Antipat..

937 2136 1006 2167 Sid.
1023 2137 1055 2167 in
1070 2135 1205 2167 Anthol.
1222 2136 1289 2168 Pal.
1303 2138 1327 2168 1.
1344 2147 1378 2178 p.
1394 2135 1631 2185 3442‘719wog

935 2182 1113 2228 Πριάμου
1149 2182 1263 2225 βαιὸς
1295 2185 1462 2227 τάφος,
1500 2191 1631 2232 quippe

937 2234 980 2265 ab
1007 2233 1166 2266 hostibus
1198 2235 1319 2266 factus.
1348 2253 1384 2258 —
1409 2236 1521 2269 Nolim
1545 2249 1631 2273 vero

937 2293 1018 2315 eum
1043 2284 1196 2316 Bosscha
1222 2284 1370 2316 «bustum
1386 2285 1507 2318 latiore
1524 2297 1630 2321 sensu

937 2334 1098 2374 accipere
1119 2334 1162 2365 de
1182 2335 1345 2366 universo
1363 2335 1458 2367 urbis
1476 2337 1627 2376 interitu,

936 2384 973 2413 ut
997 2383 1071 2424 ipsa
1096 2383 1181 2415 urbs
1206 2382 1320 2415 deleta
1342 2383 1484 2416 bustum
1501 2387 1627 2419 Priami

936 2432 1104 2464 dicatur.»

979 2481 1031 2513 4¹.
1056 2481 1199 2522 insultet]
1226 2483 1270 2513 Ea
1295 2491 1379 2514 sane
1397 2490 1535 2514 summa
1554 2487 1628 2516 erat

935 2532 967 2562 in
1001 2533 1180 2563 mortuum
1213 2531 1443 2570 contumelia,
1481 2533 1538 2564 ubi
1572 2537 1627 2566 tu—

935 2579 1049 2611 mulus
1073 2580 1117 2611 ab
1143 2582 1236 2612 omni
1261 2581 1420 2612 custodia
1446 2582 1489 2612 ita
1510 2582 1629 2614 ‹leser-

935 2630 990 2660 tus
1015 2629 1196 2668 manebat,
1224 2632 1261 2661 ut
1284 2631 1426 2670 impune
1451 2631 1570 2663 hostes
1595 2634 1625 2663 ei

935 2678 1150 2718 insultarent,
1177 2681 1334 2711 armenta
1360 2688 1440 2710 eum
1458 2679 1627 2720 depasce-

934 2729 1065 2766 rentur,
1094 2728 1187 2760 serae
1206 2729 1237 2759 in
1257 2739 1298 2760 eo
1314 2727 1421 2760 lustra
1440 2728 1621 2760 baberent.

933 2777 1127 2817 Sophonius
1162 2778 1197 2814 2,
1236 2777 1283 2809 isi.
1319 2777 1362 2808 (Ιυ
1395 2778 1481 2808 Nino
1518 2777 1621 2809 urbe:
