1997 3219
307 178 387 218 736

842 183 1008 213 HORATH
1035 183 1202 216 EPODON

765 483 1077 525 CAR-MN
1117 485 1297 525 XVH-

473 599 557 639 lain
592 597 673 638 iam
704 595 864 638 efficaci
896 595 951 637 do
984 610 1133 638 manus
1163 598 1388 645 scientiae,

473 676 660 734 Supplex
691 684 732 719 et
762 690 838 719 oro
870 691 1001 733 regna
1033 691 1109 733 per
1138 679 1441 735 Proserpinae,

470 760 551 801 Per
582 766 624 801 et
652 758 814 800 Dianae
845 771 928 799 non
959 757 1169 800 movenda
1200 759 1397 806 numina,

472 841 553 881 Per
584 846 711 894 atque
744 837 875 879 libros
906 837 1141 879 carminum
1174 838 1403 880 valentium

388 964 487 996 XVII.
524 965 631 995 Inscr.
658 961 747 1002 volg.
784 962 834 993 Ad
857 956 1042 994 Canidiam.
1083 978 1118 983 —
1160 962 1270 1003 Fingit
1303 972 1336 994 se
1360 963 1519 995 Canidiae
1543 966 1702 1006 veneficiis

346 1018 550 1054 superatum.
578 1013 771 1053 alleyoricos
794 1012 990 1051 deprecatur
1016 1014 1052 1042 ut
1074 1010 1134 1042 sibi
1152 1014 1275 1051 parcat
1298 1012 1355 1043 Bc.
1386 1031 1420 1035 —
1448 1013 1523 1044 Om.
1548 1015 1584 1045 T.

347 1065 437 1096 i-52
462 1065 495 1095 in
519 1064 544 1095 B
569 1062 720 1101 desunt.)

344 1175 445 1206 XVII.
486 1176 617 1207 Rursus
653 1172 842 1205 salsissime
875 1173 997 1204 irridet

302 1224 482 1255 Canidiam
508 1223 718 1263 (Gratidiam)
744 1230 865 1262 sagam
890 1224 995 1262 atque

301 1276 413 1305 semet
445 1274 560 1313 ipsum
592 1271 726 1304 artibus
751 1272 826 1303 eius
851 1271 995 1311 magicis

300 1323 449 1363 petitum
473 1324 507 1354 et
531 1323 643 1354 saevis
662 1320 874 1353 cruciatibus
892 1320 935 1352 ab
955 1330 994 1352 ea

301 1372 467 1403 affectum
502 1371 655 1412 fingens,
692 1373 731 1402 ut
753 1370 818 1402 sibi
844 1371 914 1401 iam
938 1379 997 1402 sa—

299 1422 343 1453 tis
366 1421 564 1462 perdomito
588 1420 731 1452 tandem
748 1421 888 1461 parcat,
916 1428 996 1460 sup-

300 1469 379 1511 plex
419 1471 594 1501 inimicam
633 1472 707 1501 orat
748 1471 781 1500 et
817 1468 992 1500 obsecrat.

300 1519 443 1561 Reliqua
462 1520 626 1551 carminis
643 1528 750 1551 scena
766 1528 831 1560 per
848 1527 885 1550 se
903 1517 995 1549 clara

301 1571 365 1601 est.
413 1571 518 1601 Recte
541 1571 660 1600 autem
676 1568 883 1608 Doeringius
900 1567 996 1598 refu-

299 1621 384 1651 tavit
408 1617 737 1655 Mitscherlichium,
776 1618 834 1657 qui
864 1617 996 1648 Varum

302 1668 422 1709 (Epod.
452 1669 496 1707 5.)
530 1668 585 1699 hic
619 1667 713 1707 loqui
749 1667 910 1707 opinatus
942 1666 996 1697 est

300 1726 412 1758 usque
445 1717 488 1748 ad
520 1726 553 1748 v.
578 1717 630 1748 52.
674 1717 789 1748 «Nam
803 1728 836 1754 n,
864 1715 992 1755 inquit,

302 1769 359 1798 «ut
393 1765 474 1797 nihil
511 1766 553 1797 de
582 1776 614 1797 v.
645 1765 706 1796 39:
747 1765 813 1796 sive
845 1764 995 1794 mendaci

299 1817 375 1855 lyra
403 1816 491 1846 Voles
513 1815 625 1846 sonari
650 1814 781 1851 dicam,
816 1812 994 1853 quomodo

299 1863 465 1896 ridiculus
484 1863 538 1895 ille
556 1872 664 1895 senex
683 1863 791 1894 Varus
805 1872 860 1893 vv.
876 1861 991 1894 4-2-4-4.

299 1922 337 1945 se
362 1921 443 1944 cum
468 1913 666 1944 Stesichoro
698 1920 902 1952 comparare
930 1920 995 1951 po-

301 1963 409 1994 tune»
429 1964 495 1993 cet.
517 1962 700 1992 «Omnium
718 1960 914 2002 epodorum
931 1970 996 1991 no—

298 2012 462 2043 vissiinus
487 2011 570 2041 mihi
604 2010 741 2040 xidetur
772 2018 867 2047 esse,
906 2011 995 2041 scri—

299 2063 378 2102 ptus
395 2068 425 2091 a.
452 2059 591 2090 circiter
615 2058 711 2090 724.»
738 2059 879 2090 laus-ne.
905 2060 994 2090 Item

299 2109 531 2141 &Valckenaer
569 2110 593 2140 1.
634 2118 667 2149 p.
707 2108 789 2139 468:
832 2107 992 2140 dernicrc.

299 2160 389 2190 Sanc
427 2159 522 2199 prius
553 2158 767 2198 compositus
797 2159 849 2188 cst
884 2158 991 2198 Epod.

299 2209 330 2239 5.
358 2210 391 2238 et
420 2209 487 2238 Sat.
511 2208 546 2245 l,
573 2208 603 2238 8.
633 2206 829 2246 (Grotefend
849 2208 883 2238 et
898 2205 995 2238 Wal-

300 2258 454 2288 ckenaer
478 2257 618 2295 a.71l5.‚
647 2256 815 2287 Kircliner
844 2265 874 2287 a.

302 2307 479 2338 Weicliert
512 2315 542 2336 a.
569 2306 643 2336 729.
691 2306 844 2346 Tempus
879 2305 994 2346 ipsum

300 2357 420 2395 utique
446 2356 618 2386 incertum
644 2355 720 2394 est.)

343 2406 415 2436 11-5.
441 2406 482 2435 do
506 2404 633 2444 manus]
660 2404 749 2435 Dant
773 2412 898 2435 manus
915 2412 996 2444 pro-

300 2455 391 2495 prie,
419 2455 476 2494 qui
502 2462 625 2485 manus
641 2462 722 2485 suas
745 2453 866 2484 victori
891 2461 995 2493 prae—

300 2503 386 2534 bent
409 2502 632 2535 vinciendas:
661 2503 740 2533 hinc
765 2503 819 2533 est.
844 2501 994 2533 «cedere

301 2555 333 2583 rt
359 2552 457 2583 fateri
483 2561 521 2583 se
547 2552 745 2583 inferiorem
767 2560 879 2583 esse.»
923 2550 992 2582 Csr.

302 2602 440 2633 Lucret.
460 2602 495 2639 ¹2,
524 2600 601 2632 vtO-lt
620 2610 625 2631 :
661 2602 749 2632 Desle
772 2609 891 2630 manus
903 2609 913 2636 ‚·
937 2603 995 2631 aut

300 2651 327 2680 st
341 2651 462 2690 salsum
475 2653 531 2687 esc,
550 2651 721 2690 acciit-(sere
733 2653 861 2681 contra.
884 2650 994 2680 Etiam

302 2701 334 2731 in
364 2700 518 2740 pedestri
548 2700 716 2731 oratione.
760 2700 830 2731 Cic.
858 2699 902 2730 ad
926 2700 992 2730 ΑΗ.

304 2751 338 2786 2,
368 2750 423 2780 22:
450 2749 557 2781 aiebat
590 2749 683 2780 illum
703 2749 813 2788 primo
835 2757 913 2780 sane
940 2749 997 2779 diu

902 2257 963 2277 ⁹00

909 2270 991 2295 ι-..,

1629 1015 1699 1053 (Vv.

1045 1172 1151 1204 multa
1174 1176 1308 1212 contra,
1345 1174 1389 1205 acl
1419 1177 1605 1206 extremum
1634 1178 1745 1206 autem

1045 1231 1165 1253 manus
1204 1223 1335 1254 dedisse.
1380 1241 1415 1245 —
1456 1232 1520 1254 non
1557 1225 1742 1264 movenda]

1047 1280 1145 1302 «non
1178 1270 1351 1303 laedenda
1386 1281 1501 1313 neque
1540 1274 1741 1312 irritanda»,

1046 1317 1229 1362 ἀκίνητα,
1267 1321 1490 1353 translatione
1527 1322 1571 1354 ab
1607 1324 1646 1355 iis
1679 1323 1743 1355 de-

1046 1371 1204 1410 sumpta,
1241 1371 1299 1410 qui
1324 1370 1469 1411 profano
1500 1371 1606 1403 modo
1633 1373 1744 1404 simu—

1046 1418 1139 1450 lacra
1164 1419 1310 1451 deorum
1336 1419 1413 1451 loco
1439 1429 1503 1452 sno
1529 1424 1672 1453 movent
1688 1421 1742 1453 vel

1047 1469 1152 1500 etiam
1166 1468 1343 1500 deiiciunt.
1365 1469 1490 1509 (Schol.
1502 1469 1586 1501 Plat.
1598 1471 1741 1502 Theaet.

1046 1527 1124 1559 pag.
1155 1518 1217 1549 900
1245 1517 1288 1556 b,
1319 1517 1378 1549 44:
1417 1514 1475 1550 ὅτι
1506 1516 1562 1560 μὴ
1591 1518 1650 1551 δεῖ
1676 1515 1742 1562 ἕδη

1044 1565 1141 1609 μηδὲ
1163 1563 1321 1608 βωμοὺς
1344 1570 1461 1598 κινεῖν
1484 1564 1511 1609 ἢ
1539 1565 1687 1609 τάφους
1718 1565 1745 1611 ἢ

1046 1610 1188 1661 ὅρους.)
1207 1632 1243 1638 -
1264 1617 1470 1656 Proserpina
1489 1619 1523 1648 et
1540 1618 1646 1649 Diana
1666 1619 1744 1658 (He-

1045 1666 1133 1705 cate)
1152 1666 1372 1705 potissimum
1390 1668 1642 1704 memorantur,
1662 1668 1742 1707 quia

1045 1716 1126 1745 sunt
1154 1714 1296 1745 numina
1326 1713 1521 1745 inferorum
1555 1724 1596 1745 ac
1621 1724 1743 1756 maga-

1045 1771 1142 1801 rum,
1171 1763 1264 1794 unde
1290 1766 1479 1803 praeerant
1502 1765 1610 1796 sacris
1635 1766 1743 1805 magi-

1045 1813 1106 1843 cis
1156 1812 1224 1843 Csr.
1252 1812 1356 1843 etiam
1382 1814 1420 1843 A.
1440 1814 1475 1844 P.
1495 1811 1569 1845 454.
1596 1830 1631 1836 —
1652 1815 1742 1851 Quo—

1046 1860 1151 1892 modo
1175 1861 1319 1893 Bothius
1344 1862 1377 1892 in
1402 1862 1462 1893 Per
1477 1865 1577 1902 atque
1592 1863 1740 1895 haerere

1046 1913 1080 1943 et
1113 1911 1174 1942 Per
1208 1914 1301 1949 teque
1334 1919 1532 1951 proponere
1568 1913 1739 1952 potuerit,

1045 1961 1101 1991 vix
1126 1959 1335 2000 intelligitur.
1359 1978 1393 1981 —
1413 1961 1614 2000 carminum]
1639 1961 1737 1992 ovid.

1045 2011 1122 2040 Am.
1142 2010 1180 2048 2,
1209 2010 1244 2047 t,
1271 2008 1329 2040 ⁶23:
1357 2009 1517 2040 Carmina
1539 2011 1741 2051 satzquitzeae

1046 2059 1207 2090 deducunt
1230 2066 1358 2088 cornua
1386 2059 1498 2090 Lunae
1519 2059 1562 2090 Et
1585 2064 1740 2091 revocant

1045 2108 1154 2139 niveos
1176 2107 1261 2139 Solis
1283 2107 1388 2138 euntis
1410 2116 1518 2147 equos.
1549 2127 1583 2130 —
1610 2109 1737 2150 Refioea]

1045 2158 1130 2188 Sunt
1171 2156 1270 2197 quasi
1303 2156 1391 2187 fixae
1423 2157 1456 2187 in
1495 2155 1593 2188 caelo
1618 2157 1738 2189 stellae

1046 2205 1140 2246 (Plin.
1161 2206 1199 2237 11.
1219 2206 1257 2236 N.
1278 2206 1314 2241 2
1341 2206 1377 2237 8:
1417 2206 1551 2241 Sidera,
1578 2215 1662 2245 quae
1685 2207 1740 2247 af-

1040 2256 1114 2296 fiaea
1143 2255 1288 2286 diaeimus
1314 2256 1446 2286 mundo.
1455 2255 1492 2296 );
1533 2255 1739 2288 devocando

1044 2305 1146 2344 igit-ur
1163 2306 1363 2345 refiyuntur,
1391 2304 1545 2335 efficiunt
1561 2313 1682 2345 sagae,
1702 2308 1740 2337 ut

1045 2353 1207 2385 decidant
1241 2353 1284 2384 de
1317 2352 1426 2384 caelo.
1467 2354 1558 2394 Vtrg.
1586 2356 1671 2386 Aen.
1697 2356 1736 2393 ὃ,

1044 2404 1125 2435 527:
1162 2403 1251 2435 caelo
1281 2412 1339 2434 ceu
1362 2412 1458 2443 saepe
1480 2405 1587 2445 refiaea
1618 2405 1739 2436 Trans-

1043 2456 1182 2484 currunt
1216 2453 1403 2492 crinemque
1443 2453 1591 2484 volantia
1629 2454 1739 2485 sidera

1045 2504 1178 2533 ducunt.
1215 2503 1435 2533 Deteriorem
1467 2501 1654 2534 lectionem
1683 2504 1741 2534 de-

1043 2552 1116 2592 fixa
1138 2551 1196 2591 qui
1222 2551 1441 2591 praeferunt,
1468 2551 1741 2591 interpretantur

1045 2599 1099 2631 x'el
1126 2599 1246 2631 «affixa
1278 2599 1416 2637 eaelo,»
1442 2599 1494 2631 vel
1521 2598 1738 2641 «δεδεμένα,

1048 2649 1315 2681 incantamentis
1339 2648 1475 2689 ligata.»

1091 2700 1120 2730 6.
1141 2699 1171 2730 7.
1198 2699 1329 2730 vocibus
1344 2698 1487 2739 —saeris]
1507 2697 1740 2730 «carminibus

1047 2748 1201 2788 magicis.
1211 2760 1225 2775 »
1239 2766 1272 2770 —
1290 2748 1556 2787 Citumquerelro
1564 2746 1659 2788 solve]
1675 2747 1739 2778 «ita
