1997 3219
329 160 411 200 690

874 163 1041 195 llORATu
1068 164 1233 195 EPODON

770 617 773 618 ’
791 610 1101 650 cARMEN
1140 611 1295 650 V111.

556 773 716 827 Rogare
749 771 875 827 longo
907 771 1096 827 putidam
1129 779 1168 814 te
1200 772 1372 816 seculo.

609 852 728 894 Vires
759 850 863 907 quid
895 858 1069 893 enervet
1099 853 1253 894 meas?

553 931 657 973 Cum
688 931 740 972 sit
772 930 844 972 tibi
877 930 983 973 dens
1013 939 1104 974 ater
1135 940 1176 974 et
1206 933 1322 989 rugis
1352 939 1474 974 vetus

612 1014 809 1053 Frontem
841 1018 1038 1054 senectus
1071 1020 1233 1061 exaret,

553 1092 735 1148 Hietque
766 1091 900 1147 turpis
932 1092 1041 1134 inter
1071 1091 1211 1135 aridas
1242 1100 1362 1136 nates
1744 1095 1767 1133 ‚¹3

412 1249 497 1280 VIII.
535 1249 643 1279 Inscr.
669 1246 758 1287 volg,
796 1247 834 1277 In
866 1255 968 1278 anum
1002 1246 1219 1279 libidinosam.
1261 1265 1295 1270 -
1335 1248 1549 1279 Prostitutam
1567 1249 1719 1287 putidam

369 1307 470 1330 anum
503 1301 647 1330 sectatur
684 1298 802 1338 (immo
825 1295 1017 1337 insectatur)
1041 1297 1124 1327 vitia
1158 1297 1306 1336 corporis
1335 1297 1404 1328 eius
1432 1297 1641 1337 proscribens
1674 1299 1722 1335 B,

368 1357 408 1379 ae
433 1347 590 1380 similiter
615 1355 644 1378 e.
674 1365 707 1369 —
734 1347 766 1378 2.
793 1347 880 1386 qnod
901 1346 994 1385 BS,C
1021 1346 1101 1387 (non
1125 1346 1194 1386 bc).
1224 1365 1259 1369 —
1285 1355 1416 1378 enerves
1438 1346 1479 1385 b,
1506 1350 1641 1378 enem‘at
1666 1348 1700 1378 S.

369 1490 453 1521 VIII.
510 1489 583 1520 Hoc
622 1496 764 1528 quoque
804 1495 947 1519 carmen
986 1489 1023 1519 ut

327 1539 436 1579 Epod.
464 1539 516 1569 42.
543 1539 577 1569 in
605 1536 892 1578 Inscriptionibus
918 1536 1024 1568 Codi—

326 1597 408 1620 cum
432 1587 564 1628 aliquot
596 1587 631 1617 in
660 1586 849 1618 Gratidiam
879 1594 1025 1626 compo-

326 1638 432 1669 situm
458 1645 536 1669 esse
562 1635 709 1673 dicitur,
746 1643 874 1676 parum
902 1636 1023 1675 utique

325 1685 566 1727 probabiliter.
614 1686 652 1716 In
687 1686 811 1716 neutro
852 1685 945 1715 enim
969 1682 1022 1714 ul-

325 1735 396 1767 lam
423 1736 640 1767 mentionem
675 1733 755 1765 facit
786 1733 911 1764 artium
946 1741 1023 1764 ma-

326 1786 503 1825 gicarum,
531 1783 658 1824 quihus
684 1781 739 1813 illa
764 1783 879 1823 ipsum
903 1790 1024 1822 perse-

327 1836 406 1866 cuta
432 1835 507 1865 erat
539 1834 643 1873 atque
677 1833 710 1863 in
743 1841 780 1863 se
814 1832 1020 1862 irritaverat.

327 1884 390 1915 Hic
415 1885 533 1915 autem
559 1880 778 1913 Archilochio
797 1880 903 1912 modo
928 1881 1025 1911 inve-

326 1933 420 1964 hitur
451 1933 483 1963 in
515 1930 699 1963 mulierem
724 1930 869 1961 divitem
894 1938 935 1960 ac
958 1938 1023 1960 no-

326 1981 451 2019 bilem,
494 1980 557 2012 sed
586 1979 758 2017 vetulam,
800 1978 1023 2010 libidinosam

327 2032 383 2069 et,
417 2029 511 2070 quod
534 2029 633 2070 peius
659 2030 749 2067 erat,
783 2026 884 2059 simul
909 2026 1024 2068 philo-

327 2079 487 2121 sopham.
548 2077 697 2116 Quidam
736 2078 846 2108 totam
884 2075 1023 2108 vetulae

327 2136 517 2170 personam
566 2127 685 2159 fictam
732 2126 940 2166 opinantur,
989 2125 1024 2156 id

329 2177 425 2218 quod
457 2177 541 2208 mihi
572 2177 604 2207 in
634 2176 738 2217 poeta
769 2175 894 2206 iuvene
920 2182 1024 2206 secus

327 2227 477 2258 videtur.
520 2225 583 2265 (Ad
618 2234 649 2256 a.
676 2234 710 2255 u.
737 2233 766 2255 e.
802 2223 876 2255 744.
917 2223 1026 2255 refert

329 2276 481 2314 Franke,
509 2273 699 2306 Grotesend
723 2274 767 2305 ad
791 2283 821 2304 a.
848 2273 936 2312 745.)

374 2325 445 2356 4-6.
487 2323 627 2365 Royare]
654 2323 841 2355 infinitivus
866 2322 1026 2362 indigna-

331 2374 444 2405 tionis.
501 2374 572 2404 Cie.
608 2371 692 2403 Phil.
727 2371 784 2410 44,
822 2372 863 2402 5:
906 2372 1026 2411 Quem-

330 2432 471 2463 quamne
493 2422 591 2462 suisse
623 2424 692 2453 tam
722 2421 934 2459 sceleratum,
971 2422 1027 2460 qut

328 2473 386 2504 hoc
402 2471 562 2513 fingeret?
585 2471 661 2502 Ter.
678 2471 764 2502 Eun.
780 2470 811 2508 ἓ,
833 2470 862 2508 4,
881 2469 915 2500 3;
935 2473 1028 2501 satne

331 2523 389 2553 hoc
406 2522 629 2553 mandatumst
650 2520 706 2552 tibi
719 2519 736 2550 t>
756 2519 794 2551 P.
814 2519 857 2550 ah
873 2519 1028 2559 Rogitare

331 2573 398 2601 eet.
426 2572 494 2602 Sat.
510 2571 541 2608 2,
561 2569 593 2609 4,
612 2569 673 2601 83·.
702 2569 760 2600 Ten
780 2568 904 2607 Iapides
915 2569 1030 2599 varios

331 2619 490 2651 lutulenta
526 2620 645 2651 radere
680 2616 824 2658 palma?
862 2636 896 2639 —
934 2618 1030 2657 longo

330 2669 481 2707 putidam
497 2685 514 2690 -
531 2667 654 2707 seculo]
701 2665 862 2697 «effetam
897 2666 1028 2697 senio.»

335 2717 486 2748 seculum
517 2716 609 2747 idem
641 2716 786 2747 sortasse
816 2713 1030 2746 vocabulum

1074 1488 1179 1528 atque
1205 1483 1355 1528 ἡλικία,
1381 1488 1483 1520 simili
1499 1489 1769 1529 transpositione

1075 1546 1115 1568 ao
1142 1535 1290 1581 μορφή,
1317 1538 1439 1578 somna.
1480 1537 1643 1570 Similiter
1665 1547 1770 1570 anum

1075 1586 1244 1618 describit
1267 1586 1329 1618 Od.
1349 1586 1385 1625 4,
1405 1586 1462 1625 43,
1489 1587 1507 1618 9
1525 1596 1602 1627 sqq.
1632 1605 1667 1609 —
1694 1588 1771 1618 dens

1075 1636 1163 1676 ater]
1197 1644 1260 1675 pro
1284 1634 1408 1676 plurali
1438 1634 1561 1675 (dentes
1590 1636 1657 1666 atri
1682 1636 1766 1676 Epp.

1075 1685 1112 1722 4,
1144 1684 1180 1721 8,
1210 1683 1272 1723 7.),
1319 1692 1434 1723 neque
1466 1684 1769 1724 interpretandum

1074 1741 1155 1764 cum
1172 1731 1263 1770 aliis,
1289 1741 1399 1763 unum
1417 1732 1560 1764 dentem
1576 1733 1714 1773 nigrum
1739 1734 1770 1764 ei

1074 1782 1301 1819 remansisse,
1321 1784 1458 1814 ceteros
1476 1791 1555 1814 eam
1573 1783 1767 1823 exspuisse.

1075 1830 1124 1862 Cf.
1152 1831 1261 1871 Epod.
1282 1831 1312 1869 6,
1334 1831 1385 1862 45.
1413 1849 1448 1854 -
1472 1834 1564 1862 vetus
1579 1849 1597 1854 -
1614 1832 1768 1873 seneclus]

1075 1880 1212 1911 Terent.
1233 1880 1318 1911 Eun.
1335 1879 1372 1918 4,
1391 1879 1426 1917 4,
1446 1881 1481 1911 Ἤ
1499 1890 1505 1911 ;
1530 1881 1590 1911 Hic
1607 1883 1651 1912 est
1665 1884 1769 1920 vetus,

1071 1929 1187 1963 vietus.
1204 1932 1392 1960 veternosas
1407 1938 1515 1960 senex.
1543 1929 1664 1961 Tibull.
1686 1930 1716 1968 4,
1733 1930 1768 1968 8,

1074 1978 1135 2009 5οε
1161 1981 1284 2009 veteres
1299 1995 1344 2000 -—
1357 1987 1463 2017 senes,
1481 1978 1647 2009 flaccidos
1664 1980 1770 2020 atque

1075 2026 1282 2058 imbellicos.
1298 2045 1333 2049 —
1353 2026 1480 2067 cavaret]
1500 2027 1564 2058 «ita
1579 2029 1617 2058 ut
1633 2028 1666 2059 in
1681 2027 1772 2059 fron-

1075 2078 1108 2108 te
1134 2076 1267 2108 habeas
1290 2075 1396 2108 veluti
1416 2075 1532 2108 sulcos
1557 2085 1768 2117 rugarum.»

1074 2125 1166 2165 Virg.
1192 2126 1279 2156 Aen.
1306 2125 1342 2163 7,
1369 2124 1450 2157 4⁴7:
1476 2125 1618 2165 frontem
1641 2125 1771 2157 obscoe-

1074 2183 1153 2206 nam
1184 2174 1277 2214 rayz's
1301 2177 1391 2205 arat.
1428 2175 1478 2205 De
1504 2174 1721 2215 Cercopihus
1751 2183 1771 2205 a

1074 2225 1155 2255 Iove
1188 2224 1221 2255 in
1251 2223 1371 2255 simias
1399 2223 1540 2255 mutatis
1565 2224 1662 2255 Ovid.
1688 2224 1768 2255 Met.

1077 2272 1134 2311 44,
1154 2272 1212 2304 96:
1239 2272 1332 2312 rugis
1343 2273 1521 2312 peraravit
1537 2272 1679 2304 anilibus
1694 2281 1767 2304 ora.

1079 2340 1113 2343 —
1141 2320 1275 2361 crudae]
1302 2329 1413 2361 «quae
1438 2320 1557 2353 cibum
1585 2330 1655 2353 non
1686 2330 1771 2353 con-

1077 2370 1195 2411 coquit
1219 2370 1370 2410 ideoque
1396 2379 1462 2402 nec
1487 2370 1675 2402 continet.»

1119 2419 1214 2451 7-40.
1246 2419 1309 2451 Sed
1339 2419 1468 2460 incitat]
1500 2419 1589 2451 «Sed
1624 2419 1771 2452 sortasse

1077 2468 1217 2510 putabis
1251 2469 1385 2500 incitari
1420 2478 1477 2501 me
1513 2468 1558 2500 ad
1593 2477 1772 2500 amorem»

1078 2519 1145 2550 eet.
1168 2536 1202 2540 —-
1224 2518 1348 2559 putres]
1368 2517 1562 2559 «pendulae
1580 2519 1616 2549 et
1639 2517 1770 2551 laxae.»

1082 2585 1117 2590 —
1144 2567 1347 2607 tumentibus]
1380 2576 1470 2608 aqua
1494 2567 1665 2599 intercute
1690 2574 1773 2607 pro-

1079 2617 1158 2657 pter
1182 2617 1340 2648 exactam
1364 2617 1526 2647 aetatem.
1557 2635 1591 2638 —
1611 2614 1772 2653 additum]

1081 2665 1201 2706 «quasi
1232 2665 1458 2697 additamenti
1489 2664 1565 2696 loco
1597 2664 1772 2705 superim—

1080 2714 1267 2755 positum.»
1316 2713 1422 2745 «Nihil
1456 2714 1573 2744 autem
1604 2714 1675 2743 tam
1708 2711 1772 2743 d'e-
