1997 3219
314 260 394 300 358
826 261 995 292 HORATII
1022 262 1243 294 CARMJNUM

537 363 768 419 Rebusque
799 363 980 405 fidentes
1010 364 1146 407 avitae

591 445 715 485 Tecta
744 443 872 485 velint
902 457 1103 500 reparare
1134 445 1294 490 Troiae.
1696 447 1749 487 60

479 549 627 590 Troiae
659 561 890 590 renascens
923 548 1019 590 alite
1052 547 1218 604 lugubri

480 630 666 670 Fortuna
695 628 800 670 tristi
833 628 953 671 clade
986 628 1222 679 iterabitur,

531 709 721 751 Ducente
751 708 949 752 victrices
980 716 1173 752 catervas

592 789 781 845 Coniuge
811 803 879 833 me
912 790 1023 832 Iovis
1054 797 1096 832 et
1127 803 1287 832 sorore.

477 894 555 935 Ter
587 894 621 935 si
653 901 848 949 resurgat
877 908 1024 936 murus
1056 899 1217 937 aeneus

475 974 658 1015 Auctore
688 973 883 1024 Phoebe,
922 980 985 1016 ter
1014 982 1163 1030 pereat
1192 975 1298 1017 meis

1698 897 1750 937 65

533 1053 710 1096 Excisus
740 1054 925 1110 Argivis,
958 1061 1022 1096 ter
1051 1068 1159 1096 uxor

593 1134 724 1189 Capta
757 1134 896 1175 virum
926 1148 1174 1191 puerosque
1203 1135 1352 1191 ploret.

479 1241 571 1281 Non
602 1239 683 1282 hoc
714 1239 887 1281 iocosae
917 1240 1143 1282 conveniet
1170 1239 1316 1297 lyrae:

398 1370 450 1401 66.
478 1370 622 1400 Ductore
644 1378 735 1401 unus
752 1369 892 1401 Achillis
909 1370 1021 1407 Statii,
1048 1369 1136 1400 alter
1152 1370 1314 1410 Cruquii,
1339 1371 1397 1411 qui
1414 1372 1564 1412 recepit,
1589 1374 1712 1405 tertius

355 1418 556 1456 Pulmanni;
595 1419 707 1450 reiicit
744 1417 937 1457 Bentleius,
978 1418 1181 1450 dubitanter
1218 1417 1421 1460 proponens
1455 1421 1635 1453 Structore.
1675 1441 1709 1445 -

356 1468 408 1498 67.
438 1468 611 1499 Exscissus
638 1468 674 1499 L.
704 1485 739 1489 —
766 1467 819 1498 69.
844 1468 924 1498 haec
939 1486 957 1490 —
978 1486 996 1490 —
1012 1469 1200 1499 convenient
1224 1469 1247 1499 L
1261 1494 1268 1507 ,
1292 1469 1372 1500 haec
1387 1487 1406 1492 -
1421 1488 1439 1492 -
1455 1471 1652 1503 conveniunt
1674 1473 1709 1503 F.

358 1516 430 1556 (hoe
445 1534 463 1539 —
479 1534 497 1539 -
513 1517 685 1548 conveniat
707 1520 813 1557 χψω,
839 1518 926 1548 Pott.
947 1516 1029 1548 duo.
1056 1518 1096 1550 Ut
1117 1525 1196 1556 nos,
1223 1518 1358 1558 nostri.)
1387 1538 1422 1542 —-
1448 1520 1543 1559 lyrae
1568 1528 1638 1552 om.
1657 1521 1694 1552 T.

316 1636 423 1668 quam
438 1628 605 1668 pietatem
617 1626 855 1668 pulcherrime
869 1636 1011 1668 expres-

1061 1629 1074 1660 4
1093 1654 1100 1667 ,
1127 1629 1190 1661 46:
1223 1631 1280 1662 Asc
1303 1640 1379 1672 890,
1406 1641 1490 1671 quae
1513 1633 1622 1664 divom
1643 1634 1756 1664 incedo

315 1678 360 1708 sit
383 1677 514 1708 Ennius
537 1676 660 1708 Annal.
688 1675 747 1715 44,
774 1676 804 1707 9.
846 1677 907 1708 Ed.
935 1678 1010 1709 Me-

1059 1680 1179 1720 reyina
1192 1680 1340 1720 Iovisque
1355 1682 1397 1712 Et
1411 1690 1507 1712 soror
1522 1685 1552 1713 et
1566 1683 1700 1713 conizw.

315 1725 432 1765 rulae,
470 1726 531 1757 ubi
561 1727 706 1758 Romani
739 1725 828 1757 duce
864 1727 900 1757 L.
928 1727 1012 1758 Cor-

316 1775 406 1807 nelio
444 1776 605 1816 Scipione
647 1775 833 1816 (Asiatico)
871 1776 1009 1807 Troiam

317 1826 470 1866 primum
490 1825 747 1866 conspicientes
765 1825 799 1856 in
816 1825 880 1856 has
904 1833 1010 1856 voces

318 1875 568 1915 prorumpunt:
614 1874 639 1904 O
669 1875 810 1913 patria,
847 1884 865 1905 ο
903 1875 1011 1905 clivom

317 1924 431 1954 (lomus
459 1923 556 1954 Ilium
583 1926 614 1954 et
636 1923 760 1954 incluta
783 1923 863 1954 bello
885 1924 1012 1964 Pet-ya-

316 1974 396 2003 ma!
412 1990 447 1994 —
464 1973 571 2003 Pietas
593 1973 712 2003 autem
737 1971 954 2004 coloniarum
977 1973 1011 2003 in

317 2019 570 2066 μητροπόλεις
615 2021 748 2052 dirutas
794 2021 1009 2061 requirebat,

318 2073 373 2109 ut,
400 2072 429 2102 si
453 2071 529 2102 fieri
551 2072 689 2111 posset,
716 2079 775 2101 eas
792 2071 1010 2111 repararent.

319 2120 388 2152 Cfr.
427 2121 549 2160 l‘leyne
584 2121 710 2160 Opusc.
748 2120 772 2150 Ι.
809 2128 843 2159 p.
870 2120 944 2151 34¹2.
974 2137 1009 2142 —

316 2169 458 2210 fidentes]
486 2169 662 2210 «potentia
686 2177 748 2200 sua
772 2169 875 2200 nimis
899 2168 1011 2200 freti.»

363 2250 416 2281 6⁴.
467 2250 582 2280 Troiae
613 2249 700 2290 cet]
735 2250 881 2280 «Troiae
912 2248 1012 2280 malis

320 2299 482 2339 auspiciis
499 2299 715 2329 renascentis
739 2298 875 2329 fortuna
892 2306 1014 2330 rursus

321 2348 447 2379 cadem
473 2348 554 2385 erit,
581 2356 671 2387 quae
695 2348 825 2378 veteris
852 2347 932 2385 suit,
965 2347 1015 2378 fu-

321 2398 533 2435 nestumque
559 2395 734 2427 excidium
768 2404 895 2427 novam
924 2404 1015 2436 quo-

321 2454 389 2486 que
403 2444 530 2476 urbem
544 2444 734 2475 manebit.»
753 2462 787 2466 —
804 2444 855 2475 Ad
868 2454 923 2475 vv.
939 2445 1015 2475 alite

321 2494 453 2535 lugubri
478 2493 551 2534 (Od.
579 2494 615 2532 4,
649 2494 709 2532 45,
739 2494 781 2524 5:
817 2493 1014 2534 mala-avi.)

323 2544 500 2574 memento
541 2544 721 2583 auspicato
757 2543 858 2573 condi
898 2542 1016 2574 solitas

322 2600 400 2623 esse
426 2590 544 2623 urbes.

366 2666 417 2697 63.
445 2665 497 2697 64.
522 2665 689 2705 victrices]
716 2674 895 2705 «quarum
913 2666 1018 2696 vicio-

324 2717 372 2746 ria
398 2716 525 2746 iterum
550 2716 644 2747 certa
671 2716 757 2745 est.»
787 2733 821 2736 ——
857 2715 1015 2755 Coniuge]

324 2763 416 2794 Iliad.
446 2773 488 2801 π,
515 2764 593 2796 432:
628 2759 744 2808 ἽΙρην
760 2761 799 2794 δὲ
816 2764 1017 2807 προσέειπε

326 2810 557 2854 κασιγνήτην
574 2808 717 2851 ἄλοχόν
734 2822 783 2844 τε.
817 2813 906 2852 Virg.
927 2815 1013 2845 Aen.

1104 1741 1156 1772 65.
1185 1742 1254 1783 Ter]
1268 1750 1438 1774 numerus
1453 1743 1625 1783 poeticus.
1646 1744 1757 1782 «Quo-

1060 1790 1126 1822 ties
1160 1794 1321 1832 resurget
1354 1800 1477 1823 murus
1510 1791 1566 1823 vel
1596 1792 1757 1825 firmissi-

1061 1847 1158 1878 mus,
1216 1841 1380 1881 auspiciis
1420 1849 1461 1872 ac
1500 1840 1609 1872 ductu
1647 1842 1756 1882 ipsius

1061 1888 1212 1928 Phoebi,
1244 1890 1369 1930 prioris
1395 1890 1500 1921 etiam
1524 1891 1645 1922 Troiae
1671 1899 1757 1922 con—

1062 1937 1217 1969 ditoris.»
1256 1938 1352 1970 Pind.
1373 1938 1509 1980 Olymp.
1525 1940 1561 1978 8,
1581 1940 1633 1971 31¹.
1661 1941 1754 1980 Virg.

1063 1987 1122 2017 Ge.
1141 1987 1179 2026 3,
1205 1987 1262 2019 36:
1302 1989 1418 2020 Troiae
1445 1988 1601 2027 Cynthius
1627 1992 1754 2021 auctor.

1106 2049 1159 2079 67.
1184 2048 1331 2089 Argivis]
1360 2050 1460 2089 Argis
1485 2048 1757 2082 celeberrimum

1063 2096 1146 2128 illud
1168 2098 1309 2129 Iunonis
1333 2097 1504 2138 templum
1529 2100 1614 2130 erat.

1107 2158 1160 2190 69.
1196 2159 1271 2190 Νοη
1302 2158 1376 2200 hoc]
1416 2159 1522 2191 Simili
1554 2159 1681 2199 modo,
1722 2163 1759 2192 ut

1064 2207 1126 2239 Od.
1152 2208 1191 2245 2,
1219 2209 1231 2239 ’1
1248 2233 1255 2247 ,
1281 2208 1358 2247 37.,
1395 2218 1414 2239 a
1441 2210 1545 2240 cantu
1569 2210 1671 2241 nimis
1695 2217 1759 2240 au-

1065 2258 1161 2296 daci,
1200 2259 1235 2289 et
1257 2258 1317 2298 qui
1339 2266 1424 2290 suae
1449 2259 1547 2299 po'e'si
1570 2259 1604 2290 in
1629 2259 1759 2290 amori—

1065 2307 1131 2338 bus
1153 2307 1317 2347 vitaeque
1347 2306 1437 2339 laeto
1460 2316 1526 2339 usu
1549 2306 1758 2348 plerumque

1066 2357 1218 2387 versanti
1245 2357 1360 2388 miuus
1385 2358 1485 2397 aptus
1508 2357 1570 2395 sit,
1597 2365 1677 2388 sese
1702 2365 1759 2387 re-

1066 2407 1178 2437 vocat.
1239 2405 1398 2438 Mcliores
1435 2408 1553 2437 autem
1587 2405 1682 2444 libri,
1723 2407 1761 2437 ut

1067 2463 1190 2486 omnes
1225 2455 1377 2486 Pottierii
1413 2456 1552 2495 praeter
1584 2455 1604 2486 8
1639 2456 1674 2486 et
1707 2454 1756 2485 ⁴3.

1068 2504 1137 2544 (qui
1160 2505 1315 2544 pessime
1347 2504 1405 2535 hoc
1421 2522 1438 2526 —
1454 2503 1638 2545 conveniat)
1668 2503 1726 2534 hoc
1743 2520 1759 2525 —

1066 2554 1254 2593 conveniet,
1282 2553 1348 2585 tale
1373 2562 1527 2585 ausum.-

1111 2616 1163 2646 70.
1201 2615 1322 2655 tendis]
1360 2616 1417 2646 «ln
1448 2623 1490 2645 eo
1515 2622 1575 2652 es,
1611 2614 1649 2643 ut.
1672 2612 1760 2644 sines

1069 2663 1130 2695 tibi
1153 2665 1392 2705 praescriptos
1417 2664 1580 2703 migres.»
1612 2680 1646 2684 —
1678 2670 1761 2700 pet·-

1065 2713 1183 2753 viem]
1232 2713 1388 2745 similiter
1422 2714 1460 2743 ut
1492 2710 1512 2742 1.
1551 2710 1572 2741 l.
1604 2719 1758 2750 procaoe,

1071 2763 1205 2795 «minus
1222 2761 1423 2794 verecunda
1440 2762 1545 2801 atque
1571 2760 1676 2791 nimio
1701 2761 1760 2791 tuo

1069 2813 1182 2844 studio
1200 2812 1242 2844 ad
1261 2812 1493 2843 temeritatem
1509 2817 1618 2850 prope
1637 2807 1759 2840 elata.»
