1997 3219
847 204 1014 235 lloRATn
1041 203 1260 234 ‹IARixllNL'M

561 310 652 350 Huc
685 309 779 349 vina
811 314 852 349 et
882 313 1096 362 unguenta
1127 313 1168 348 et
1199 304 1375 346 nimium
1407 303 1559 346 breves

560 385 705 430 Flores
737 401 943 429 amoenae
975 386 1084 428 ferre
1117 386 1216 429 iube
1248 401 1392 435 rosae,

620 470 725 509 Dum
757 481 825 509 res
857 474 898 509 et
928 474 1044 509 aetas
1076 474 1117 508 et
1148 480 1343 509 sororum
1730 467 1774 507 1Ξό

672 547 758 589 Fila
791 547 915 589 trium
946 540 1168 603 patiuntur
1192 555 1293 589 atra.

560 653 698 696 Cedes
730 653 936 709 coemptis
969 651 1147 694 saltibus
1179 659 1221 695 et
1253 652 1382 694 domo

558 732 751 789 Villaque
783 732 918 775 ssavus
949 746 1079 789 quam
1110 732 1272 775 Tiberis
1304 732 1422 775 lavit.

618 813 756 856 Cedes
789 820 830 855 et
860 813 1084 856 exstructis
1116 813 1157 855 in
1189 813 1318 855 altum

427 959 474 989 13.
508 959 613 990 brevis
641 958 694 989 BT
720 958 922 998 (retinentes
949 957 1133 996 amoenae),
1159 956 1296 987 brevis-
1312 973 1330 978 -
1347 963 1500 986 amoenos
1524 956 1548 986 C
1575 964 1594 986 e
1621 955 1731 987 Codd.

383 1007 507 1047 (Habet
530 1007 640 1038 breves
655 1025 672 1029 -
688 1024 706 1029 —
723 1015 881 1037 amoenae
904 1006 951 1045 d.)
987 1023 1021 1027 —
1057 1005 1108 1036 47.
1135 1005 1234 1035 clo-mu
1257 1005 1290 1036 F.
1320 1022 1356 1026 —
1384 1004 1435 1036 48.
1460 1005 1565 1045 slavos
1588 1005 1731 1045 antiqua

381 1057 553 1097 scriptura
577 1057 614 1087 B.
644 1074 677 1078 —-
705 1056 797 1086 lavat
820 1056 884 1094 BT,
912 1056 996 1086 item
1020 1052 1040 1084 ὁ
1066 1062 1121 1094 ap.
1148 1054 1286 1085 Kirchn.
1314 1055 1353 1085 N.
1383 1054 1421 1092 Q.
1449 1054 1530 1085 Hor.
1557 1062 1591 1094 p.
1619 1053 1672 1085 56.

335 1187 398 1218 rivi
422 1194 583 1217 murmur
606 1186 749 1217 oritur.»
797 1185 883 1225 Epp.
911 1185 948 1222 sl,
975 1184 1027 1221 40,

336 1236 371 1268 2¹!
391 1245 397 1266 :
431 1243 516 1274 quae
535 1243 597 1274 per·
621 1243 767 1274 pronum
789 1234 934 1273 trepidat
956 1241 1031 1264 cum

334 1293 506 1316 murmure
541 1284 664 1315 rivum.
723 1285 856 1315 Seneca
896 1283 1027 1315 Phoen.

336 1335 410 1366 446.
436 1333 571 1365 Baden:
598 1334 673 1365 Due
688 1351 706 1355 -
721 1351 740 1355 —
759 1333 817 1364 Ubi
839 1342 944 1364 curva
968 1342 1031 1364 ra—

330 1383 430 1423 pidus
476 1384 576 1414 ducat
620 1383 764 1414 Ismenos
806 1383 909 1413 vada.
959 1381 1027 1413 Cfr.

334 1431 530 1465 Wakefield
555 1430 634 1463 Silv.
661 1431 734 1462 crit.
762 1432 816 1463 III.
841 1440 875 1472 p.
903 1431 955 1462 51.

384 1506 433 1537 13.
459 1505 540 1546 Huc]
569 1506 663 1537 «Huc
681 1505 800 1545 igitur,
827 1514 870 1537 ne
888 1505 945 1536 1110
962 1503 1033 1536 alii-

338 1564 406 1595 que
431 1554 562 1587 similes
587 1554 671 1593 loci,
698 1556 771 1585 tam
787 1555 938 1593 amoeni,
964 1554 1034 1585 fru-

338 1606 408 1635 stra
432 1612 496 1635 nos
528 1604 692 1635 invitasse
716 1603 927 1635 videantur»
961 1604 1027 1634 cet<

342 1672 375 1675 ρ
395 1653 514 1694 breves]
533 1653 601 1685 Cfr.
621 1652 683 1683 Od.
706 1654 717 1684 v'l
734 1679 740 1691 ,
768 1653 827 1691 36,
856 1652 912 1683 46:
939 1652 1032 1682 breve

336 1703 451 1733 lilium.
477 1702 607 1741 Σοφία
630 1701 719 1732 Σαλ.
746 1703 784 1740 ⁵2,
811 1702 849 1733 8:
877 1698 1032 1741 στεψώ-

336 1751 438 1792 μεθα
461 1748 583 1796 ῥόδων
606 1748 740 1791 κάλυξι
780 1751 866 1796 πρὶν
898 1746 923 1792 ἢ
955 1760 1032 1791 μα-

338 1797 534 1845 ρανθῆναι.
555 1802 644 1832 Cum
662 1801 766 1832 brevis
785 1809 902 1832 aecus.
923 1800 1028 1840 antiq.

337 1859 400 1891 pro
425 1851 575 1891 genitivo
607 1848 770 1889 singulari
794 1849 967 1881 haberent
991 1848 1032 1880 li-

339 1899 460 1935 brarii,
502 1908 678 1937 amoenae,
721 1908 811 1940 quae
846 1899 1031 1930 manifesto

339 1957 464 1980 manus
503 1950 555 1980 est
594 1949 743 1987 Horatii,
785 1949 963 1980 mutarunt
998 1948 1031 1978 in

339 2007 502 2030 amoenos.
550 1999 729 2038 Frequens
753 1999 872 2029 autem
896 1997 963 2028 11οο
981 1998 1034 2028 est

340 2056 500 2079 rosarum
524 2045 708 2078 ἐπίθετον.
743 2045 842 2087 Apul.
877 2047 955 2078 Met.
993 2044 1031 2083 4,

339 2099 376 2128 2:
403 2105 499 2127 rosas
522 2100 652 2128 teneras
674 2100 703 2127 et
727 2104 895 2126 amoenas.
934 2094 1031 2125 Ovid.

340 2146 439 2177 Trist.
472 2147 509 2184 5,
543 2146 580 2184 ⁶2,
614 2145 672 2177 023:
711 2153 854 2177 amoena
886 2145 1032 2175 rosaria.

338 2195 450 2226 Flores
473 2196 591 2227 autem
613 2203 726 2233 rosae,
752 2194 791 2225 ut
814 2193 876 2225 Od.
904 2193 939 2232 3,
974 2193 1032 2232 ⁶29,

340 2244 377 2275 3:
414 2244 495 2276 Cum
516 2245 616 2285 flore,
642 2245 834 2279 Maecenas,
866 2251 1032 2274 rosarum.

341 2294 375 2324 et
394 2292 592 2325 Archiloch.
612 2293 664 2323 Fr.
684 2292 714 2323 7.
732 2301 766 2333 p.
786 2292 838 2323 76.
866 2291 960 2323 Lieb.
980 2291 1032 2323 82.

341 2342 572 2374 Schneidew:
589 2337 764 2379 Ἔχουσα
781 2338 922 2372 θαλλὸν
937 2351 1035 2385 μυρ-

341 2392 449 2433 σίνης
478 2391 651 2435 ἐτέρπετο
671 2386 820 2431 Ῥοόέης
850 2400 889 2421 τε
916 2388 1035 2422 καλὸν

339 2437 470 2480 ἄνθος.
507 2459 542 2463 —
568 2441 764 2471 venustum
796 2440 968 2480 hymnum
1001 2441 1035 2472 in

344 2490 503 2522 «Florum
519 2490 695 2529 reginam»
714 2488 790 2529 lege
813 2489 906 2530 apud
924 2489 1036 2521 Achil-

344 2539 413 2571 lem
438 2539 574 2571 Tatium
597 2547 631 2580 p.
658 2539 710 2570 ⁶26.
738 2538 873 2570 lacobs.

386 2614 437 2644 45.
466 2613 526 2653 res]
554 2612 643 2644 «tota
669 2612 758 2644 vitae
778 2614 857 2644 tuae
876 2612 1035 2644 condicio

344 2671 383 2692 ae
401 2662 555 2702 singulae
574 2661 814 2698 occasiones;»
838 2670 924 2693 non:
950 2657 1037 2694 «οῦ-

345 2712 427 2750 σία,
462 2711 759 2751 113111111011111111μ)
796 2719 910 2751 neque
944 2712 1037 2743 enim

346 2760 575 2792 metuendum
602 2762 690 2792 erat.
718 2769 760 2792 ne
778 2759 927 2792 Dellium
952 2768 1037 2800 opes

1082 1182 1126 1214 ad
1161 1183 1362 1215 huiusmodi
1394 1184 1591 1224 potationes
1622 1193 1779 1225 unquam

1081 1232 1286 1265 deficerent.
1335 1233 1473 1264 Terent.
1500 1232 1648 1274 Adelph.
1674 1235 1712 1272 5,
1742 1233 1774 1269 4,

1080 1283 1118 1314 2:
1168 1282 1253 1321 Quin
1283 1291 1355 1320 res,
1401 1285 1512 1321 aetem,
1547 1292 1626 1315 usus
1653 1291 1780 1323 semper

1081 1332 1209 1370 aliquid
1236 1334 1390 1370 apportet
1416 1332 1504 1362 nori.
1541 1350 1576 1353 —-
1613 1332 1778 1373 sororum]

1081 1382 1221 1412 «Donec
1240 1382 1370 1412 Parcae
1388 1381 1536 1413 sinent.»
1563 1381 1666 1421 (virg.
1685 1382 1771 1413 Aen.

1082 1432 1134 1469 11⁴2,
1162 1430 1249 1470 447.)
1285 1432 1476 1462 Parcarum
1507 1433 1586 1462 atra
1618 1431 1782 1462 dicuntur

1082 1479 1156 1518 fila,
1201 1479 1311 1519 «quia
1347 1472 1440 1510 nune
1475 1479 1619 1519 quidem
1655 1480 1782 1511 nentur

1082 1528 1209 1567 Dellio,
1236 1528 1300 1559 sed
1320 1528 1521 1560 necessario
1539 1530 1691 1560 morien]
1708 1530 1782 1560 tan-

1082 1578 1165 1609 dem
1187 1578 1219 1608 ei
1235 1577 1416 1608 afferent.»
1456 1579 1604 1618 Propter
1621 1577 1779 1610 ultimam

1082 1628 1174 1658 hane
1200 1627 1449 1658 necessitatem
1474 1627 1580 1658 etiam
1598 1626 1683 1658 dum
1700 1627 1782 1658 vivit

1083 1675 1206 1715 aliquis
1244 1676 1393 1706 stamina
1425 1675 1523 1715 pulla
1563 1676 1727 1707 dicuntur
1761 1685 1779 1707 a

1083 1723 1236 1757 Martiale
1272 1733 1413 1764 quoque
1449 1724 1485 1762 11,
1523 1724 1581 1764 73,
1620 1724 1650 1757 4.
1692 1725 1775 1756 Stat.

1082 1774 1191 1806 Theb.
1219 1774 1256 1812 6,
1284 1773 1365 1805 369;
1396 1774 1450 1804 Sic
1472 1775 1558 1805 Iovis
1582 1774 1722 1814 imperia
1749 1778 1777 1805 et

1081 1825 1200 1864 m'gyrae
1232 1823 1365 1854 voluere
1404 1832 1543 1854 sorores.
1595 1823 1781 1864 (Schrade—

1083 1881 1143 1904 rus
1178 1871 1331 1903 malebat
1367 1872 1462 1910 alba,
1499 1872 1539 1903 H.
1573 1871 1780 1913 Peerlkamp

1083 1925 1182 1960 arta,
1216 1920 1303 1952 alius
1337 1920 1480 1961 qu1da1n
1510 1920 1619 1960 hirta,
1656 1929 1781 1952 omnes

1084 1970 1233 2010 frustra.)

1129 2046 1181 2076 117.
1212 2045 1380 2085 coemptis]
1409 2044 1667 2085 «emptionibus
1692 2045 1783 2076 inter

1085 2103 1123 2125 se
1158 2102 1223 2134 per
1256 2093 1398 2133 longum
1434 2094 1583 2125 tractum
1622 2094 1779 2126 iunctis».

1085 2152 1176 2183 quae
1202 2145 1284 2174 tunc
1307 2142 1523 2184 locupletum
1548 2144 1623 2174 erat
1644 2143 1782 2185 cupidi-

1086 2194 1149 2224 tas.
1187 2210 1222 2214 -
1255 2192 1401 2233 saltibus]
1437 2193 1571 2224 Pascua
1607 2191 1691 2224 dicit
1725 2193 1782 2224 hie

1085 2241 1272 2274 arboribus
1296 2240 1409 2273 obsita
1434 2241 1585 2273 maxime
1610 2241 1645 2273 in
1673 2243 1783 2282 regio-

1086 2291 1188 2323 nibus
1213 2291 1420 2325 montuosis.
1448 2289 1562 2331 qualia
1579 2290 1703 2322 divites
1719 2291 1783 2322 Ro-

1086 2341 1178 2372 mani
1209 2348 1273 2381 per
1303 2339 1502 2372 Calabriam
1533 2341 1567 2371 et
1595 2339 1781 2371 Lucaniam

1084 2388 1326 2431 possidebant,
1352 2389 1437 2429 Epp.
1463 2389 1495 2427 ⁶2,
1522 2389 1554 2427 ⁶2,
1583 2388 1665 2419 476:
1696 2389 1782 2427 Quid

1083 2440 1148 2470 vici
1167 2441 1307 2478 prosunt
1336 2441 1395 2469 aut
1423 2439 1544 2469 horrea
1568 2438 1686 2475 quidve
1714 2438 1780 2469 Ca—

1086 2488 1189 2520 labris
1227 2487 1372 2519 Saltibus
1409 2486 1529 2518 adiecti
1568 2486 1716 2525 Lucani,
1755 2488 1782 2516 si

1085 2538 1175 2570 metit
1199 2538 1302 2569 Orcus
1326 2537 1480 2569 Grandia
1503 2544 1577 2567 eum
1595 2535 1738 2575 parvis?

1134 2612 1183 2643 18.
1219 2611 1336 2653 slavus]
1374 2610 1441 2642 Cl'r.
1479 2609 1541 2640 Od.
1578 2610 1615 2647 1¹,
1652 2610 1692 2647 ¹³2,
1728 2609 1778 2639 13.

1086 2663 1191 2702 slavos
1234 2661 1267 2692 in
1309 2659 1394 2692 Cod.
1438 2659 1475 2690 B.
1514 2658 1688 2698 antiquior
1729 2659 1781 2689 est

1088 2710 1279 2750 scriptura,
1317 2717 1385 2740 non
1418 2716 1528 2739 error.
1559 2726 1593 2729 —
1619 2706 1711 2747 lavil]
1744 2707 1780 2737 In

1088 2757 1240 2801 μέλεσιν
1287 2758 1447 2789 Horatius
1493 2765 1634 2798 semper
1677 2756 1782 2787 utitur
