<?xml version="1.0" encoding="UTF-8"?>
<!DOCTYPE html PUBLIC "-//W3C//DTD XHTML 1.0 Transitional//EN"
    "http://www.w3.org/TR/xhtml1/DTD/xhtml1-transitional.dtd">
<html xmlns="http://www.w3.org/1999/xhtml" xml:lang="en" lang="en">
 <head>
  <title>
</title>
<meta http-equiv="Content-Type" content="text/html;charset=utf-8" />
  <meta name='ocr-system' content='tesseract 3.04.00' />
  <meta name='ocr-capabilities' content='ocr_page ocr_carea ocr_par ocr_line ocrx_word'/>
</head>
<body>
  <div class='ocr_page' id='page_1' title='image "./qhoratiusflaccus01horauoft/qhoratiusflaccus01horauoft_0396.png"; bbox 0 0 1997 3219; ppageno 0'>
   <div class='ocr_carea' id='block_1_1' title="bbox 349 187 1274 228">
    <p class='ocr_par' dir='ltr' id='par_1_1' title="bbox 349 187 1274 228">
     <span class='ocr_line' id='line_1_1' title="bbox 349 187 1274 228; baseline 0.003 -10"><span class='ocrx_word' id='word_1_1' title='bbox 349 187 433 228; x_wconf 63' lang='lat'>3452</span> <span class='ocrx_word' id='word_1_2' title='bbox 861 190 1027 220; x_wconf 68' lang='lat' dir='ltr'>uom’ru</span> <span class='ocrx_word' id='word_1_3' title='bbox 1055 191 1274 221; x_wconf 65' lang='lat' dir='ltr'>CARMINUM</span> 
     </span>
    </p>
   </div>
   <div class='ocr_carea' id='block_1_2' title="bbox 857 543 1281 584">
    <p class='ocr_par' dir='ltr' id='par_1_2' title="bbox 857 543 1281 584">
     <span class='ocr_line' id='line_1_2' title="bbox 857 543 1281 584; baseline -0.005 0"><span class='ocrx_word' id='word_1_4' title='bbox 857 543 1167 584; x_wconf 69' lang='lat' dir='ltr'><strong>GARMBN</strong></span> <span class='ocrx_word' id='word_1_5' title='bbox 1205 544 1281 583; x_wconf 85' lang='lat'>11.</span> 
     </span>
    </p>
   </div>
   <div class='ocr_carea' id='block_1_3' title="bbox 573 657 1369 869">
    <p class='ocr_par' dir='ltr' id='par_1_3' title="bbox 573 657 1369 869">
     <span class='ocr_line' id='line_1_3' title="bbox 574 657 1369 713; baseline -0.001 -15"><span class='ocrx_word' id='word_1_6' title='bbox 574 659 805 713; x_wconf 81' lang='lat' dir='ltr'>Angustam</span> <span class='ocrx_word' id='word_1_7' title='bbox 837 657 972 699; x_wconf 86' lang='lat' dir='ltr'>amioe</span> <span class='ocrx_word' id='word_1_8' title='bbox 1003 657 1255 712; x_wconf 82' lang='lat' dir='ltr'>pauperiem</span> <span class='ocrx_word' id='word_1_9' title='bbox 1284 657 1369 712; x_wconf 85' lang='lat' dir='ltr'>pati</span> 
     </span>
     <span class='ocr_line' id='line_1_4' title="bbox 573 736 1224 793; baseline -0.002 -14"><span class='ocrx_word' id='word_1_10' title='bbox 573 736 787 779; x_wconf 83' lang='lat' dir='ltr'>Robustus</span> <span class='ocrx_word' id='word_1_11' title='bbox 819 737 905 779; x_wconf 86' lang='lat' dir='ltr'>aori</span> <span class='ocrx_word' id='word_1_12' title='bbox 937 736 1084 779; x_wconf 90' lang='lat' dir='ltr'>militia</span> <span class='ocrx_word' id='word_1_13' title='bbox 1115 750 1224 793; x_wconf 88' lang='lat' dir='ltr'>puer</span> 
     </span>
     <span class='ocr_line' id='line_1_5' title="bbox 632 816 1335 869; baseline -0.001 -10"><span class='ocrx_word' id='word_1_14' title='bbox 632 816 860 869; x_wconf 82' lang='lat' dir='ltr'>Condisoat</span> <span class='ocrx_word' id='word_1_15' title='bbox 891 823 931 859; x_wconf 90' lang='lat' dir='ltr'>et</span> <span class='ocrx_word' id='word_1_16' title='bbox 961 816 1137 859; x_wconf 82' lang='lat' dir='ltr'>Parthos</span> <span class='ocrx_word' id='word_1_17' title='bbox 1169 818 1335 860; x_wconf 85' lang='lat' dir='ltr'>seroces</span> 
     </span>
    </p>
   </div>
   <div class='ocr_carea' id='block_1_4' title="bbox 393 946 1749 1136">
    <p class='ocr_par' dir='ltr' id='par_1_4' title="bbox 393 946 1749 1136">
     <span class='ocr_line' id='line_1_6' title="bbox 440 946 1749 987; baseline 0.002 -9"><span class='ocrx_word' id='word_1_18' title='bbox 440 949 479 979; x_wconf 86' lang='lat'>11.</span> <span class='ocrx_word' id='word_1_19' title='bbox 507 949 614 979; x_wconf 87' lang='lat' dir='ltr'>Inser.</span> <span class='ocrx_word' id='word_1_20' title='bbox 633 946 724 987; x_wconf 72' lang='lat' dir='ltr'>volg.</span> <span class='ocrx_word' id='word_1_21' title='bbox 751 948 800 979; x_wconf 73' lang='lat' dir='ltr'>Aa.</span> <span class='ocrx_word' id='word_1_22' title='bbox 817 948 937 987; x_wconf 76' lang='lat' dir='ltr'>pubem</span> <span class='ocrx_word' id='word_1_23' title='bbox 960 949 1154 979; x_wconf 80' lang='lat' dir='ltr'><em>Romanam.</em></span> <span class='ocrx_word' id='word_1_24' title='bbox 1178 966 1212 971; x_wconf 90' lang='lat'>-—</span> <span class='ocrx_word' id='word_1_25' title='bbox 1230 948 1280 980; x_wconf 83' lang='lat' dir='ltr'>Ad</span> <span class='ocrx_word' id='word_1_26' title='bbox 1303 950 1425 981; x_wconf 82' lang='lat' dir='ltr'>amieos</span> <span class='ocrx_word' id='word_1_27' title='bbox 1448 951 1511 982; x_wconf 87' lang='lat' dir='ltr'>BT.</span> <span class='ocrx_word' id='word_1_28' title='bbox 1538 968 1573 972; x_wconf 90' lang='lat'>——</span> <span class='ocrx_word' id='word_1_29' title='bbox 1602 950 1650 981; x_wconf 72' lang='lat' dir='ltr'>Ad</span> <span class='ocrx_word' id='word_1_30' title='bbox 1666 952 1749 981; x_wconf 77' lang='lat' dir='ltr'>ami-</span> 
     </span>
     <span class='ocr_line' id='line_1_7' title="bbox 393 998 1742 1039; baseline 0.002 -12"><span class='ocrx_word' id='word_1_31' title='bbox 393 1005 445 1027; x_wconf 82' lang='lat' dir='ltr'>cos</span> <span class='ocrx_word' id='word_1_32' title='bbox 460 998 658 1037; x_wconf 60' lang='lat' dir='ltr'>generaliter</span> <span class='ocrx_word' id='word_1_33' title='bbox 671 998 702 1028; x_wconf 86' lang='lat' dir='ltr'>S.</span> <span class='ocrx_word' id='word_1_34' title='bbox 723 1015 758 1019; x_wconf 91' lang='lat'><strong>—</strong></span> <span class='ocrx_word' id='word_1_35' title='bbox 779 998 828 1028; x_wconf 78' lang='lat' dir='ltr'>De</span> <span class='ocrx_word' id='word_1_36' title='bbox 844 998 1044 1028; x_wconf 66' lang='lat' dir='ltr'>institutione</span> <span class='ocrx_word' id='word_1_37' title='bbox 1061 999 1105 1028; x_wconf 77' lang='lat' dir='ltr'>ad</span> <span class='ocrx_word' id='word_1_38' title='bbox 1120 998 1243 1029; x_wconf 74' lang='lat' dir='ltr'>amicos</span> <span class='ocrx_word' id='word_1_39' title='bbox 1257 999 1403 1038; x_wconf 77' lang='lat' dir='ltr'>loquitur</span> <span class='ocrx_word' id='word_1_40' title='bbox 1419 1008 1438 1030; x_wconf 84' lang='lat' dir='ltr'>o</span> <span class='ocrx_word' id='word_1_41' title='bbox 1456 999 1501 1039; x_wconf 90' lang='lat' dir='ltr'>(et</span> <span class='ocrx_word' id='word_1_42' title='bbox 1517 998 1539 1030; x_wconf 94' lang='lat' dir='ltr'>b</span> <span class='ocrx_word' id='word_1_43' title='bbox 1557 1000 1591 1030; x_wconf 88' lang='lat' dir='ltr'>in</span> <span class='ocrx_word' id='word_1_44' title='bbox 1607 1002 1742 1039; x_wconf 40' lang='lat' dir='ltr'>marga.</span> 
     </span>
     <span class='ocr_line' id='line_1_8' title="bbox 399 1046 1749 1088; baseline 0.002 -12"><span class='ocrx_word' id='word_1_45' title='bbox 399 1064 433 1068; x_wconf 88' lang='lat'>—</span> <span class='ocrx_word' id='word_1_46' title='bbox 462 1047 491 1077; x_wconf 75' lang='lat'>4.</span> <span class='ocrx_word' id='word_1_47' title='bbox 518 1047 617 1077; x_wconf 68' lang='lat' dir='ltr'>cunici</span> <span class='ocrx_word' id='word_1_48' title='bbox 642 1048 681 1077; x_wconf 93' lang='lat' dir='ltr'>Lt</span> <span class='ocrx_word' id='word_1_49' title='bbox 705 1048 739 1077; x_wconf 90' lang='lat' dir='ltr'>et</span> <span class='ocrx_word' id='word_1_50' title='bbox 764 1055 807 1078; x_wconf 80' lang='lat' dir='ltr'>ex</span> <span class='ocrx_word' id='word_1_51' title='bbox 831 1046 970 1078; x_wconf 89' lang='lat' dir='ltr'>duobus</span> <span class='ocrx_word' id='word_1_52' title='bbox 994 1046 1176 1079; x_wconf 86' lang='lat' dir='ltr'>Pulmanni</span> <span class='ocrx_word' id='word_1_53' title='bbox 1200 1046 1309 1079; x_wconf 88' lang='lat' dir='ltr'>Bentl.</span> <span class='ocrx_word' id='word_1_54' title='bbox 1338 1049 1420 1086; x_wconf 88' lang='lat' dir='ltr'>Mei,</span> <span class='ocrx_word' id='word_1_55' title='bbox 1448 1048 1591 1088; x_wconf 88' lang='lat' dir='ltr'>Cruquii</span> <span class='ocrx_word' id='word_1_56' title='bbox 1616 1050 1650 1079; x_wconf 87' lang='lat' dir='ltr'>et</span> <span class='ocrx_word' id='word_1_57' title='bbox 1673 1050 1749 1080; x_wconf 88' lang='lat' dir='ltr'>Pot—</span> 
     </span>
     <span class='ocr_line' id='line_1_9' title="bbox 394 1095 1095 1136; baseline 0.003 -11"><span class='ocrx_word' id='word_1_58' title='bbox 394 1095 482 1126; x_wconf 86' lang='lat' dir='ltr'>tierii</span> <span class='ocrx_word' id='word_1_59' title='bbox 507 1104 632 1128; x_wconf 88' lang='lat' dir='ltr'>omnes</span> <span class='ocrx_word' id='word_1_60' title='bbox 656 1097 770 1127; x_wconf 69' lang='lat' dir='ltr'>amice.</span> <span class='ocrx_word' id='word_1_61' title='bbox 802 1114 836 1118; x_wconf 87' lang='lat'>—-</span> <span class='ocrx_word' id='word_1_62' title='bbox 863 1096 893 1127; x_wconf 88' lang='lat'>3.</span> <span class='ocrx_word' id='word_1_63' title='bbox 919 1096 1037 1136; x_wconf 77' lang='lat' dir='ltr'>ferocis</span> <span class='ocrx_word' id='word_1_64' title='bbox 1058 1097 1095 1127; x_wconf 92' lang='lat' dir='ltr'>B.</span> 
     </span>
    </p>
   </div>
   <div class='ocr_carea' id='block_1_5' title="bbox 394 1206 1788 1255">
    <p class='ocr_par' dir='ltr' id='par_1_5' title="bbox 394 1206 1788 1255">
     <span class='ocr_line' id='line_1_10' title="bbox 394 1206 1788 1255; baseline 0.002 -12"><span class='ocrx_word' id='word_1_65' title='bbox 394 1213 434 1242; x_wconf 90' lang='lat' dir='ltr'>ll.</span> <span class='ocrx_word' id='word_1_66' title='bbox 477 1213 549 1244; x_wconf 83' lang='lat' dir='ltr'>Hoc</span> <span class='ocrx_word' id='word_1_67' title='bbox 585 1221 727 1252; x_wconf 89' lang='lat' dir='ltr'>quoque</span> <span class='ocrx_word' id='word_1_68' title='bbox 763 1206 921 1244; x_wconf 85' lang='lat' dir='ltr'>carmine</span> <span class='ocrx_word' id='word_1_69' title='bbox 953 1223 1047 1254; x_wconf 74' lang='lat' dir='ltr'>yvco-</span> <span class='ocrx_word' id='word_1_70' title='bbox 1070 1212 1074 1250; x_wconf 88' lang='grc'>1</span> <span class='ocrx_word' id='word_1_71' title='bbox 1097 1215 1163 1244; x_wconf 81' lang='lat' dir='ltr'>Att.</span> <span class='ocrx_word' id='word_1_72' title='bbox 1184 1214 1219 1252; x_wconf 90' lang='lat'>6,</span> <span class='ocrx_word' id='word_1_73' title='bbox 1240 1214 1274 1252; x_wconf 72' lang='lat'>4,</span> <span class='ocrx_word' id='word_1_74' title='bbox 1294 1214 1337 1253; x_wconf 88' lang='grc'>3.)</span> <span class='ocrx_word' id='word_1_75' title='bbox 1355 1214 1527 1246; x_wconf 75' lang='lat' dir='ltr'>elementer</span> <span class='ocrx_word' id='word_1_76' title='bbox 1548 1215 1636 1255; x_wconf 82' lang='lat' dir='ltr'>ferre</span> <span class='ocrx_word' id='word_1_77' title='bbox 1652 1215 1788 1254; x_wconf 72' lang='lat' dir='ltr'>aliquid</span> 
     </span>
    </p>
   </div>
   <div class='ocr_carea' id='block_1_6' title="bbox 351 1258 1059 2431">
    <p class='ocr_par' dir='ltr' id='par_1_6' title="bbox 351 1258 1059 2431">
     <span class='ocr_line' id='line_1_11' title="bbox 351 1258 1048 1303; baseline 0.003 -12"><span class='ocrx_word' id='word_1_78' title='bbox 351 1258 468 1303; x_wconf 69' lang='grc' dir='ltr'>μικῷ,</span> <span class='ocrx_word' id='word_1_79' title='bbox 503 1270 586 1292; x_wconf 81' lang='lat' dir='ltr'>vere</span> <span class='ocrx_word' id='word_1_80' title='bbox 618 1262 789 1300; x_wconf 83' lang='lat' dir='ltr'>Romano,</span> <span class='ocrx_word' id='word_1_81' title='bbox 827 1262 1048 1293; x_wconf 83' lang='lat' dir='ltr'>iuventutem</span> 
     </span>
     <span class='ocr_line' id='line_1_12' title="bbox 353 1310 1050 1342; baseline 0.001 -1"><span class='ocrx_word' id='word_1_82' title='bbox 353 1310 397 1341; x_wconf 89' lang='lat' dir='ltr'>ad</span> <span class='ocrx_word' id='word_1_83' title='bbox 422 1310 608 1341; x_wconf 88' lang='lat' dir='ltr'>imitandas</span> <span class='ocrx_word' id='word_1_84' title='bbox 633 1311 807 1342; x_wconf 89' lang='lat' dir='ltr'>maiorum</span> <span class='ocrx_word' id='word_1_85' title='bbox 828 1311 973 1342; x_wconf 79' lang='lat' dir='ltr'>virtutes</span> <span class='ocrx_word' id='word_1_86' title='bbox 992 1320 1050 1342; x_wconf 80' lang='lat' dir='ltr'>ex-</span> 
     </span>
     <span class='ocr_line' id='line_1_13' title="bbox 353 1359 1049 1399; baseline 0.003 -9"><span class='ocrx_word' id='word_1_87' title='bbox 353 1360 523 1390; x_wconf 81' lang='lat' dir='ltr'>hortatur.</span> <span class='ocrx_word' id='word_1_88' title='bbox 573 1360 688 1391; x_wconf 90' lang='lat' dir='ltr'>Primo</span> <span class='ocrx_word' id='word_1_89' title='bbox 713 1360 816 1399; x_wconf 77' lang='lat' dir='ltr'>igitur</span> <span class='ocrx_word' id='word_1_90' title='bbox 844 1359 920 1391; x_wconf 85' lang='lat' dir='ltr'>loco</span> <span class='ocrx_word' id='word_1_91' title='bbox 949 1369 1049 1392; x_wconf 82' lang='lat' dir='ltr'>eom-</span> 
     </span>
     <span class='ocr_line' id='line_1_14' title="bbox 353 1408 1050 1450; baseline 0.003 -11"><span class='ocrx_word' id='word_1_92' title='bbox 353 1409 497 1440; x_wconf 87' lang='lat' dir='ltr'>mendat</span> <span class='ocrx_word' id='word_1_93' title='bbox 520 1409 685 1440; x_wconf 75' lang='lat' dir='ltr'>virtutem</span> <span class='ocrx_word' id='word_1_94' title='bbox 701 1408 875 1448; x_wconf 82' lang='lat' dir='ltr'>bellicam,</span> <span class='ocrx_word' id='word_1_95' title='bbox 903 1419 971 1450; x_wconf 87' lang='lat' dir='ltr'>qua</span> <span class='ocrx_word' id='word_1_96' title='bbox 989 1411 1050 1441; x_wconf 89' lang='lat' dir='ltr'>ho-</span> 
     </span>
     <span class='ocr_line' id='line_1_15' title="bbox 354 1458 1050 1498; baseline 0.001 -8"><span class='ocrx_word' id='word_1_97' title='bbox 354 1459 426 1490; x_wconf 88' lang='lat' dir='ltr'>stes</span> <span class='ocrx_word' id='word_1_98' title='bbox 450 1458 654 1496; x_wconf 77' lang='lat' dir='ltr'>devincant,</span> <span class='ocrx_word' id='word_1_99' title='bbox 681 1459 829 1498; x_wconf 88' lang='lat' dir='ltr'>patriam</span> <span class='ocrx_word' id='word_1_100' title='bbox 851 1460 1050 1491; x_wconf 84' lang='lat' dir='ltr'>custodiant</span> 
     </span>
     <span class='ocr_line' id='line_1_16' title="bbox 353 1507 1048 1548; baseline 0.003 -9"><span class='ocrx_word' id='word_1_101' title='bbox 353 1509 542 1548; x_wconf 83' lang='lat' dir='ltr'>spretaque</span> <span class='ocrx_word' id='word_1_102' title='bbox 565 1507 695 1547; x_wconf 81' lang='lat' dir='ltr'>volgari</span> <span class='ocrx_word' id='word_1_103' title='bbox 720 1507 910 1539; x_wconf 81' lang='lat' dir='ltr'>ambitione</span> <span class='ocrx_word' id='word_1_104' title='bbox 926 1518 1048 1541; x_wconf 84' lang='lat' dir='ltr'>veram</span> 
     </span>
     <span class='ocr_line' id='line_1_17' title="bbox 355 1557 1050 1597; baseline 0.004 -10"><span class='ocrx_word' id='word_1_105' title='bbox 355 1557 500 1597; x_wconf 78' lang='lat' dir='ltr'>gloriam</span> <span class='ocrx_word' id='word_1_106' title='bbox 539 1557 604 1588; x_wconf 87' lang='lat' dir='ltr'>sibi</span> <span class='ocrx_word' id='word_1_107' title='bbox 643 1558 786 1597; x_wconf 87' lang='lat' dir='ltr'>parent;</span> <span class='ocrx_word' id='word_1_108' title='bbox 829 1557 974 1596; x_wconf 76' lang='lat' dir='ltr'>deinde,</span> <span class='ocrx_word' id='word_1_109' title='bbox 1012 1561 1050 1590; x_wconf 84' lang='lat' dir='ltr'>ut</span> 
     </span>
     <span class='ocr_line' id='line_1_18' title="bbox 355 1606 1050 1646; baseline 0.006 -10"><span class='ocrx_word' id='word_1_110' title='bbox 355 1607 522 1646; x_wconf 85' lang='lat' dir='ltr'>pietatem</span> <span class='ocrx_word' id='word_1_111' title='bbox 540 1615 620 1646; x_wconf 83' lang='lat' dir='ltr'>erga</span> <span class='ocrx_word' id='word_1_112' title='bbox 640 1606 726 1637; x_wconf 89' lang='lat' dir='ltr'>deos</span> <span class='ocrx_word' id='word_1_113' title='bbox 743 1607 958 1639; x_wconf 88' lang='lat' dir='ltr'>immortales</span> <span class='ocrx_word' id='word_1_114' title='bbox 977 1609 1050 1640; x_wconf 93' lang='lat' dir='ltr'>iun-</span> 
     </span>
     <span class='ocr_line' id='line_1_19' title="bbox 356 1656 1050 1696; baseline 0.006 -11"><span class='ocrx_word' id='word_1_115' title='bbox 356 1656 448 1686; x_wconf 81' lang='lat' dir='ltr'>ctam</span> <span class='ocrx_word' id='word_1_116' title='bbox 484 1663 627 1696; x_wconf 82' lang='lat' dir='ltr'>semper</span> <span class='ocrx_word' id='word_1_117' title='bbox 662 1658 743 1687; x_wconf 79' lang='lat' dir='ltr'>eum</span> <span class='ocrx_word' id='word_1_118' title='bbox 779 1656 847 1687; x_wconf 88' lang='lat' dir='ltr'>fide</span> <span class='ocrx_word' id='word_1_119' title='bbox 878 1657 1050 1689; x_wconf 73' lang='lat' dir='ltr'>adversus</span> 
     </span>
     <span class='ocr_line' id='line_1_20' title="bbox 354 1704 1049 1743; baseline 0.004 -8"><span class='ocrx_word' id='word_1_120' title='bbox 354 1704 517 1735; x_wconf 84' lang='lat' dir='ltr'>homines</span> <span class='ocrx_word' id='word_1_121' title='bbox 552 1704 689 1743; x_wconf 67' lang='lat' dir='ltr'>colant,</span> <span class='ocrx_word' id='word_1_122' title='bbox 735 1705 881 1743; x_wconf 80' lang='lat' dir='ltr'>suadet,</span> <span class='ocrx_word' id='word_1_123' title='bbox 935 1709 1049 1739; x_wconf 86' lang='lat' dir='ltr'>certas</span> 
     </span>
     <span class='ocr_line' id='line_1_21' title="bbox 355 1752 1050 1794; baseline 0.006 -10"><span class='ocrx_word' id='word_1_124' title='bbox 355 1752 479 1784; x_wconf 83' lang='lat' dir='ltr'>sceleri</span> <span class='ocrx_word' id='word_1_125' title='bbox 503 1763 636 1794; x_wconf 88' lang='lat' dir='ltr'>poenas</span> <span class='ocrx_word' id='word_1_126' title='bbox 660 1754 851 1786; x_wconf 83' lang='lat' dir='ltr'>destinatas</span> <span class='ocrx_word' id='word_1_127' title='bbox 875 1765 954 1787; x_wconf 84' lang='lat' dir='ltr'>esse</span> <span class='ocrx_word' id='word_1_128' title='bbox 972 1765 1050 1788; x_wconf 92' lang='lat' dir='ltr'>mo-</span> 
     </span>
     <span class='ocr_line' id='line_1_22' title="bbox 356 1802 1049 1844; baseline 0.006 -12"><span class='ocrx_word' id='word_1_129' title='bbox 356 1810 454 1833; x_wconf 86' lang='lat' dir='ltr'>nens.</span> <span class='ocrx_word' id='word_1_130' title='bbox 504 1803 559 1833; x_wconf 85' lang='lat' dir='ltr'>Sie</span> <span class='ocrx_word' id='word_1_131' title='bbox 594 1802 681 1834; x_wconf 87' lang='lat' dir='ltr'>duas</span> <span class='ocrx_word' id='word_1_132' title='bbox 715 1805 924 1844; x_wconf 77' lang='lat' dir='ltr'>praecipuas</span> <span class='ocrx_word' id='word_1_133' title='bbox 959 1806 1049 1836; x_wconf 69' lang='lat' dir='ltr'>vitae</span> 
     </span>
     <span class='ocr_line' id='line_1_23' title="bbox 357 1850 1053 1892; baseline 0.003 -9"><span class='ocrx_word' id='word_1_134' title='bbox 357 1850 464 1883; x_wconf 71' lang='lat' dir='ltr'>civilis</span> <span class='ocrx_word' id='word_1_135' title='bbox 482 1853 600 1891; x_wconf 79' lang='lat' dir='ltr'>partes</span> <span class='ocrx_word' id='word_1_136' title='bbox 617 1851 745 1882; x_wconf 80' lang='lat' dir='ltr'>extollit</span> <span class='ocrx_word' id='word_1_137' title='bbox 762 1854 867 1892; x_wconf 89' lang='lat' dir='ltr'>atque</span> <span class='ocrx_word' id='word_1_138' title='bbox 885 1856 1053 1885; x_wconf 79' lang='lat' dir='ltr'>exc-roen-</span> 
     </span>
     <span class='ocr_line' id='line_1_24' title="bbox 364 1901 1053 1944; baseline 0.006 -13"><span class='ocrx_word' id='word_1_139' title='bbox 364 1901 426 1932; x_wconf 88' lang='lat' dir='ltr'>das</span> <span class='ocrx_word' id='word_1_140' title='bbox 451 1901 692 1939; x_wconf 77' lang='lat' dir='ltr'>commendat,</span> <span class='ocrx_word' id='word_1_141' title='bbox 728 1903 893 1934; x_wconf 65' lang='lat' dir='ltr'>virtutem</span> <span class='ocrx_word' id='word_1_142' title='bbox 922 1905 956 1935; x_wconf 87' lang='lat' dir='ltr'>et</span> <span class='ocrx_word' id='word_1_143' title='bbox 980 1905 1053 1944; x_wconf 87' lang='lat' dir='ltr'>pie-</span> 
     </span>
     <span class='ocr_line' id='line_1_25' title="bbox 358 1950 1052 1990; baseline 0.006 -9"><span class='ocrx_word' id='word_1_144' title='bbox 358 1950 478 1981; x_wconf 85' lang='lat' dir='ltr'>tatem.</span> <span class='ocrx_word' id='word_1_145' title='bbox 529 1950 588 1990; x_wconf 80' lang='lat' dir='ltr'>(De</span> <span class='ocrx_word' id='word_1_146' title='bbox 629 1952 725 1981; x_wconf 82' lang='lat' dir='ltr'>reete</span> <span class='ocrx_word' id='word_1_147' title='bbox 768 1951 1052 1985; x_wconf 79' lang='lat' dir='ltr'>administrandis</span> 
     </span>
     <span class='ocr_line' id='line_1_26' title="bbox 358 1998 1055 2041; baseline 0.006 -12"><span class='ocrx_word' id='word_1_148' title='bbox 358 1998 565 2030; x_wconf 84' lang='lat' dir='ltr'>muneribus</span> <span class='ocrx_word' id='word_1_149' title='bbox 583 1999 731 2039; x_wconf 76' lang='lat' dir='ltr'>publicis</span> <span class='ocrx_word' id='word_1_150' title='bbox 748 2009 817 2031; x_wconf 93' lang='lat' dir='ltr'>non</span> <span class='ocrx_word' id='word_1_151' title='bbox 834 2000 997 2041; x_wconf 87' lang='lat' dir='ltr'>loquitur,</span> <span class='ocrx_word' id='word_1_152' title='bbox 1017 2004 1055 2033; x_wconf 88' lang='lat' dir='ltr'>ut</span> 
     </span>
     <span class='ocr_line' id='line_1_27' title="bbox 360 2047 1051 2085; baseline 0.007 -8"><span class='ocrx_word' id='word_1_153' title='bbox 360 2047 522 2078; x_wconf 78' lang='lat' dir='ltr'>Ltibkero</span> <span class='ocrx_word' id='word_1_154' title='bbox 535 2049 649 2079; x_wconf 70' lang='lat' dir='ltr'>visum</span> <span class='ocrx_word' id='word_1_155' title='bbox 663 2050 731 2085; x_wconf 83' lang='lat' dir='ltr'>est;</span> <span class='ocrx_word' id='word_1_156' title='bbox 755 2058 836 2080; x_wconf 85' lang='lat' dir='ltr'>nam</span> <span class='ocrx_word' id='word_1_157' title='bbox 848 2059 903 2080; x_wconf 63' lang='lat' dir='ltr'>vv.</span> <span class='ocrx_word' id='word_1_158' title='bbox 916 2051 1051 2082; x_wconf 56' lang='lat'>17—024.</span> 
     </span>
     <span class='ocr_line' id='line_1_28' title="bbox 361 2097 1056 2138; baseline 0.006 -11"><span class='ocrx_word' id='word_1_159' title='bbox 361 2106 378 2127; x_wconf 88' lang='lat' dir='ltr'>a</span> <span class='ocrx_word' id='word_1_160' title='bbox 402 2106 511 2137; x_wconf 79' lang='lat' dir='ltr'>pravo</span> <span class='ocrx_word' id='word_1_161' title='bbox 536 2106 642 2128; x_wconf 87' lang='lat' dir='ltr'>aurae</span> <span class='ocrx_word' id='word_1_162' title='bbox 668 2097 844 2138; x_wconf 85' lang='lat' dir='ltr'>popularis</span> <span class='ocrx_word' id='word_1_163' title='bbox 862 2099 977 2130; x_wconf 85' lang='lat' dir='ltr'>studio</span> <span class='ocrx_word' id='word_1_164' title='bbox 995 2100 1056 2131; x_wconf 87' lang='lat' dir='ltr'>de—</span> 
     </span>
     <span class='ocr_line' id='line_1_29' title="bbox 360 2146 1055 2187; baseline 0.006 -11"><span class='ocrx_word' id='word_1_165' title='bbox 360 2146 583 2186; x_wconf 84' lang='lat' dir='ltr'>hortatur.)—</span> <span class='ocrx_word' id='word_1_166' title='bbox 599 2147 800 2187; x_wconf 77' lang='lat' dir='ltr'>Suspicatus</span> <span class='ocrx_word' id='word_1_167' title='bbox 812 2149 866 2178; x_wconf 80' lang='lat' dir='ltr'>est</span> <span class='ocrx_word' id='word_1_168' title='bbox 879 2157 1055 2180; x_wconf 85' lang='lat' dir='ltr'>nonnemo</span> 
     </span>
     <span class='ocr_line' id='line_1_30' title="bbox 360 2195 1055 2237; baseline 0.006 -12"><span class='ocrx_word' id='word_1_169' title='bbox 360 2195 427 2225; x_wconf 78' lang='lat' dir='ltr'>hoe</span> <span class='ocrx_word' id='word_1_170' title='bbox 452 2204 594 2226; x_wconf 79' lang='lat' dir='ltr'>carmen</span> <span class='ocrx_word' id='word_1_171' title='bbox 619 2197 651 2227; x_wconf 88' lang='lat' dir='ltr'>in</span> <span class='ocrx_word' id='word_1_172' title='bbox 678 2195 865 2234; x_wconf 76' lang='lat' dir='ltr'>Liberalia,</span> <span class='ocrx_word' id='word_1_173' title='bbox 906 2206 975 2237; x_wconf 89' lang='lat' dir='ltr'>quo</span> <span class='ocrx_word' id='word_1_174' title='bbox 1000 2198 1055 2229; x_wconf 88' lang='lat' dir='ltr'>die</span> 
     </span>
     <span class='ocr_line' id='line_1_31' title="bbox 358 2244 1059 2284; baseline 0.006 -10"><span class='ocrx_word' id='word_1_175' title='bbox 358 2244 458 2284; x_wconf 84' lang='lat' dir='ltr'>pueri</span> <span class='ocrx_word' id='word_1_176' title='bbox 477 2245 593 2283; x_wconf 78' lang='lat' dir='ltr'>togam</span> <span class='ocrx_word' id='word_1_177' title='bbox 608 2244 741 2275; x_wconf 86' lang='lat' dir='ltr'>virilem</span> <span class='ocrx_word' id='word_1_178' title='bbox 756 2245 955 2284; x_wconf 77' lang='lat' dir='ltr'>sumebant,</span> <span class='ocrx_word' id='word_1_179' title='bbox 975 2249 1059 2278; x_wconf 80' lang='lat' dir='ltr'>scri-</span> 
     </span>
     <span class='ocr_line' id='line_1_32' title="bbox 361 2294 1055 2333; baseline 0.004 -9"><span class='ocrx_word' id='word_1_180' title='bbox 361 2295 459 2333; x_wconf 86' lang='lat' dir='ltr'>ptum</span> <span class='ocrx_word' id='word_1_181' title='bbox 484 2302 584 2332; x_wconf 86' lang='lat' dir='ltr'>esse,</span> <span class='ocrx_word' id='word_1_182' title='bbox 623 2294 686 2325; x_wconf 83' lang='lat' dir='ltr'>sed</span> <span class='ocrx_word' id='word_1_183' title='bbox 717 2295 819 2326; x_wconf 86' lang='lat' dir='ltr'>huius</span> <span class='ocrx_word' id='word_1_184' title='bbox 848 2295 897 2325; x_wconf 84' lang='lat' dir='ltr'>rei</span> <span class='ocrx_word' id='word_1_185' title='bbox 924 2295 1055 2327; x_wconf 90' lang='lat' dir='ltr'>nullum</span> 
     </span>
     <span class='ocr_line' id='line_1_33' title="bbox 358 2344 1053 2384; baseline 0.006 -12"><span class='ocrx_word' id='word_1_186' title='bbox 358 2350 504 2381; x_wconf 84' lang='lat' dir='ltr'>prorsus</span> <span class='ocrx_word' id='word_1_187' title='bbox 550 2344 584 2374; x_wconf 90' lang='lat' dir='ltr'>in</span> <span class='ocrx_word' id='word_1_188' title='bbox 630 2352 671 2374; x_wconf 84' lang='lat' dir='ltr'>oo</span> <span class='ocrx_word' id='word_1_189' title='bbox 723 2344 813 2374; x_wconf 86' lang='lat' dir='ltr'>inest</span> <span class='ocrx_word' id='word_1_190' title='bbox 857 2344 1053 2384; x_wconf 64' lang='lat' dir='ltr'>vestigium.</span> 
     </span>
     <span class='ocr_line' id='line_1_34' title="bbox 362 2391 1053 2431; baseline 0.003 -9"><span class='ocrx_word' id='word_1_191' title='bbox 362 2391 605 2431; x_wconf 83' lang='lat' dir='ltr'>Compositum</span> <span class='ocrx_word' id='word_1_192' title='bbox 640 2392 779 2423; x_wconf 81' lang='lat' dir='ltr'>videtur</span> <span class='ocrx_word' id='word_1_193' title='bbox 805 2402 834 2423; x_wconf 90' lang='lat' dir='ltr'>a.</span> <span class='ocrx_word' id='word_1_194' title='bbox 862 2402 895 2423; x_wconf 91' lang='lat' dir='ltr'>u.</span> <span class='ocrx_word' id='word_1_195' title='bbox 924 2403 952 2424; x_wconf 84' lang='lat' dir='ltr'>e.</span> <span class='ocrx_word' id='word_1_196' title='bbox 980 2394 1053 2424; x_wconf 74' lang='lat'>7⁵26.</span> 
     </span>
    </p>
   </div>
   <div class='ocr_carea' id='block_1_7' title="bbox 361 2489 1056 2777">
    <p class='ocr_par' dir='ltr' id='par_1_7' title="bbox 361 2489 1056 2777">
     <span class='ocr_line' id='line_1_35' title="bbox 405 2489 1056 2530; baseline 0.003 -10"><span class='ocrx_word' id='word_1_197' title='bbox 405 2490 433 2520; x_wconf 71' lang='lat'>4.</span> <span class='ocrx_word' id='word_1_198' title='bbox 461 2489 574 2530; x_wconf 57' lang='lat' dir='ltr'>amave]</span> <span class='ocrx_word' id='word_1_199' title='bbox 600 2491 739 2530; x_wconf 81' lang='lat' dir='ltr'>proprie</span> <span class='ocrx_word' id='word_1_200' title='bbox 766 2492 898 2522; x_wconf 64' lang='lat' dir='ltr'>«amico</span> <span class='ocrx_word' id='word_1_201' title='bbox 918 2492 949 2522; x_wconf 84' lang='lat' dir='ltr'>in</span> <span class='ocrx_word' id='word_1_202' title='bbox 978 2500 1056 2522; x_wconf 79' lang='lat' dir='ltr'>eam</span> 
     </span>
     <span class='ocr_line' id='line_1_36' title="bbox 363 2539 1053 2580; baseline 0.001 -12"><span class='ocrx_word' id='word_1_203' title='bbox 363 2539 516 2577; x_wconf 85' lang='lat' dir='ltr'>animo»,</span> <span class='ocrx_word' id='word_1_204' title='bbox 566 2539 598 2569; x_wconf 88' lang='lat' dir='ltr'>id</span> <span class='ocrx_word' id='word_1_205' title='bbox 635 2541 701 2577; x_wconf 75' lang='lat' dir='ltr'>cst,</span> <span class='ocrx_word' id='word_1_206' title='bbox 752 2540 887 2570; x_wconf 86' lang='lat' dir='ltr'>«animo</span> <span class='ocrx_word' id='word_1_207' title='bbox 924 2550 1053 2580; x_wconf 81' lang='lat' dir='ltr'>aequo,</span> 
     </span>
     <span class='ocr_line' id='line_1_37' title="bbox 362 2588 1053 2629; baseline 0.004 -12"><span class='ocrx_word' id='word_1_208' title='bbox 362 2588 547 2627; x_wconf 83' lang='lat' dir='ltr'>patienter.</span> <span class='ocrx_word' id='word_1_209' title='bbox 575 2589 648 2619; x_wconf 73' lang='lat' dir='ltr'>sino</span> <span class='ocrx_word' id='word_1_210' title='bbox 668 2597 772 2629; x_wconf 63' lang='lat' dir='ltr'>prava</span> <span class='ocrx_word' id='word_1_211' title='bbox 792 2591 1053 2629; x_wconf 67' lang='lat' dir='ltr'>repugnantia»,</span> 
     </span>
     <span class='ocr_line' id='line_1_38' title="bbox 363 2637 1056 2674; baseline 0.007 -9"><span class='ocrx_word' id='word_1_212' title='bbox 363 2645 427 2666; x_wconf 72' lang='lat' dir='ltr'>usu</span> <span class='ocrx_word' id='word_1_213' title='bbox 464 2637 610 2669; x_wconf 74' lang='lat' dir='ltr'>sortasse</span> <span class='ocrx_word' id='word_1_214' title='bbox 648 2639 765 2674; x_wconf 76' lang='lat' dir='ltr'>unico,</span> <span class='ocrx_word' id='word_1_215' title='bbox 811 2638 873 2668; x_wconf 74' lang='lat' dir='ltr'>sed</span> <span class='ocrx_word' id='word_1_216' title='bbox 914 2648 1056 2670; x_wconf 75' lang='lat' dir='ltr'>accom—</span> 
     </span>
     <span class='ocr_line' id='line_1_39' title="bbox 363 2683 1055 2728; baseline 0.003 -14"><span class='ocrx_word' id='word_1_217' title='bbox 363 2685 504 2716; x_wconf 84' lang='lat' dir='ltr'>modato</span> <span class='ocrx_word' id='word_1_218' title='bbox 540 2686 581 2717; x_wconf 86' lang='lat' dir='ltr'>ad</span> <span class='ocrx_word' id='word_1_219' title='bbox 608 2688 820 2717; x_wconf 72' lang='lat' dir='ltr'>Graecorum</span> <span class='ocrx_word' id='word_1_220' title='bbox 853 2683 1055 2728; x_wconf 61' lang='grc' dir='ltr'>ἀγαπητῶς</span> 
     </span>
     <span class='ocr_line' id='line_1_40' title="bbox 361 2735 1051 2777; baseline 0.003 -13"><span class='ocrx_word' id='word_1_221' title='bbox 361 2743 510 2777; x_wconf 63' lang='lat' dir='ltr'>slcpccr.</span> <span class='ocrx_word' id='word_1_222' title='bbox 544 2738 574 2766; x_wconf 79' lang='lat' dir='ltr'>et</span> <span class='ocrx_word' id='word_1_223' title='bbox 601 2735 643 2765; x_wconf 83' lang='lat' dir='ltr'>ad</span> <span class='ocrx_word' id='word_1_224' title='bbox 670 2735 867 2767; x_wconf 71' lang='lat' dir='ltr'>Latinorum</span> <span class='ocrx_word' id='word_1_225' title='bbox 902 2737 981 2774; x_wconf 58' lang='lat' dir='ltr'>(llio</span> <span class='ocrx_word' id='word_1_226' title='bbox 1010 2736 1051 2766; x_wconf 84' lang='lat' dir='ltr'>ad</span> 
     </span>
    </p>
   </div>
   <div class='ocr_carea' id='block_1_8' title="bbox 1078 2324 1082 2524">
    <p class='ocr_par' dir='ltr' id='par_1_8' title="bbox 1078 2324 1082 2524">
     <span class='ocr_line' id='line_1_41' title="bbox 1078 2324 1082 2524; baseline 0 695"><span class='ocrx_word' id='word_1_227' title='bbox 1078 2324 1082 2524; x_wconf 95' lang='lat' dir='ltr'> </span> 
     </span>
    </p>
   </div>
   <div class='ocr_carea' id='block_1_9' title="bbox 1078 2619 1082 2768">
    <p class='ocr_par' dir='ltr' id='par_1_9' title="bbox 1078 2619 1082 2768">
     <span class='ocr_line' id='line_1_42' title="bbox 1078 2619 1082 2768; baseline 0 451"><span class='ocrx_word' id='word_1_228' title='bbox 1078 2619 1082 2768; x_wconf 95' lang='lat' dir='ltr'> </span> 
     </span>
    </p>
   </div>
   <div class='ocr_carea' id='block_1_10' title="bbox 1097 1262 1800 2533">
    <p class='ocr_par' dir='ltr' id='par_1_10' title="bbox 1097 1262 1800 2088">
     <span class='ocr_line' id='line_1_43' title="bbox 1097 1262 1793 1304; baseline 0.003 -10"><span class='ocrx_word' id='word_1_229' title='bbox 1097 1262 1274 1295; x_wconf 89' lang='lat' dir='ltr'>Weberus</span> <span class='ocrx_word' id='word_1_230' title='bbox 1313 1272 1414 1295; x_wconf 85' lang='lat' dir='ltr'>meus</span> <span class='ocrx_word' id='word_1_231' title='bbox 1452 1273 1604 1304; x_wconf 88' lang='lat' dir='ltr'>eumque</span> <span class='ocrx_word' id='word_1_232' title='bbox 1651 1267 1793 1296; x_wconf 75' lang='lat' dir='ltr'>secutus</span> 
     </span>
     <span class='ocr_line' id='line_1_44' title="bbox 1099 1311 1791 1353; baseline 0.004 -11"><span class='ocrx_word' id='word_1_233' title='bbox 1099 1311 1237 1343; x_wconf 82' lang='lat' dir='ltr'>Lu&#39;bker</span> <span class='ocrx_word' id='word_1_234' title='bbox 1253 1314 1303 1343; x_wconf 86' lang='lat' dir='ltr'>sio</span> <span class='ocrx_word' id='word_1_235' title='bbox 1325 1312 1518 1353; x_wconf 81' lang='lat' dir='ltr'>explicant:</span> <span class='ocrx_word' id='word_1_236' title='bbox 1546 1312 1727 1353; x_wconf 70' lang='grc' dir='ltr'>«φιλικῶς</span> <span class='ocrx_word' id='word_1_237' title='bbox 1749 1314 1791 1345; x_wconf 86' lang='lat' dir='ltr'>ad</span> 
     </span>
     <span class='ocr_line' id='line_1_45' title="bbox 1098 1360 1794 1403; baseline 0.004 -12"><span class='ocrx_word' id='word_1_238' title='bbox 1098 1360 1245 1392; x_wconf 90' lang='lat' dir='ltr'>modum</span> <span class='ocrx_word' id='word_1_239' title='bbox 1288 1361 1438 1392; x_wconf 90' lang='lat' dir='ltr'>heroum</span> <span class='ocrx_word' id='word_1_240' title='bbox 1483 1361 1620 1393; x_wconf 89' lang='lat' dir='ltr'>illorum</span> <span class='ocrx_word' id='word_1_241' title='bbox 1654 1362 1794 1403; x_wconf 75' lang='lat' dir='ltr'>frugalis</span> 
     </span>
     <span class='ocr_line' id='line_1_46' title="bbox 1098 1410 1792 1452; baseline 0.004 -12"><span class='ocrx_word' id='word_1_242' title='bbox 1098 1410 1189 1448; x_wconf 85' lang='lat' dir='ltr'>aevi⁷</span> <span class='ocrx_word' id='word_1_243' title='bbox 1241 1411 1299 1450; x_wconf 87' lang='lat' dir='ltr'>qui</span> <span class='ocrx_word' id='word_1_244' title='bbox 1334 1413 1578 1450; x_wconf 81' lang='lat' dir='ltr'>paupertatem</span> <span class='ocrx_word' id='word_1_245' title='bbox 1612 1413 1792 1452; x_wconf 84' lang='lat' dir='ltr'>tamquam</span> 
     </span>
     <span class='ocr_line' id='line_1_47' title="bbox 1098 1459 1794 1492; baseline 0.004 -3"><span class='ocrx_word' id='word_1_246' title='bbox 1098 1467 1217 1490; x_wconf 81' lang='lat' dir='ltr'>earam</span> <span class='ocrx_word' id='word_1_247' title='bbox 1228 1459 1354 1490; x_wconf 86' lang='lat' dir='ltr'>domus</span> <span class='ocrx_word' id='word_1_248' title='bbox 1368 1462 1567 1491; x_wconf 80' lang='lat' dir='ltr'>consortem</span> <span class='ocrx_word' id='word_1_249' title='bbox 1582 1461 1794 1492; x_wconf 85' lang='lat' dir='ltr'>habebant.»</span> 
     </span>
     <span class='ocr_line' id='line_1_48' title="bbox 1099 1508 1796 1550; baseline 0.001 -12"><span class='ocrx_word' id='word_1_250' title='bbox 1099 1508 1172 1545; x_wconf 87' lang='lat' dir='ltr'>Qua</span> <span class='ocrx_word' id='word_1_251' title='bbox 1202 1508 1320 1538; x_wconf 87' lang='lat' dir='ltr'>tamen</span> <span class='ocrx_word' id='word_1_252' title='bbox 1347 1508 1481 1539; x_wconf 86' lang='lat' dir='ltr'>ratione</span> <span class='ocrx_word' id='word_1_253' title='bbox 1511 1508 1686 1549; x_wconf 82' lang='lat' dir='ltr'>aliquanto</span> <span class='ocrx_word' id='word_1_254' title='bbox 1718 1509 1796 1550; x_wconf 79' lang='lat' dir='ltr'>plus</span> 
     </span>
     <span class='ocr_line' id='line_1_49' title="bbox 1099 1557 1795 1589; baseline 0.004 -2"><span class='ocrx_word' id='word_1_255' title='bbox 1099 1557 1132 1587; x_wconf 90' lang='lat' dir='ltr'>in</span> <span class='ocrx_word' id='word_1_256' title='bbox 1157 1557 1337 1587; x_wconf 88' lang='lat' dir='ltr'>notionem</span> <span class='ocrx_word' id='word_1_257' title='bbox 1359 1565 1392 1587; x_wconf 81' lang='lat' dir='ltr'>v.</span> <span class='ocrx_word' id='word_1_258' title='bbox 1419 1558 1524 1588; x_wconf 68' lang='lat' dir='ltr'>(mlice</span> <span class='ocrx_word' id='word_1_259' title='bbox 1548 1558 1665 1589; x_wconf 86' lang='lat' dir='ltr'>inferri</span> <span class='ocrx_word' id='word_1_260' title='bbox 1694 1558 1795 1589; x_wconf 73' lang='lat' dir='ltr'>vide-</span> 
     </span>
     <span class='ocr_line' id='line_1_50' title="bbox 1099 1607 1795 1646; baseline 0.001 -10"><span class='ocrx_word' id='word_1_261' title='bbox 1099 1607 1173 1644; x_wconf 89' lang='lat' dir='ltr'>tur,</span> <span class='ocrx_word' id='word_1_262' title='bbox 1200 1614 1307 1645; x_wconf 82' lang='lat' dir='ltr'>quam</span> <span class='ocrx_word' id='word_1_263' title='bbox 1343 1614 1385 1636; x_wconf 88' lang='lat' dir='ltr'>eo</span> <span class='ocrx_word' id='word_1_264' title='bbox 1421 1607 1619 1646; x_wconf 86' lang='lat' dir='ltr'>exprimere</span> <span class='ocrx_word' id='word_1_265' title='bbox 1655 1607 1795 1639; x_wconf 75' lang='lat' dir='ltr'>volebat</span> 
     </span>
     <span class='ocr_line' id='line_1_51' title="bbox 1098 1653 1796 1695; baseline 0.006 -11"><span class='ocrx_word' id='word_1_266' title='bbox 1098 1656 1213 1694; x_wconf 73' lang='lat' dir='ltr'>poeta.</span> <span class='ocrx_word' id='word_1_267' title='bbox 1262 1653 1325 1685; x_wconf 87' lang='lat' dir='ltr'>Alii</span> <span class='ocrx_word' id='word_1_268' title='bbox 1349 1655 1469 1693; x_wconf 14' lang='lat' dir='ltr'>amicir,</span> <span class='ocrx_word' id='word_1_269' title='bbox 1496 1663 1650 1695; x_wconf 88' lang='lat' dir='ltr'>quocum</span> <span class='ocrx_word' id='word_1_270' title='bbox 1675 1656 1796 1688; x_wconf 84' lang='lat' dir='ltr'>eonfe—</span> 
     </span>
     <span class='ocr_line' id='line_1_52' title="bbox 1099 1703 1793 1743; baseline 0 -9"><span class='ocrx_word' id='word_1_271' title='bbox 1099 1706 1178 1734; x_wconf 89' lang='lat' dir='ltr'>runt</span> <span class='ocrx_word' id='word_1_272' title='bbox 1203 1703 1264 1735; x_wconf 91' lang='lat' dir='ltr'>Od.</span> <span class='ocrx_word' id='word_1_273' title='bbox 1293 1704 1323 1742; x_wconf 72' lang='lat'>4,</span> <span class='ocrx_word' id='word_1_274' title='bbox 1349 1704 1403 1742; x_wconf 70' lang='lat'>27,</span> <span class='ocrx_word' id='word_1_275' title='bbox 1429 1705 1459 1734; x_wconf 85' lang='lat'>7.</span> <span class='ocrx_word' id='word_1_276' title='bbox 1487 1706 1521 1735; x_wconf 88' lang='lat' dir='ltr'>et</span> <span class='ocrx_word' id='word_1_277' title='bbox 1545 1705 1606 1736; x_wconf 89' lang='lat' dir='ltr'>Od.</span> <span class='ocrx_word' id='word_1_278' title='bbox 1635 1705 1793 1743; x_wconf 54' lang='lat' dir='ltr'>s1,37,4-:</span> 
     </span>
     <span class='ocr_line' id='line_1_53' title="bbox 1099 1752 1797 1794; baseline 0.001 -10"><span class='ocrx_word' id='word_1_279' title='bbox 1099 1753 1240 1790; x_wconf 65' lang='lat' dir='ltr'>sodales,</span> <span class='ocrx_word' id='word_1_280' title='bbox 1279 1753 1364 1785; x_wconf 86' lang='lat' dir='ltr'>item</span> <span class='ocrx_word' id='word_1_281' title='bbox 1380 1752 1489 1794; x_wconf 90' lang='lat' dir='ltr'>Epod.</span> <span class='ocrx_word' id='word_1_282' title='bbox 1520 1754 1576 1792; x_wconf 39' lang='lat'>713,</span> <span class='ocrx_word' id='word_1_283' title='bbox 1596 1754 1636 1785; x_wconf 85' lang='lat'>3:</span> <span class='ocrx_word' id='word_1_284' title='bbox 1678 1755 1797 1794; x_wconf 75' lang='lat' dir='ltr'>rapia-</span> 
     </span>
     <span class='ocr_line' id='line_1_54' title="bbox 1099 1802 1794 1839; baseline 0.001 -6"><span class='ocrx_word' id='word_1_285' title='bbox 1099 1811 1190 1838; x_wconf 73' lang='lat' dir='ltr'>muS,</span> <span class='ocrx_word' id='word_1_286' title='bbox 1243 1802 1358 1839; x_wconf 78' lang='lat' dir='ltr'>amici,</span> <span class='ocrx_word' id='word_1_287' title='bbox 1408 1803 1618 1834; x_wconf 74' lang='lat' dir='ltr'>Occasionem</span> <span class='ocrx_word' id='word_1_288' title='bbox 1656 1805 1693 1835; x_wconf 81' lang='lat' dir='ltr'>de</span> <span class='ocrx_word' id='word_1_289' title='bbox 1732 1804 1794 1835; x_wconf 77' lang='lat' dir='ltr'>dte.</span> 
     </span>
     <span class='ocr_line' id='line_1_55' title="bbox 1102 1851 1797 1891; baseline 0.003 -10"><span class='ocrx_word' id='word_1_290' title='bbox 1102 1852 1232 1882; x_wconf 86' lang='lat' dir='ltr'>Verum</span> <span class='ocrx_word' id='word_1_291' title='bbox 1256 1852 1323 1882; x_wconf 82' lang='lat' dir='ltr'>hoc</span> <span class='ocrx_word' id='word_1_292' title='bbox 1347 1851 1491 1891; x_wconf 85' lang='lat' dir='ltr'>quidem</span> <span class='ocrx_word' id='word_1_293' title='bbox 1508 1851 1585 1883; x_wconf 87' lang='lat' dir='ltr'>loco</span> <span class='ocrx_word' id='word_1_294' title='bbox 1603 1853 1797 1884; x_wconf 82' lang='lat' dir='ltr'>amicorum</span> 
     </span>
     <span class='ocr_line' id='line_1_56' title="bbox 1102 1899 1797 1941; baseline 0.003 -11"><span class='ocrx_word' id='word_1_295' title='bbox 1102 1899 1286 1940; x_wconf 81' lang='lat' dir='ltr'>appellatio</span> <span class='ocrx_word' id='word_1_296' title='bbox 1320 1908 1444 1940; x_wconf 86' lang='lat' dir='ltr'>parum</span> <span class='ocrx_word' id='word_1_297' title='bbox 1480 1902 1559 1941; x_wconf 89' lang='lat' dir='ltr'>apta</span> <span class='ocrx_word' id='word_1_298' title='bbox 1600 1903 1672 1940; x_wconf 84' lang='lat' dir='ltr'>est,</span> <span class='ocrx_word' id='word_1_299' title='bbox 1717 1910 1797 1932; x_wconf 85' lang='lat' dir='ltr'>eum</span> 
     </span>
     <span class='ocr_line' id='line_1_57' title="bbox 1103 1948 1798 1989; baseline 0.003 -10"><span class='ocrx_word' id='word_1_300' title='bbox 1103 1949 1202 1979; x_wconf 79' lang='lat' dir='ltr'>amici</span> <span class='ocrx_word' id='word_1_301' title='bbox 1231 1948 1372 1980; x_wconf 82' lang='lat' dir='ltr'>efficere</span> <span class='ocrx_word' id='word_1_302' title='bbox 1406 1951 1602 1989; x_wconf 86' lang='lat' dir='ltr'>nequeant,</span> <span class='ocrx_word' id='word_1_303' title='bbox 1639 1952 1676 1981; x_wconf 86' lang='lat' dir='ltr'>ut</span> <span class='ocrx_word' id='word_1_304' title='bbox 1700 1951 1798 1981; x_wconf 84' lang='lat' dir='ltr'>iuve—</span> 
     </span>
     <span class='ocr_line' id='line_1_58' title="bbox 1104 1998 1800 2039; baseline 0.003 -11"><span class='ocrx_word' id='word_1_305' title='bbox 1104 2006 1166 2029; x_wconf 84' lang='lat' dir='ltr'>nes</span> <span class='ocrx_word' id='word_1_306' title='bbox 1202 1998 1346 2028; x_wconf 86' lang='lat' dir='ltr'>Romani</span> <span class='ocrx_word' id='word_1_307' title='bbox 1382 2000 1626 2039; x_wconf 83' lang='lat' dir='ltr'>paupertatem</span> <span class='ocrx_word' id='word_1_308' title='bbox 1668 1999 1800 2030; x_wconf 83' lang='lat' dir='ltr'>sortiter</span> 
     </span>
     <span class='ocr_line' id='line_1_59' title="bbox 1105 2047 1346 2088; baseline 0 -11"><span class='ocrx_word' id='word_1_309' title='bbox 1105 2047 1174 2088; x_wconf 89' lang='lat' dir='ltr'>pati</span> <span class='ocrx_word' id='word_1_310' title='bbox 1199 2047 1346 2078; x_wconf 72' lang='lat' dir='ltr'>discant.</span> 
     </span>
    </p>

    <p class='ocr_par' dir='ltr' id='par_1_11' title="bbox 1106 2095 1800 2533">
     <span class='ocr_line' id='line_1_60' title="bbox 1149 2095 1798 2137; baseline 0 -10"><span class='ocrx_word' id='word_1_311' title='bbox 1149 2097 1179 2128; x_wconf 72' lang='lat'>⁶2.</span> <span class='ocrx_word' id='word_1_312' title='bbox 1220 2097 1292 2127; x_wconf 74' lang='lat' dir='ltr'>acri</span> <span class='ocrx_word' id='word_1_313' title='bbox 1326 2096 1464 2137; x_wconf 79' lang='lat' dir='ltr'>militia]</span> <span class='ocrx_word' id='word_1_314' title='bbox 1503 2097 1620 2128; x_wconf 82' lang='lat' dir='ltr'>«Acris</span> <span class='ocrx_word' id='word_1_315' title='bbox 1659 2095 1798 2127; x_wconf 82' lang='lat' dir='ltr'>militiae</span> 
     </span>
     <span class='ocr_line' id='line_1_61' title="bbox 1106 2145 1800 2185; baseline 0 -9"><span class='ocrx_word' id='word_1_316' title='bbox 1106 2154 1170 2177; x_wconf 88' lang='lat' dir='ltr'>usu</span> <span class='ocrx_word' id='word_1_317' title='bbox 1207 2147 1311 2185; x_wconf 87' lang='lat' dir='ltr'>atque</span> <span class='ocrx_word' id='word_1_318' title='bbox 1348 2146 1596 2177; x_wconf 85' lang='lat' dir='ltr'>exercitatione</span> <span class='ocrx_word' id='word_1_319' title='bbox 1630 2146 1720 2177; x_wconf 81' lang='lat' dir='ltr'>hane</span> <span class='ocrx_word' id='word_1_320' title='bbox 1750 2145 1800 2176; x_wconf 88' lang='lat' dir='ltr'>la-</span> 
     </span>
     <span class='ocr_line' id='line_1_62' title="bbox 1107 2194 1800 2236; baseline 0 -11"><span class='ocrx_word' id='word_1_321' title='bbox 1107 2195 1201 2226; x_wconf 84' lang='lat' dir='ltr'>boris</span> <span class='ocrx_word' id='word_1_322' title='bbox 1237 2194 1478 2232; x_wconf 85' lang='lat' dir='ltr'>tolerantiam,</span> <span class='ocrx_word' id='word_1_323' title='bbox 1517 2195 1549 2226; x_wconf 95' lang='lat' dir='ltr'>in</span> <span class='ocrx_word' id='word_1_324' title='bbox 1582 2204 1649 2235; x_wconf 89' lang='lat' dir='ltr'>qua</span> <span class='ocrx_word' id='word_1_325' title='bbox 1674 2204 1800 2236; x_wconf 87' lang='lat' dir='ltr'>saepe-</span> 
     </span>
     <span class='ocr_line' id='line_1_63' title="bbox 1107 2244 1798 2275; baseline 0.001 -1"><span class='ocrx_word' id='word_1_326' title='bbox 1107 2253 1255 2275; x_wconf 88' lang='lat' dir='ltr'>numero</span> <span class='ocrx_word' id='word_1_327' title='bbox 1278 2244 1369 2274; x_wconf 76' lang='lat' dir='ltr'>vitae</span> <span class='ocrx_word' id='word_1_328' title='bbox 1395 2244 1590 2275; x_wconf 76' lang='lat' dir='ltr'>commodis</span> <span class='ocrx_word' id='word_1_329' title='bbox 1608 2244 1798 2275; x_wconf 84' lang='lat' dir='ltr'>carendum</span> 
     </span>
     <span class='ocr_line' id='line_1_64' title="bbox 1107 2292 1800 2333; baseline 0 -9"><span class='ocrx_word' id='word_1_330' title='bbox 1107 2295 1171 2330; x_wconf 84' lang='lat' dir='ltr'>est,</span> <span class='ocrx_word' id='word_1_331' title='bbox 1198 2293 1378 2324; x_wconf 73' lang='lat' dir='ltr'>condiscat</span> <span class='ocrx_word' id='word_1_332' title='bbox 1393 2302 1482 2333; x_wconf 88' lang='lat' dir='ltr'>puer</span> <span class='ocrx_word' id='word_1_333' title='bbox 1498 2292 1700 2324; x_wconf 84' lang='lat' dir='ltr'>robustus.»</span> <span class='ocrx_word' id='word_1_334' title='bbox 1745 2294 1800 2324; x_wconf 67' lang='lat' dir='ltr'>Sic</span> 
     </span>
     <span class='ocr_line' id='line_1_65' title="bbox 1108 2341 1800 2381; baseline -0.001 -7"><span class='ocrx_word' id='word_1_335' title='bbox 1108 2343 1202 2374; x_wconf 86' lang='lat' dir='ltr'>enim</span> <span class='ocrx_word' id='word_1_336' title='bbox 1226 2343 1348 2381; x_wconf 80' lang='lat' dir='ltr'>iungo,</span> <span class='ocrx_word' id='word_1_337' title='bbox 1377 2351 1445 2373; x_wconf 92' lang='lat' dir='ltr'>non</span> <span class='ocrx_word' id='word_1_338' title='bbox 1473 2351 1573 2373; x_wconf 74' lang='lat' dir='ltr'>vero:</span> <span class='ocrx_word' id='word_1_339' title='bbox 1614 2341 1800 2373; x_wconf 78' lang='lat' dir='ltr'>«robustus</span> 
     </span>
     <span class='ocr_line' id='line_1_66' title="bbox 1108 2391 1798 2430; baseline 0 -8"><span class='ocrx_word' id='word_1_340' title='bbox 1108 2392 1218 2422; x_wconf 79' lang='lat' dir='ltr'>sactus</span> <span class='ocrx_word' id='word_1_341' title='bbox 1236 2392 1306 2422; x_wconf 76' lang='lat' dir='ltr'>acri</span> <span class='ocrx_word' id='word_1_342' title='bbox 1326 2391 1476 2422; x_wconf 81' lang='lat' dir='ltr'>militia.»</span> <span class='ocrx_word' id='word_1_343' title='bbox 1517 2391 1632 2430; x_wconf 86' lang='lat' dir='ltr'>Eurip.</span> <span class='ocrx_word' id='word_1_344' title='bbox 1664 2391 1798 2430; x_wconf 77' lang='lat' dir='ltr'>Fragm.</span> 
     </span>
     <span class='ocr_line' id='line_1_67' title="bbox 1107 2437 1799 2480; baseline 0 -9"><span class='ocrx_word' id='word_1_345' title='bbox 1107 2440 1201 2471; x_wconf 71' lang='lat' dir='ltr'>Alex.</span> <span class='ocrx_word' id='word_1_346' title='bbox 1224 2441 1282 2471; x_wconf 61' lang='lat'>45:</span> <span class='ocrx_word' id='word_1_347' title='bbox 1320 2440 1437 2471; x_wconf 68' lang='grc' dir='ltr'><em>Πενία</em></span> <span class='ocrx_word' id='word_1_348' title='bbox 1453 2439 1491 2471; x_wconf 79' lang='grc' dir='ltr'>δὲ</span> <span class='ocrx_word' id='word_1_349' title='bbox 1507 2437 1694 2480; x_wconf 46' lang='grc' dir='ltr'><em>δύστηνοι]</em></span> <span class='ocrx_word' id='word_1_350' title='bbox 1710 2441 1780 2480; x_wconf 73' lang='grc' dir='ltr'>μέν</span> <span class='ocrx_word' id='word_1_351' title='bbox 1792 2465 1799 2476; x_wconf 79' lang='grc'>,</span> 
     </span>
     <span class='ocr_line' id='line_1_68' title="bbox 1107 2486 1800 2533; baseline -0.001 -12"><span class='ocrx_word' id='word_1_352' title='bbox 1107 2486 1186 2521; x_wconf 71' lang='grc' dir='ltr'>ἀλλ’</span> <span class='ocrx_word' id='word_1_353' title='bbox 1242 2486 1346 2531; x_wconf 75' lang='grc' dir='ltr'>ὅμως</span> <span class='ocrx_word' id='word_1_354' title='bbox 1403 2491 1529 2533; x_wconf 64' lang='grc' dir='ltr'><em>τρέφει</em></span> <span class='ocrx_word' id='word_1_355' title='bbox 1582 2486 1800 2526; x_wconf 80' lang='grc' dir='ltr'>Μ()χι9()ῦντ”</span> 
     </span>
    </p>
   </div>
   <div class='ocr_carea' id='block_1_11' title="bbox 1079 2535 1799 2588">
    <p class='ocr_par' dir='ltr' id='par_1_12' title="bbox 1079 2535 1799 2588">
     <span class='ocr_line' id='line_1_69' title="bbox 1079 2535 1799 2588; baseline 0 -19"><span class='ocrx_word' id='word_1_356' title='bbox 1079 2535 1248 2588; x_wconf 55' lang='grc' dir='ltr'>’ἀμείνω</span> <span class='ocrx_word' id='word_1_357' title='bbox 1280 2540 1391 2570; x_wconf 65' lang='grc' dir='ltr'><em>τέκνα</em></span> <span class='ocrx_word' id='word_1_358' title='bbox 1416 2540 1475 2570; x_wconf 80' lang='grc' dir='ltr'>καὶ</span> <span class='ocrx_word' id='word_1_359' title='bbox 1512 2536 1730 2583; x_wconf 71' lang='grc' dir='ltr'><em>δραστήρια.</em></span> <span class='ocrx_word' id='word_1_360' title='bbox 1765 2557 1799 2560; x_wconf 86' lang='lat'>—</span> 
     </span>
    </p>
   </div>
   <div class='ocr_carea' id='block_1_12' title="bbox 1104 2587 1799 2768">
    <p class='ocr_par' dir='ltr' id='par_1_13' title="bbox 1104 2587 1799 2768">
     <span class='ocr_line' id='line_1_70' title="bbox 1104 2587 1799 2630; baseline -0.003 -11"><span class='ocrx_word' id='word_1_361' title='bbox 1104 2590 1197 2630; x_wconf 75' lang='lat' dir='ltr'>puer]</span> <span class='ocrx_word' id='word_1_362' title='bbox 1223 2589 1323 2629; x_wconf 83' lang='lat' dir='ltr'>Apud</span> <span class='ocrx_word' id='word_1_363' title='bbox 1350 2590 1522 2620; x_wconf 84' lang='lat' dir='ltr'>Romanos</span> <span class='ocrx_word' id='word_1_364' title='bbox 1546 2590 1642 2619; x_wconf 84' lang='lat' dir='ltr'>aetas</span> <span class='ocrx_word' id='word_1_365' title='bbox 1673 2587 1799 2619; x_wconf 86' lang='lat' dir='ltr'>milita-</span> 
     </span>
     <span class='ocr_line' id='line_1_71' title="bbox 1108 2636 1798 2676; baseline -0.003 -8"><span class='ocrx_word' id='word_1_366' title='bbox 1108 2639 1152 2669; x_wconf 80' lang='lat' dir='ltr'>ris</span> <span class='ocrx_word' id='word_1_367' title='bbox 1188 2638 1287 2669; x_wconf 78' lang='lat' dir='ltr'>XVII.</span> <span class='ocrx_word' id='word_1_368' title='bbox 1322 2637 1443 2668; x_wconf 78' lang='lat' dir='ltr'>aetatis</span> <span class='ocrx_word' id='word_1_369' title='bbox 1478 2645 1569 2667; x_wconf 87' lang='lat' dir='ltr'>anno</span> <span class='ocrx_word' id='word_1_370' title='bbox 1603 2636 1798 2676; x_wconf 72' lang='lat' dir='ltr'>incipiebat.</span> 
     </span>
     <span class='ocr_line' id='line_1_72' title="bbox 1108 2686 1799 2727; baseline -0.003 -9"><span class='ocrx_word' id='word_1_371' title='bbox 1108 2687 1167 2727; x_wconf 60' lang='lat' dir='ltr'>(Cf-</span> <span class='ocrx_word' id='word_1_372' title='bbox 1204 2686 1285 2718; x_wconf 80' lang='lat' dir='ltr'>Gell.</span> <span class='ocrx_word' id='word_1_373' title='bbox 1315 2688 1351 2717; x_wconf 83' lang='lat' dir='ltr'>N.</span> <span class='ocrx_word' id='word_1_374' title='bbox 1388 2688 1423 2717; x_wconf 70' lang='lat' dir='ltr'>A.</span> <span class='ocrx_word' id='word_1_375' title='bbox 1463 2686 1513 2723; x_wconf 76' lang='grc'>10,</span> <span class='ocrx_word' id='word_1_376' title='bbox 1548 2686 1599 2716; x_wconf 66' lang='grc'>28.</span> <span class='ocrx_word' id='word_1_377' title='bbox 1641 2687 1709 2717; x_wconf 78' lang='lat' dir='ltr'>Liv.</span> <span class='ocrx_word' id='word_1_378' title='bbox 1742 2686 1799 2722; x_wconf 76' lang='lat'>27,</span> 
     </span>
     <span class='ocr_line' id='line_1_73' title="bbox 1112 2738 1253 2768; baseline 0.007 -1"><span class='ocrx_word' id='word_1_379' title='bbox 1112 2738 1140 2767; x_wconf 85' lang='lat' dir='ltr'>tt</span> <span class='ocrx_word' id='word_1_380' title='bbox 1172 2738 1253 2768; x_wconf 54' lang='lat' dir='ltr'>cett</span> 
     </span>
    </p>
   </div>
  </div>
 </body>
</html>
