1997 3219
313 145 392 185 (5:32

950 145 1116 178 llORATll

538 251 632 300 Quo
654 249 848 306 Sibyllini
879 262 1084 292 monuere
1115 262 1273 292 versus
1725 251 1748 287 :i

538 330 727 385 Virgines
757 329 888 373 lectas
919 344 1165 388 puerosque
1197 337 1336 373 castos

536 411 628 459 Dis,
662 410 818 467 quibus
850 414 1014 468 'septem
1045 411 1246 468 placuere
1277 410 1427 454 colles.

651 492 801 534 Dicere
833 506 1018 535 carmen.

535 596 651 639 Alme
683 597 753 639 Sol
774 631 781 645 ,

534 677 698 719 Promis
730 684 771 720 et
801 677 915 720 celas
948 677 1143 735 aliusque
1175 685 1216 721 et
1245 677 1358 720 idem

397 785 427 814 ὅ.
455 784 541 823 quod
563 784 613 815 Bb
638 785 673 815 et
699 785 864 824 quattuor
886 783 1043 816 Blandin.

312 876 426 916 prisca
464 876 676 907 imitantur.»
726 876 776 907 Ex
814 885 883 916 qua
923 877 1006 909 satis

312 925 458 957 confusa
482 926 769 966 interpretatione
794 926 861 958 hoc
877 926 1005 967 prodit,

312 975 529 1015 antiquiores
558 976 800 1016 Porphyrione
832 976 1008 1016 interpre-

312 1027 364 1056 tes
400 1025 445 1055 ita
481 1024 592 1056 ferme
627 1023 744 1056 locum
775 1026 1004 1065 exposuisse:

313 1078 478 1114 «tempore
515 1075 629 1114 suero]
669 1083 769 1106 sacro
810 1084 852 1106 ex
889 1075 1007 1116 prisco

313 1124 392 1162 ritu,
412 1124 577 1164 quoniam
597 1123 716 1155 seculo
732 1123 904 1156 redeunte
921 1126 1010 1156 tem-

313 1182 378 1214 pus
403 1182 468 1213 per
491 1182 529 1204 se
554 1173 591 1204 fit
615 1182 790 1205 sacrum.»

354 1223 386 1253 5.
406 1222 436 1253 6.
462 1221 613 1261 Sibyllini
627 1232 741 1254 versus
756 1222 914 1255 consulto
931 1232 1009 1255 me—

313 1272 513 1310 morantur,
543 1272 623 1311 quia
648 1272 776 1304 horum
801 1273 1006 1304 auctoritate

312 1320 478 1352 utebatur
512 1322 687 1361 Augustus
726 1323 761 1353 in
794 1322 1006 1354 renovandis

313 1369 402 1401 ludis
427 1369 656 1402 secularibus.
706 1371 863 1412 Vii‘gines
887 1373 1007 1403 autem

312 1420 346 1450 et
370 1419 469 1460 pueri
493 1427 605 1458 nunc,
638 1421 676 1451 ut
699 1420 746 1451 ita
770 1420 902 1460 dicam,
934 1421 1007 1462 pri-

312 1477 410 1500 mum
450 1469 484 1500 in
525 1477 629 1500 scena
671 1472 918 1510 comparentes
962 1470 1005 1502 de

313 1526 350 1548 se
397 1517 462 1558 ipsi
509 1526 551 1549 eo
586 1519 696 1558 magis
737 1519 848 1550 verba
888 1520 1005 1551 facere

314 1566 508 1605 debebant,
555 1569 612 1606 ut,
649 1576 730 1599 cum
761 1577 803 1599 ex
832 1569 1005 1609 primariis

315 1615 450 1647 familiis
493 1615 573 1647 lecti
617 1618 754 1655 essent,
805 1619 895 1649 inter
941 1618 1004 1650 hos

315 1665 409 1705 ipsos
432 1674 558 1697 versus
590 1665 634 1696 ab
671 1667 711 1697 iis
744 1668 902 1698 cantatos
926 1667 1007 1698 tact-

312 1718 380 1745 lum.
421 1717 624 1753 pertentaret
671 1716 832 1755 qaudium
876 1724 1007 1756 paren-

314 1766 387 1794 tum
408 1767 555 1802 pectora.
583 1764 677 1795 Haec
693 1764 784 1796 dicta
802 1765 870 1796 sint
886 1766 1007 1797 contra

313 1813 394 1850 llP.,
425 1813 483 1852 qui
507 1812 597 1843 hanc
622 1814 791 1854 strophen
815 1813 918 1846 obelo
942 1823 1007 1846 no-

314 1862 408 1892 tavit.
435 1861 654 1902 (SIBI'LLAE
679 1863 749 1903 (sic)
776 1864 907 1903 effigies
925 1873 1005 1895 cum

313 1910 483 1941 librorum
500 1910 749 1951 Sibyllinorum
767 1920 876 1944 urceo
900 1921 1007 1954 super

314 1960 488 2000 tripodem
513 1959 681 1992 collocato
706 1963 759 1993 est
783 1962 815 1993 in
843 1963 876 1993 L.
903 1963 1008 2003 (Mar—

314 2010 371 2048 vij)
414 2010 611 2049 TORQVAT.
649 2011 704 2041 ΙΙΙ.
748 2012 823 2042 l'IR.
861 2020 1006 2043 nummo

315 2059 408 2099 apud
443 2059 558 2091 Riccio
592 2061 638 2091 M.
665 2060 700 2091 F.
727 2061 763 2091 R.
790 2070 823 2101 p.
851 2061 937 2100 ⁶135.)
969 2079 1003 2083 —

314 2110 377 2147 Qui
403 2110 471 2140 iam
495 2108 614 2141 seculo
639 2111 763 2141 octavo
788 2119 819 2141 v.
847 2111 878 2141 5.
911 2109 1007 2149 lege-

314 2159 393 2188 runt
425 2159 533 2198 Quod,
573 2159 623 2190 sic
654 2158 817 2190 videntur
847 2161 1007 2191 constru—

313 2207 424 2239 xisse:
474 2209 548 2240 date
595 2217 679 2247 quae
710 2217 892 2248 precamur
927 2218 1007 2239 ear-

313 2257 415 2295 mine‚
442 2258 528 2295 quod
551 2257 701 2296 Sibyllini
723 2266 879 2289 monuere
896 2267 1008 2289 versus

314 2307 522 2346 i·it·9t11es——
545 2308 594 2338 slis
628 2307 745 2338 dicere.
787 2324 822 2329 —
864 2308 1009 2348 Virgines

315 2357 404 2396 cet]
438 2357 516 2401 τρὶς
550 2356 659 2388 ἐννέα
683 2357 808 2388 Zosimi
844 2359 925 2389 sunt
954 2358 1007 2388 ter

314 2414 470 2437 novenae
510 2407 680 2446 virgines,
722 2407 844 2446 terque
880 2406 1005 2437 noveni

314 2456 432 2495 pueri,
462 2464 521 2487 sex
548 2457 651 2487 totius
676 2456 771 2486 chori
795 2455 900 2487 veluti
926 2464 1007 2496 par—

314 2505 384 2540 tes-3
423 2513 463 2535 ex
500 2512 598 2536 moro
634 2506 801 2536 Romano.
844 2506 913 2536 Liv.
944 2505 1004 2542 27,

316 2553 354 2583 :37
368 2562 373 2582 z
402 2554 582 2585 Decwevere
593 2554 794 2595 -poncifices,
813 2557 849 2585 ‘ut
864 2555 1008 2594 viraines

315 2606 364 2633 ter
393 2611 536 2634 novenae
563 2612 625 2642 per
653 2603 767 2634 urbem
796 2607 905 2634 euntes
927 2613 1007 2635 ear-

317 2660 385 2682 men
421 2655 587 2683 canerent.
625 2652 684 2690 34,
723 2652 781 2683 112:
827 2653 1009 2684 Decemviri

316 2709 357 2730 er
381 2700 470 2731 libris
495 2701 695 2741 (Sibyllinis)
720 2720 736 2724 —
754 2719 770 2724 -
786 2710 919 2734 carmen
935 2720 951 2724 -
969 2703 1008 2733 ab

815 611 943 640 curru
975 597 1107 640 nitido
1139 598 1251 640 diem
1283 598 1354 653 qui

1703 677 1748 719 ΙΟ

1073 786 1153 825 (non
1177 785 1247 825 Tc).
1278 785 1442 816 —laetas
1463 784 1485 815 b
1512 786 1590 823 (non
1607 785 1703 824 ΒΤο).

1056 879 1106 908 ter
1120 877 1254 908 novenis
1266 876 1451 917 viminibus
1467 877 1542 908 cani
1560 885 1624 916 per
1638 877 1751 908 urbem

1056 927 1230 958 iusserunt.
1270 944 1305 948 —
1342 927 1441 958 lectas
1460 944 1478 949 --
1497 927 1621 966 castos]
1657 927 1751 958 Haec

1057 975 1126 1006 duo
1158 975 1313 1008 ἐπίθετα
1344 984 1457 1016 aeque
1489 975 1534 1007 ad
1562 977 1750 1016 utrumque

1057 1033 1182 1057 sexum
1205 1026 1393 1066 pertinent.
1443 1025 1528 1057 Esse
1562 1025 1656 1056 enim
1687 1025 1751 1056 de-

1057 1073 1190 1106 hebant
1219 1083 1261 1106 ex
1290 1074 1516 1106 confarreatis
1545 1073 1751 1115 parentibus

1057 1124 1178 1164 geniti,
1210 1124 1398 1165 patriciae,
1417 1125 1527 1163 ,certe
1553 1125 1749 1156 senatoriae

1058 1174 1188 1214 stirpis,
1215 1182 1256 1204 ac
1280 1172 1383 1205 simul
1407 1169 1662 1214 ᾱιιφιθαλεῐς,
1687 1182 1752 1214 pa-

1057 1223 1148 1254 trimi
1174 1224 1208 1254 et
1232 1224 1396 1254 niatiimi.
1438 1223 1507 1255 Csr.
1527 1224 1612 1255 Acta
1641 1224 1748 1255 Frati.

1057 1274 1137 1304 Arv.
1156 1273 1192 1304 T.
1212 1273 1264 1304 3⁶2.
1290 1282 1323 1304 v.
1344 1274 1402 1304 17:
1427 1274 1559 1305 Pmms.
1584 1280 1748 1305 ammas.

1055 1329 1647 1355 ET.MATR1MISSEvATOfflM.F1L11S
1666 1322 1752 1353 item

1056 1379 1112 1403 vv.
1139 1371 1258 1412 Sibyll.
1286 1372 1339 1403 22¹.

1099 1421 1193 1452 9-112.
1232 1422 1324 1452 Alme
1357 1421 1424 1462 Sol]
1460 1420 1528 1452 Cfr.
1565 1419 1751 1452 formulam

1054 1471 1138 1502 iuris
1180 1470 1316 1501 iurandi
1359 1469 1505 1511 Philippi
1545 1478 1616 1501 cos
1658 1470 1751 1511 apud

1054 1520 1153 1552 Diod.
1192 1521 1387 1560 Fragment.
1424 1519 1525 1551 Dind.
1551 1528 1630 1560 pag.
1666 1520 1748 1551 428:

1044 1565 1209 1612 3’(),ιινυμι
1233 1568 1300 1601 τὸν
1324 1567 1395 1600 Δία
1415 1566 1484 1600 τὸν
1507 1568 1612 1599 Kane
1616 1565 1750 1600 τιόὶιον

1055 1620 1117 1650 καὶ
1148 1616 1218 1660 τὴν
1244 1614 1396 1649 Εστίαι)
1419 1615 1488 1658 τῆς
1515 1613 1660 1658 Ριόιιης
1684 1618 1750 1649 καὶ

1055 1665 1122 1699 τὸι
1165 1665 1340 1712 πατρῶον
1382 1663 1501 1708 αὔτη-ς
1533 1662 1647 1712 0'2107711
1684 1668 1751 1699 καὶ

1055 1714 1136 1749 τὸν
1159 1727 1205 1759 γε
1217 1727 1398 1761 ναρχον
1415 1711 1570 1748 “Ἠλιον
1593 1716 1659 1748 καὶ
1682 1714 1751 1758 τὴν

1056 1764 1240 1811 εὐεογέτιν
1264 1762 1369 1807 ζώων
1394 1776 1432 1798 τε
1448 1766 1512 1798 καὶ
1528 1764 1659 1805 φυτῶν
1675 1764 1752 1808 Γῆν

1057 1818 1105 1857 (C.
1130 1818 1161 1848 S.
1181 1826 1214 1847 v.
1233 1817 1313 1857 ⁶29),
1340 1811 1395 1848 ἐτι
1418 1815 1458 1848 δὲ
1483 1813 1572 1855 τοὺς
1594 1816 1750 1856 κτίστας

1055 1867 1331 1909 γεγενημένους
1373 1863 1443 1907 τῆς
1477 1862 1622 1907 Ῥώμης
1661 1862 1751 1908 ἡμι-

1055 1916 1170 1955 θέους
1207 1916 1272 1947 καὶ
1310 1912 1400 1955 τοὺς
1435 1912 1750 1957 συναυξῆσαντας

1056 1962 1125 2006 τὴν
1146 1961 1354 2007 ἡγεμονίαν
1377 1961 1496 2006 αὐτῆς
1520 1959 1647 2010 ἥρωας
1671 1963 1749 1996 κτλ.

1058 2033 1093 2037 -
1129 2016 1157 2045 A
1190 2015 1302 2055 poetis
1343 2016 1479 2046 mature
1516 2013 1680 2055 Apollinis
1718 2015 1752 2045 et

1056 2062 1144 2096 Solis
1174 2072 1305 2095 numen
1333 2064 1366 2095 in
1390 2072 1500 2094 unum
1525 2063 1750 2094 coniunctum

1056 2122 1074 2144 i
1079 2114 1120 2144 st.
1148 2113 1202 2144 Sic
1219 2113 1407 2153 Scythinus
1424 2113 1526 2144 Teius
1550 2113 1643 2153 apud
1661 2111 1747 2143 Plut.

1056 2162 1100 2194 de
1125 2162 1270 2201 Pythiae
1296 2171 1388 2193 orac.
1412 2162 1447 2193 T
1468 2163 1498 2193 2.
1520 2170 1553 2202 p.
1574 2161 1655 2194 402:
1682 2163 1753 2203 Ζη-

1056 2209 1122 2251 νὸς
1139 2208 1287 2253 εὕειόης
1306 2207 1511 2250 Ἀπόλλων
1538 2209 1666 2243 πᾶσαι
1681 2206 1750 2255 ἆρ-

1057 2271 1130 2303 χην
1154 2262 1218 2292 καὶ,
1242 2271 1279 2293 τε
1277 2260 1350 2301 λος
1373 2258 1590 2299 Συλλαῦἶών,
1616 2257 1696 2298 ἔχει
1711 2259 1751 2293 δὲ

1056 2307 1231 2355 λαμπρὸν
1263 2309 1452 2355 πλῆκτρον
1485 2307 1594 2352 ηλίου
1633 2307 1747 2350 φάος.

1055 2360 1254 2392 Notandum
1284 2360 1402 2392 Martis
1432 2368 1548 2401 neque
1580 2360 1614 2391 in
1638 2368 1747 2391 verss.

1057 2408 1232 2449 Sibyllinis
1276 2417 1392 2449 neque
1431 2409 1525 2450 apud
1570 2409 1749 2440 Horatium

1056 2458 1162 2490 ullam
1186 2459 1401 2490 mentionem
1426 2458 1518 2496 sieri,
1553 2458 1631 2489 ideo
1656 2457 1748 2497 quod

1056 2507 1288 2548 pacificatoris
1312 2515 1459 2538 munere
1486 2507 1578 2547 fungi
1610 2505 1747 2537 volebat

1057 2558 1245 2596 Augustus.
1297 2574 1330 2577 —
1378 2556 1523 2596 Promis]
1564 2555 1749 2594 Dionysius

1059 2607 1184 2645 llymn.
1224 2606 1257 2636 in
1295 2603 1404 2645 Apoll.
1441 2604 1495 2635 ed.
1529 2603 1747 2635 Bellermann

1058 2664 1091 2695 p.
1117 2655 1175 2686 26:
1216 2653 1389 2694 ΙΙοταμοὶ
1421 2651 1460 2684 δὲ
1490 2652 1601 2685 σέθεν
1631 2649 1748 2696 πυρὸς

1057 2699 1255 2747 ἀμφ’ρότου
1310 2703 1508 2735 Timonem
1559 2697 1747 2744 ἐπήρατον
