1997 3219
315 267 395 307 354

827 265 996 298 HORATII
1022 265 1243 298 CARMINUM

538 370 788 425 Nostrisque
819 368 994 410 ductum
1029 367 1309 409 seditionibus

539 450 702 493 Bellum
734 448 904 491 resedit.

966 447 1162 490 Protinus
1193 453 1234 488 et
1264 459 1416 502 graves

1701 447 1754 487 30

599 532 686 572 lras
718 536 761 571 et
790 528 973 570 invisum
1001 533 1228 582 nepotem,

650 609 799 651 Troica
828 622 958 669 quem
991 607 1158 664 peperit
1187 606 1413 655 sacerdos,

522 699 659 757 ¹Marti
690 713 935 764 redonab03
958 712 1085 776 *illum
1115 725 1194 768 ego
1225 710 1388 754 lucidas

543 795 655 837 Inire
686 794 838 844 sedes,
873 793 1033 836 ducere
1063 792 1248 835 nectaris

400 927 451 958 30.
485 926 600 966 gravis
622 925 656 955 l).
687 943 722 947 —
748 924 800 956 32.
830 924 928 955 Troia
958 924 1102 955 auctore
1132 923 1274 954 Heinsio
1298 921 1423 960 Bentl,
1451 923 1484 953 F.
1515 940 1549 943 —-
1575 922 1626 953 33.
1654 931 1712 961 esso

356 984 425 1007 om.
445 976 481 1006 T.
504 993 539 997 —
565 973 617 1007 34..
644 974 770 1015 ducere]
797 974 918 1005 discere
940 973 1026 1011 ch,
1053 981 1143 1004 corr.
1170 972 1202 1010 S,
1228 968 1413 1011 βκξχψω,
1440 979 1493 1011 pr.
1519 981 1551 1001 v.
1572 973 1606 1002 et
1633 979 1707 1002 var

355 1024 434 1057 lect.
460 1035 484 1055 ι.
513 1025 563 1065 (Ut
588 1032 664 1062 nos,
690 1032 742 1064 pr.
769 1024 808 1062 S,
834 1022 987 1054 Pottierii
1012 1022 1048 1061 4,
1074 1021 1111 1060 3,
1139 1022 1173 1059 6,
1201 1021 1257 1059 43,
1285 1021 1343 1059 45,
1369 1020 1436 1059 23.)

355 1141 496 1173 29-34.
537 1140 688 1180 ductum]
730 1138 962 1180 «productum
978 1147 1006 1176 3»

312 1199 378 1222 usu
402 1189 566 1221 omnihus
590 1190 673 1221 satis
698 1190 803 1226 not0;
829 1189 880 1220 sic
904 1188 1009 1219 etiam

312 1241 443 1271 trahere
477 1239 595 1270 bellam
629 1237 694 1269 Sal.
728 1239 799 1277 lug.
827 1236 880 1268 64.
927 1237 1007 1268 Tac.

313 1291 398 1322 Hist.
425 1290 461 1327 2,
488 1288 540 1320 34.
575 1305 611 1310 -
650 1286 872 1328 seditionibus]
909 1285 1007 1317 Ovid.

313 1340 413 1370 Trist.
442 1339 476 1376 i,
503 1338 544 1376 2,
570 1338 611 1368 5:
638 1336 798 1368 Mulciber
813 1337 847 1366 in
866 1336 1008 1373 Troiam,

311 1397 374 1431 pro
415 1387 514 1418 Troia
551 1386 662 1417 stabat
708 1385 822 1425 Apollo
835 1394 846 1422 ;
896 1384 1012 1423 Aequa

318 1438 422 1468 Venus
456 1436 607 1474 Teucris,
641 1435 752 1466 Pallas
785 1434 902 1473 iniqua
933 1433 1007 1472 fuit.

315 1486 382 1526 (Sic
418 1484 511 1526 apud
544 1485 617 1516 Liv.
643 1483 704 1522 45,
732 1483 783 1514 49.
836 1483 1012 1514 domestica

313 1535 426 1567 seditio
444 1535 497 1565 est
515 1532 711 1565 «discordia
729 1533 819 1563 inter
838 1532 1008 1576 fratres»)

318 1602 354 1607 -
379 1583 507 1624 resedit]
535 1584 593 1614 «ut
617 1583 723 1613 maris
747 1583 865 1613 aestus
891 1580 1012 1612 sedata

314 1634 550 1674 tempestate,
577 1632 627 1663 sic
653 1631 906 1671 compositum,
932 1629 1012 1661 fini-

315 1684 390 1714 tum
425 1683 480 1714 est
502 1680 635 1712 bellum
660 1688 786 1712 eversa
810 1680 945 1711 Troia.»
974 1695 1008 1700 —

315 1731 482 1772 Protinus]
511 1739 574 1762 «ex
597 1731 664 1762 hoc
689 1729 858 1770 temporis
881 1729 1012 1769 puncto

315 1782 350 1812 in
386 1780 576 1812 futurum.»
640 1780 680 1811 Ut
712 1780 836 1819 poeta,
882 1776 1012 1809 nullam

315 1829 423 1862 habet
436 1830 608 1860 rationem
623 1829 777 1859 actatum
791 1828 880 1858 inter
892 1827 1012 1858 Troiae

317 1878 492 1911 excidium
517 1879 551 1909 et
574 1876 709 1908 Romuli
733 1876 946 1908 adscensum
980 1876 1012 1906 in

320 1927 458 1960 caelum
482 1926 765 1967 praeteritarum.
795 1943 830 1947 —-
856 1924 1013 1965 nepotem]

320 1975 548 2014 «Romulum,
575 1975 692 2007 Martis
718 1973 860 2005 filium.»
892 1975 1018 2006 Dicen-

321 2026 406 2057 dum
432 2024 486 2056 vel
510 2025 578 2056 hoc
602 2025 699 2062 erat,
733 2032 816 2055 cum
839 2022 930 2055 male
961 2022 1017 2054 alii

320 2074 537 2115 interpretati
551 2074 619 2105 sint
636 2082 765 2104 «unum
778 2074 1016 2114 posterorum,

323 2121 551 2166 ἀπόγονον.»

366 2198 418 2230 3‘2.
458 2196 595 2237 Troica]
629 2197 722 2236 Virg.
748 2197 833 2228 Aen.
864 2197 900 2233 4,
935 2196 1017 2227 449:

325 2248 423 2279 Tro'ia
437 2255 543 2287 yaza,
562 2245 623 2277 ubi
636 2247 809 2285 Wagner:
844 2244 1019 2276 «Alteram

324 2296 490 2334 formam,
518 2295 666 2333 Troicus,
691 2294 830 2325 videtur
846 2293 1020 2334 pedestris

325 2345 434 2376 oratio
459 2343 525 2375 sibi
548 2343 763 2375 vindicare.»
803 2343 919 2373 Troica
942 2350 1021 2374 ser-

325 2394 418 2425 vavit
453 2393 559 2424 etiam
593 2392 678 2423 Iahn
710 2393 745 2423 et
776 2392 946 2423 Meineke.
983 2410 1018 2413 —

325 2441 488 2482 sacerdos]
514 2440 571 2472 Ilia
596 2441 668 2473 sive
697 2441 766 2472 Rea
798 2439 917 2477 Silvia,
950 2440 1022 2471 Ve-

327 2490 440 2530 stalis,
482 2499 501 2522 e
541 2490 708 2530 sanguine
749 2490 896 2520 Troiano
931 2491 1019 2528 orta,

328 2549 409 2572 cum
433 2541 534 2580 pater
558 2539 633 2570 eius
657 2539 817 2570 Numitor
840 2538 883 2569 ab
904 2541 1021 2570 Aenea

328 2588 566 2621 descenderit.
629 2587 757 2619 Vestae
799 2590 940 2626 autem,
986 2589 1023 2618 ut

329 2639 417 2670 deae
459 2638 647 2676 Troianae,
691 2636 914 2668 sacerdotem
953 2645 1022 2668 non

329 2686 511 2727 significat,
537 2687 585 2718 uti
609 2685 753 2726 quidam
776 2684 894 2717 voluit.
935 2685 1022 2717 Vide

331 2737 539 2768 Excursum.

376 2810 426 2838 133,
444 2809 495 2839 ΞΗ.
522 2809 637 2848 Morti]
664 2809 812 2848 «quipm=
827 2806 894 2838 filio
909 2817 1022 2839 meo.»

1059 1138 1144 1168 Iuno
1169 1138 1316 1170 Martem
1345 1136 1480 1169 lactans
1509 1138 1563 1168 est
1587 1137 1621 1167 in
1644 1137 1756 1168 Museo

1058 1186 1228 1218 Pio-Clem.
1256 1187 1280 1217 I.
1306 1186 1343 1217 T.
1362 1185 1393 1217 4.
1423 1204 1458 1208 -—
1483 1185 1659 1226 redonabo]
1684 1187 1757 1217 Hoc

1058 1235 1170 1267 verbo
1194 1236 1285 1266 inter
1308 1235 1498 1275 scriptores
1523 1243 1617 1266 nunc
1634 1243 1757 1275 super-

1061 1285 1159 1316 stites
1182 1292 1273 1315 unus
1299 1285 1460 1316 Horatius
1484 1293 1569 1315 usus
1595 1284 1753 1321 videtur;

1060 1332 1123 1364 alia
1163 1332 1414 1373 significatione
1453 1332 1516 1364 Od.
1553 1334 1589 1370 2,
1627 1333 1666 1371 7,
1707 1333 1754 1371 3.,

1061 1383 1094 1413 h.
1122 1381 1144 1413 l.
1171 1390 1236 1422 pro
1260 1383 1385 1413 donare
1402 1382 1502 1422 ¹(Cic.
1528 1382 1572 1413 ad
1604 1383 1696 1413 Fam.
1724 1383 1756 1420 5,

1060 1431 1074 1463 l,
1093 1441 1098 1461 :
1133 1431 1325 1462 inimicitias
1346 1432 1395 1462 rei
1415 1431 1566 1470 publicae
1595 1430 1753 1470 donare.)

1061 1482 1095 1511 ct
1130 1481 1328 1518 condonare,
1366 1481 1400 1511 in
1432 1479 1577 1511 alicuius
1611 1481 1757 1519 gratiam

1060 1529 1163 1561 alicui
1194 1528 1324 1570 aliquid
1355 1530 1536 1560 remittere
1570 1528 1623 1560 vel
1656 1530 1756 1569 iguo-

1061 1587 1175 1610 scere.
1197 1595 1233 1600 —-
1259 1578 1524 1619 lucidas—sedes]
1550 1578 1648 1610 Ovid.
1676 1579 1756 1610 Met.

1063 1628 1118 1666 45,
1155 1627 1236 1659 858:
1275 1628 1423 1666 Iuppiter
1458 1636 1551 1658 arces
1586 1627 1758 1665 Temperat

1061 1677 1234 1708 aetherias.
1275 1675 1370 1707 lliad.
1396 1686 1439 1714 α,
1466 1676 1551 1707 532:
1582 1673 1758 1718 αἰγλήεν-

1062 1736 1127 1765 τος
1159 1721 1361 1766 Ὀλύμπου.
1392 1742 1428 1747 -
1455 1725 1588 1766 ducere]
1626 1727 1664 1756 ut
1695 1725 1757 1756 Od.

1065 1777 1098 1814 l,
1135 1776 1193 1814 47,
1227 1776 1281 1806 ⁶22.
1331 1775 1393 1806 Od.
1429 1774 1464 1813 4,
1506 1775 1561 1812 42,
1602 1773 1674 1813 44„
1710 1776 1763 1807 est

1066 1833 1166 1856 «cum
1186 1824 1338 1864 quadam
1364 1823 1540 1864 voluptate
1566 1823 1758 1862 obducere,

1065 1873 1246 1907 sorbillare
1259 1883 1296 1911 »3
1355 1875 1402 1905 ita
1454 1870 1578 1916 σπᾷν,
1639 1869 1761 1905 ἕλκειν

1066 1921 1182 1955 οἶνον.
1209 1923 1272 1955 Alii
1289 1924 1422 1962 discere,
1448 1923 1544 1962 quod
1567 1922 1758 1963 explicant:

1068 1981 1295 2004 «assuescere
1342 1971 1528 2012 saporibus
1573 1972 1760 2003 nectaris.»

1068 2023 1198 2054 Reiecit
1234 2022 1325 2053 hanc
1362 2020 1442 2052 lect.
1483 2020 1660 2052 Bentleius
1696 2021 1762 2052 hac

1068 2071 1202 2102 ratione
1238 2071 1382 2102 ductus:
1425 2069 1542 2109 «quod
1578 2070 1760 2108 discantur,

1070 2128 1160 2160 quae
1192 2118 1247 2151 vel
1281 2118 1522 2150 difficultatem
1548 2118 1604 2150 vel
1627 2120 1762 2150 metum

1069 2168 1124 2200 vel
1150 2168 1327 2201 fastidium
1355 2168 1521 2200 habent.»
1568 2168 1637 2200 Sed
1665 2170 1762 2199 recte

1070 2219 1164 2250 hunc
1186 2226 1291 2249 usum
1314 2219 1527 2258 perpetuum
1557 2226 1636 2249 esse
1660 2226 1765 2257 nega-

1070 2268 1119 2298 vit
1142 2266 1441 2307 Vanderburgius.
1482 2266 1578 2298 Ovid.
1605 2268 1643 2298 A.
1667 2269 1706 2298 Α.
1725 2266 1761 2305 3,

1070 2317 1130 2348 27:
1152 2325 1216 2356 per
1237 2325 1288 2347 me
1311 2317 1481 2347 discuntur
1496 2324 1635 2347 amores.
1663 2315 1765 2347 Clau-

1072 2366 1163 2397 dian.
1190 2364 1337 2406 Epithal.
1364 2365 1458 2403 430.,
1485 2364 1546 2396 ubi
1568 2366 1688 2397 Venus
1710 2363 1764 2396 lo-

1072 2415 1207 2455 quitur:
1240 2415 1342 2446 Viuite
1365 2415 1540 2446 concordes
1563 2417 1593 2445 et
1615 2417 1764 2445 nostrum

1071 2464 1183 2495 discite
1210 2472 1349 2500 manum
1385 2463 1503 2494 Oscula
1529 2463 1618 2495 mille
1638 2466 1761 2494 sonent.

1072 2515 1170 2554 Rapt.
1212 2514 1374 2553 Proserp.
1414 2513 1451 2551 ⁶2,
1492 2512 1574 2543 367:
1613 2512 1765 2543 unanimi

1071 2562 1238 2594 consortia
1272 2562 1384 2593 discite
1415 2562 1537 2599 somni,
1578 2561 1621 2592 de
1656 2560 1764 2593 rebus

1072 2612 1192 2651 utique
1217 2611 1435 2651 gratissimis,
1472 2618 1597 2641 verum
1627 2609 1670 2640 de
1700 2618 1765 2641 ne-

1074 2662 1168 2691 ctare
1203 2659 1357 2700 potando
1392 2659 1511 2691 nescio
1543 2658 1626 2698 quid
1657 2657 1765 2689 habet

1074 2708 1227 2747 ridiculi,
1269 2709 1365 2749 quod
1398 2717 1466 2740 uon
1500 2708 1687 2740 senserunt
1721 2707 1762 2745 ii,

1075 2759 1133 2799 qui
1165 2767 1280 2799 nuper
1309 2759 1431 2789 discere
1462 2765 1583 2788 rursus
1614 2755 1764 2797 amplexi

1075 2808 1166 2839 sunt.
1193 2807 1339 2839 Omnino
1363 2807 1395 2838 h.
1416 2805 1436 2837 l.
1455 2806 1618 2846 provenit
1640 2803 1683 2835 ab
1709 2805 1761 2843 iis,
