1997 3219
787 507 839 574 Q·
853 505 1087 567 HORATII
1111 507 1253 567 FLAG
1262 506 1316 568 CI

519 674 970 794 CARMEN
1019 679 1144 794 SE
1160 676 1622 795 CULARE.

752 1075 1372 1114 PROLEGOMENA.

427 1212 478 1242 De
509 1212 640 1252 origine
672 1211 835 1243 ludorum
863 1211 1074 1244 secularium
1099 1213 1133 1243 et
1158 1211 1201 1243 de
1225 1212 1309 1250 ritu,
1351 1219 1420 1251 quo
1444 1211 1478 1242 in
1503 1212 1635 1252 Campo
1660 1211 1781 1243 Martio

343 1265 635 1306 celebrabantur,
676 1267 754 1298 vide
790 1266 887 1299 locos
926 1268 1221 1299 Commentatoris
1258 1267 1448 1307 Cruquiani
1481 1268 1515 1298 et
1545 1267 1672 1298 Zosimi
1700 1267 1781 1298 huic

343 1323 489 1353 carmini
513 1323 745 1363 praemissos,
773 1322 896 1354 collato
920 1323 1092 1364 imprimis
1118 1322 1309 1355 Censorino
1335 1323 1372 1354 C.
1400 1322 1451 1353 47.
1473 1340 1508 1344 —
1527 1323 1702 1362 Augustus
1720 1331 1781 1353 eos

342 1377 533 1409 celebravit
557 1387 587 1408 a.
614 1387 647 1409 u.
675 1387 704 1409 c.
731 1378 820 1416 737„
840 1387 921 1409 (tum
937 1378 1091 1418 primum
1109 1377 1333 1416 decennium,
1360 1377 1392 1408 in
1410 1376 1504 1417 quod
1521 1377 1781 1417 prorogandum

342 1433 407 1464 sibi
438 1442 456 1463 a
488 1435 612 1464 senatu
636 1434 822 1474 imperium
847 1436 1031 1465 curaverat
1055 1442 1086 1464 a.
1113 1442 1146 1464 u.
1175 1442 1205 1464 c.
1232 1433 1306 1464 7¹27.
1350 1433 1429 1472 (quo
1461 1441 1551 1464 anno
1584 1433 1690 1464 etiam
1714 1435 1782 1464 Au-

340 1489 461 1528 gustus
485 1487 678 1529 appellatus
703 1490 789 1528 est),
817 1489 1063 1529 praeterissem
1090 1497 1158 1528 qua
1183 1489 1367 1520 occasione
1392 1487 1506 1519 oblata
1530 1489 1657 1528 partim
1680 1497 1782 1528 prae-

340 1542 474 1575 clarum
514 1543 683 1575 felicitatis
719 1544 854 1584 imperii
895 1545 1040 1575 Romani
1072 1552 1109 1575 se
1142 1544 1298 1584 principe
1329 1545 1598 1574 monumentum
1628 1545 1779 1583 posteris

338 1608 556 1640 proponere,
584 1601 710 1640 partim
734 1602 898 1633 Romanis
915 1600 1029 1640 legem
1048 1609 1148 1632 suam
1165 1600 1208 1631 de
1227 1600 1430 1631 maritandis
1448 1599 1630 1631 ordinibus
1647 1600 1779 1631 sensim

339 1655 590 1687 commendare
616 1656 745 1687 statuit.
788 1656 877 1687 Finis
902 1656 1005 1695 igitur
1027 1656 1129 1687 huius
1155 1655 1387 1686 caerimoniae
1413 1656 1554 1686 omnino
1580 1657 1653 1686 erat
1678 1653 1762 1685 πολι

337 1708 554 1750 τικώτατος.
597 1711 787 1751 Compacto
812 1712 931 1742 autem
955 1719 1032 1742 rem
1057 1719 1137 1741 cum
1163 1710 1452 1748 Quindecimviris
1477 1711 1585 1742 sacris
1608 1710 1778 1742 faciundis

339 1766 384 1796 ita
410 1767 522 1806 egisse
546 1765 700 1803 ridetur,
740 1768 778 1797 ut
800 1766 835 1797 hi
858 1775 922 1806 pro
948 1766 1021 1796 eius
1048 1765 1221 1797 voluntate
1248 1765 1333 1797 dicis
1359 1774 1463 1797 causa
1489 1765 1655 1797 consultis
1679 1764 1776 1797 libris

339 1820 512 1860 Sibyllinis
538 1822 572 1852 et
595 1821 797 1861 compositis
822 1821 967 1853 sortasse
994 1820 1056 1852 illis
1081 1821 1164 1861 ipsis
1188 1820 1350 1851 versibus
1375 1819 1567 1861 Sibyllinis,
1595 1830 1682 1861 quos
1707 1830 1780 1853 ser-

338 1877 463 1907 rarunt
499 1875 651 1916 Phlegon
685 1875 874 1907 Trallianus
904 1878 938 1907 et
966 1876 1141 1914 Zosimus,
1182 1876 1464 1916 pronuntiarent,
1505 1875 1645 1908 ultimos
1677 1875 1778 1907 ludos

339 1930 516 1963 seculares
542 1931 738 1963 celebratos
764 1940 843 1963 esse
869 1941 899 1962 a.
915 1941 948 1962 u.
967 1942 995 1962 r.
1013 1931 1101 1969 628„
1129 1940 1198 1971 quo
1224 1930 1370 1963 fortasse
1387 1930 1564 1971 piaculum
1580 1934 1614 1962 et
1629 1931 1776 1963 lustrum

338 1986 477 2027 aliquod
502 1986 671 2018 sollemne
697 1986 813 2027 populi
838 1987 982 2018 Romani
1007 1986 1137 2018 tactum
1161 1988 1246 2025 erat,
1274 1995 1357 2018 cum
1381 1995 1417 2018 re
1441 1995 1523 2017 vera
1542 1987 1699 2027 proxime
1717 1995 1778 2018 su-

338 2043 497 2083 periores
522 2042 603 2073 editi
629 2044 748 2073 essent
772 2052 801 2073 a.
828 2051 862 2073 u.
890 2051 920 2073 c.
948 2042 1021 2072 605.
1048 2040 1103 2072 vol
1128 2041 1216 2079 608„
1258 2041 1488 2081 sequentibus
1516 2044 1555 2081 [a.
1583 2051 1616 2072 u.
1643 2052 1672 2073 c.
1700 2042 1774 2073 705.

337 2097 392 2129 vel
417 2098 504 2138 708.)
530 2106 594 2138 per
617 2096 791 2128 bellorum
816 2096 967 2128 civilium
984 2096 1105 2127 turbas
1122 2096 1345 2134 intermissis3
1375 2095 1534 2128 seculum
1551 2098 1669 2128 autem
1686 2096 1776 2128 finiri

339 2154 438 2185 annis
464 2154 552 2192 CX.,
594 2162 662 2193 qua
688 2153 720 2184 in
745 2162 782 2184 re
807 2153 988 2184 Etruscam
1014 2152 1208 2183 doctrinam
1234 2152 1345 2183 secuti
1370 2160 1449 2183 esse
1473 2151 1654 2189 videntur,
1695 2160 1776 2183 cum

338 2209 556 2241 consuetudo
596 2207 699 2240 latina
729 2217 762 2239 V.
795 2208 937 2239 seculum
968 2216 1031 2248 pro
1063 2207 1221 2239 centenis
1253 2208 1351 2239 anuis
1383 2209 1579 2247 usurparet.
1629 2208 1776 2239 Omnino

338 2266 456 2295 autem
496 2264 687 2295 tenendum
719 2262 819 2294 ludos
851 2262 1030 2295 seculares
1060 2262 1104 2293 ab
1137 2264 1291 2302 Augusto
1320 2262 1494 2294 institutos
1522 2262 1638 2302 potins
1669 2271 1775 2302 quam

338 2321 547 2351 instauratos
581 2321 684 2359 atque
720 2328 738 2349 a
769 2317 999 2358 sequentibus
1024 2317 1298 2358 imperatoribus
1324 2316 1521 2349 celebratos
1546 2319 1579 2348 et
1606 2317 1716 2349 forma
1743 2320 1776 2349 et.

338 2374 406 2406 fine
432 2384 576 2416 prorsus
601 2375 706 2406 fuisse
733 2373 891 2405 dixersos
916 2373 959 2404 ab
985 2374 1042 2411 iis,
1078 2373 1137 2413 qui
1162 2373 1287 2404 codem
1313 2373 1452 2404 nomine
1478 2374 1557 2404 anto
1581 2374 1776 2413 Augustum

337 2431 590 2461 memorantur.
634 2429 702 2460 Cfr.
730 2429 871 2459 Petrum
897 2427 1067 2459 Talfinum
1092 2428 1135 2459 de
1161 2429 1396 2459 Romanorum
1414 2437 1504 2458 anno
1522 2426 1670 2459 seculari
1688 2427 1778 2458 eius-

338 2494 405 2525 que
440 2485 661 2526 potissimum
686 2492 750 2524 pcr
774 2482 874 2515 ludos
900 2482 1079 2515 seculares
1105 2483 1307 2515 celebritate
1334 2491 1528 2522 eorumque
1554 2481 1775 2521 chronologia

337 2541 370 2571 in
395 2541 529 2571 Graevii
555 2540 733 2571 Thesauro
757 2539 841 2569 Ylll.
870 2547 946 2579 pag.
974 2538 1047 2570 sitifi.
1076 2540 1180 2579 atque
1199 2540 1337 2570 ceteros
1356 2539 1545 2579 scriptores
1562 2548 1580 2569 a
1599 2537 1778 2570 Mitscher—

337 2596 439 2627 lis-hio
465 2597 498 2626 et
523 2595 708 2634 Docringio
734 2595 1051 2631 commemoratos,
1086 2594 1169 2625 item
1195 2593 1307 2625 Ideler
1333 2594 1545 2634 Chronoloyie
1567 2594 1605 2624 11.
1633 2601 1710 2633 pag.
1737 2592 1777 2623 82

337 2660 458 2690 seqq,
487 2651 640 2689 llartung
657 2649 800 2689 Reliyion
827 2650 883 2679 cler
907 2650 1024 2680 Homer
1042 2650 1080 2680 11.
1108 2658 1185 2689 pag.
1206 2649 1257 2680 92.
1278 2674 1282 2687 ,
1311 2650 1344 2680 et
1368 2658 1450 2689 prae
1476 2647 1638 2680 omnibus
1656 2648 1693 2678 C.
1715 2648 1767 2678 Fr.

338 2707 576 2737 llermannum
609 2706 646 2735 cle
677 2705 744 2735 loeo
770 2704 926 2743 Apollinis·
951 2705 980 2734 in
1007 2705 1156 2735 earmina
1181 2704 1311 2735 Horatii
1336 2703 1522 2741 saeculari,
1561 2703 1649 2733 Gon.
1679 2701 1773 2734 1848.
