1997 3219
925 178 1092 209 HORATH
1121 176 1342 209 CARMINUM

649 284 822 325 Servata
855 287 1024 324 centum
1054 278 1243 322 clavibus
1275 285 1316 321 et
1345 292 1464 321 mero

704 363 850 418 Tinget
879 360 1177 417 pavimentum·
1195 358 1382 415 superbo
1400 393 1407 409 ‚

761 440 1010 483 Pontificum
1040 439 1206 496 potiore
1236 439 1395 481 coenis.

511 577 562 607 ⁶27.
593 575 725 614 1'in9uet
749 564 869 610 T‹1‚C‚'
896 570 1007 603 Bentl.
1037 589 1073 593 —
1109 569 1284 609 superbum
1309 570 1331 600 L
1357 578 1375 600 e
1401 568 1531 607 Codd.,
1556 567 1713 608 superbus
1735 575 1816 600 cor-

468 627 584 657 rectus
608 624 684 654 Vat.
710 624 748 653 Α.
775 621 868 662 apud
894 622 1015 658 Feam,
1042 621 1080 651 ut
1101 618 1261 650 voluerat
1283 618 1462 656 Barthius,
1487 617 1634 657 superbis
1656 616 1700 648 de
1724 617 1815 656 Lyn-

467 674 565 706 sordii
591 675 625 705 et
649 671 817 710 Cuningh.
845 670 934 702 coni.
961 668 995 701 F.
1032 668 1184 710 (superbo
1208 667 1349 700 firmant
1372 667 1536 706 BbSTcd,
1573 674 1698 698 omnes
1722 665 1811 698 Cru-

467 725 537 764 ‹1uii
563 725 597 754 et
618 722 795 761 Pottierii.)
826 739 859 742 ψ
886 720 938 752 QS.
965 719 1076 751 caenis
1099 719 1135 750 T.

423 844 460 882 ⁶2,
495 843 551 873 119:
588 841 687 872 Heres
714 847 822 876 mem,
857 846 952 877 quem
980 837 1114 877 ignoro,

423 893 552 931 sapiens
574 900 618 921 an
641 889 757 921 stultus
779 889 912 928 futurus
931 887 988 925 sit,
1015 885 1118 916 domi-

422 942 556 973 nabitm·
589 941 624 971 in
661 938 828 970 laboribus
864 937 961 975 meis,
1001 935 1118 974 quibus

423 990 579 1022 desudavi
617 992 646 1020 et
683 988 838 1019 sollicitus
874 986 934 1026 fui.
993 986 1035 1015 Et
1072 987 1117 1014 est

423 1041 604 1080 quidquam
627 1041 695 1069 tam
716 1035 863 1067 vanum?
895 1033 1117 1066 Ecclesiasti—

424 1098 486 1121 cus
512 1089 569 1126 44,
596 1087 635 1119 4:
674 1087 737 1125 Qui
768 1088 902 1117 acervat
932 1093 975 1115 ea:
1006 1083 1117 1114 animo

421 1148 479 1169 suo
503 1138 619 1169 iniuste
642 1137 717 1167 aliis
739 1137 936 1175 congregat,
962 1136 992 1164 et
1014 1133 1049 1164 in
1065 1132 1119 1163 bo-

422 1189 473 1219 m's
495 1187 583 1218 illius
606 1186 692 1217 alius
715 1184 954 1215 luoeuriabitur.
984 1200 1019 1204 -
1045 1190 1119 1212 cen-

422 1241 492 1268 tum
522 1234 676 1275 clavibus]
702 1232 904 1274 Hyperbole
928 1240 992 1273 pro
1018 1229 1117 1261 «dili-

425 1286 661 1325 gentissime.»

467 1386 520 1417 ⁶27.
565 1383 684 1424 Tinyel]
727 1380 868 1413 «colore
905 1381 975 1411 vini
1010 1378 1117 1410 rubro

424 1435 665 1475 pavimentum
704 1430 837 1463 triclinii
876 1436 1118 1461 marmoreum

426 1484 589 1515 inficiet.»
625 1499 660 1504 -
691 1489 782 1512 mero
805 1497 822 1502 -
846 1496 863 1501 -
886 1477 1033 1518 superbo]
1064 1477 1118 1508 Sic

425 1533 545 1573 optimi
569 1532 699 1571 quique
726 1528 836 1561 Codd.
865 1530 957 1559 Mero
974 1528 1039 1568 ipsi
1063 1536 1120 1558 su-

424 1582 548 1624 perbia
576 1580 775 1611 attribuitur
802 1586 861 1615 eo,
896 1577 992 1618 quod
1020 1585 1121 1617 prae-

426 1631 573 1663 stantiae
598 1638 682 1661 suae
704 1627 884 1659 conscium
901 1626 1000 1666 quasi
1016 1624 1121 1657 insul-

427 1683 476 1713 tat
500 1680 712 1721 pavimento,
753 1677 891 1708 Etenim
908 1675 1060 1715 loquitur
1076 1675 1119 1706 de

428 1730 627 1771 profusione
644 1728 790 1768 propter
806 1725 1005 1769 παροινίαν
1021 1723 1120 1755 solita

429 1780 462 1810 in
487 1777 678 1810 heluonuni
703 1774 824 1816 epulis,
851 1774 997 1806 fortasse
1016 1774 1121 1804 etiam

429 1829 472 1860 dc
496 1826 706 1869 pytismatis.
756 1825 826 1855 Cic.
846 1823 991 1864 Philipp.
1010 1824 1047 1859 2,
1066 1822 1118 1855 4l.

430 1878 473 1909 de
520 1875 684 1908 Antonio:
732 1873 893 1904 natabant
931 1873 1123 1911 pavimenta

429 1928 525 1965 vino,
561 1924 737 1955 madebant
771 1922 925 1962 parietes.
981 1922 1119 1953 petron.

432 1978 489 2008 38:
512 1975 587 2015 plus
608 1973 678 2005 vini
699 1972 757 2003 sub
779 1980 925 2002 mensam
939 1970 1125 2011 effundeba-

433 2029 505 2062 ΙΨ,
549 2032 650 2063 quam
684 2021 804 2061 aliquis
837 2021 871 2051 in
905 2020 987 2051 cella
1018 2019 1122 2050 habet.

433 2075 564 2105 vitruv,
592 2073 630 2110 7,
657 2071 695 2109 4,
722 2072 759 2102 5:
784 2071 818 2101 In
844 2070 1000 2101 conviviis
1024 2070 1127 2101 Grae-

433 2132 547 2155 corum
569 2120 855 2153 hibernaculorum
878 2123 908 2150 et
931 2120 1017 2159 quod
1028 2128 1128 2158 pocu-

434 2174 472 2204 lis
488 2176 517 2205 et
533 2171 722 2211 pytismatis
738 2170 935 2210 effunditur,
960 2169 1057 2200 simul
1072 2178 1127 2199 ca—

435 2223 481 2253 dit
517 2221 732 2260 siccescitque.
788 2221 908 2251 Iuven.
945 2219 1005 2257 Μ,
1043 2218 1123 2249 473:

437 2272 500 2311 Qui
523 2269 815 2303 Lacedaemonium
833 2269 1008 2308 pytismate
1023 2268 1128 2298 lubri—

436 2324 490 2352 cat
528 2320 645 2351 orbem.
698 2318 795 2349 Idem
834 2326 912 2349 mos
947 2316 1129 2349 obtinebat

438 2369 531 2410 apud
555 2370 689 2400 Persas.
722 2367 815 2398 Hafis
840 2366 1017 2398 Hammeri
1040 2366 1064 2396 1.
1092 2374 1126 2406 p.

440 2420 475 2449 4:
517 2418 613 2457 Folqe
647 2418 719 2447 dem
755 2416 866 2447 lVorte
900 2416 952 2446 des
988 2415 1128 2446 Wirths:

1168 835 1289 874 utique
1314 833 1446 865 effusae
1472 842 1513 863 ac
1536 831 1771 873 superbientis
1787 830 1862 863 lae—

1168 884 1273 915 titiae.
1323 884 1534 922 Neutiquam
1561 891 1647 913 vero
1677 881 1790 922 agitur
1817 880 1860 912 de

1166 932 1350 970 libatione,
1378 932 1421 963 de
1439 932 1697 973 propinatione,
1728 930 1771 962 de
1791 933 1863 962 cot.-

1168 982 1268 1021 tabo,
1294 984 1332 1013 ut
1355 981 1410 1012 alii
1433 982 1498 1012 rati
1522 983 1613 1013 sunt.
1663 981 1726 1018 Qui
1743 979 1862 1020 legunt

1162 1032 1390 1072 pavimentum
1428 1031 1621 1070 superbum,
1669 1028 1862 1069 intelligunt

1169 1081 1355 1113 artificiose
1380 1080 1602 1118 tesselatum,
1628 1081 1667 1110 ut
1690 1080 1744 1110 est
1766 1079 1858 1119 Virg.

1168 1134 1253 1162 Aen.
1280 1131 1318 1169 7,
1347 1131 1404 1161 42:
1431 1130 1582 1168 tectisque
1605 1127 1766 1168 superbis,
1798 1130 1864 1159 Ae-

1168 1180 1279 1212 lianus
1309 1179 1402 1220 apud
1431 1179 1572 1210 Suidam
1602 1187 1636 1219 p.
1663 1177 1716 1210 28.
1752 1178 1864 1208 Bern-

1168 1229 1297 1269 hardy:
1317 1224 1407 1269 ὕφει
1419 1229 1490 1260 τινὶ
1508 1224 1752 1273 ὑπερηφάνῳ.
1773 1226 1859 1267 (vid.

1169 1279 1327 1320 inprimis
1371 1279 1461 1320 Hoss
1503 1279 1628 1309 Annot.
1670 1277 1704 1308 in
1743 1277 1860 1307 Horat.

1170 1337 1278 1360 carm.
1316 1327 1430 1369 Spicil.
1464 1336 1496 1368 p.
1531 1327 1575 1367 4.)
1612 1326 1723 1358 Minus
1758 1326 1864 1356 etiam

1169 1378 1412 1418 respiciendae
1449 1378 1529 1409 sunt
1555 1375 1724 1407 lectiones
1748 1384 1864 1414 super-

1169 1428 1231 1465 bis,
1262 1426 1510 1459 commendata
1527 1435 1546 1457 a
1571 1426 1701 1466 Toupio
1727 1425 1771 1456 ad
1792 1425 1865 1456 Sui-

1170 1477 1251 1509 dam
1275 1477 1307 1509 2.
1329 1485 1363 1517 p.
1383 1476 1456 1507 539.
1485 1476 1577 1516 (cum
1604 1476 1796 1515 Pontificum
1811 1492 1829 1496 -
1845 1491 1863 1496 -

1170 1535 1289 1558 coenae
1311 1534 1377 1567 per
1400 1534 1437 1557 se
1455 1525 1582 1556 fuerint
1597 1524 1766 1564 superbae,
1793 1524 1867 1564 opi-

1171 1584 1296 1617 parae.
1336 1574 1582 1614 lautissimae),
1620 1576 1654 1606 et
1688 1573 1861 1613 superbus,

1172 1626 1221 1666 (ut
1243 1624 1533 1663 heres-superbus
1555 1622 1621 1654 alio
1645 1622 1751 1654 modo
1775 1622 1864 1663 patri

1173 1673 1313 1705 insultat
1327 1673 1421 1714 apud
1445 1673 1636 1705 Martialem
1654 1673 1690 1710 8,
1717 1672 1776 1711 44,
1805 1673 1864 1703 4⁵2-

1173 1724 1251 1763 115.),
1279 1732 1360 1754 (rum
1385 1725 1418 1754 et
1441 1724 1531 1754 heres
1554 1724 1623 1754 iam
1638 1722 1767 1754 habeat
1784 1721 1865 1753 ἐπί-

1171 1774 1284 1804 θετον
1307 1773 1438 1812 dignior
1456 1774 1491 1803 et
1506 1773 1620 1803 minus
1636 1773 1771 1812 poetice
1789 1772 1863 1812 ipse

1173 1822 1309 1853 dicatur
1353 1821 1509 1860 superbus
1553 1830 1660 1862 quam
1705 1829 1861 1858 merum,

1173 1871 1268 1912 quod
1290 1870 1478 1911 profundit.

1216 1920 1269 1952 28.
1305 1920 1496 1960 Pontificum
1524 1919 1663 1959 potiore]
1702 1918 1862 1959 «potiore

1174 1979 1216 2002 eo
1239 1970 1338 2007 vino,
1365 1968 1459 2010 quod
1483 1970 1604 2009 potant
1625 1969 1808 2009 pontifices
1831 1969 1865 1999 in

1175 2018 1286 2060 epulis
1321 2018 1386 2050 illis
1421 2017 1667 2054 sollemnibus,
1705 2026 1795 2057 quae
1831 2018 1865 2049 in

1174 2068 1402 2110 proverbium
1426 2067 1616 2099 abierant.»
1642 2066 1785 2099 Martial.
1811 2067 1862 2105 42„

1176 2118 1234 2156 48,
1262 2118 1319 2149 ⁴2:
1344 2118 1418 2148 Non
1440 2117 1568 2148 Albana
1589 2116 1667 2147 mihi
1689 2116 1730 2147 sit
1752 2116 1867 2147 comis-

1174 2168 1257 2199 satio
1280 2167 1381 2206 tanti,
1411 2168 1478 2198 Nec
1507 2166 1710 2205 Capitolinae
1731 2166 1866 2206 Pontifi-

1175 2226 1312 2256 cumque
1343 2218 1451 2256 dapes.
1492 2215 1646 2247 Macrob.
1673 2216 1741 2246 Sat.
1767 2215 1804 2253 2,
1832 2215 1862 2245 9.

1176 2265 1235 2297 ubi
1259 2265 1363 2297 index
1387 2274 1518 2296 coenae
1543 2264 1668 2297 Metelli
1692 2263 1865 2305 pontificis

1176 2315 1318 2347 maximi
1342 2314 1494 2346 affertur.
1528 2314 1731 2353 Asyndeton
1748 2315 1865 2344 autem

1176 2364 1343 2404 superbo-
1353 2364 1482 2404 potiore
1516 2363 1686 2404 significat
1722 2364 1866 2404 propter

1177 2414 1267 2445 hanc
1301 2414 1412 2454 ipsam
1446 2413 1715 2453 generositatem
1746 2412 1864 2443 vinum

441 2467 544 2499 Far-be
567 2469 625 2499 (len
652 2466 785 2506 Teppich
808 2466 867 2496 mit
892 2466 982 2497 Wein
997 2467 1006 2495 Ι
1031 2466 1129 2496 actus
1176 2463 1350 2503 superbam
1372 2463 1501 2493 vocari.
1538 2474 1540 2476 ·
