1997 3219
287 198 366 240 724

822 196 988 228 HORATH
1015 196 1182 241 El’fflmsj

764 521 1073 574 camimum
1109 532 1261 571 xv1.

348 677 485 719 Altera
517 675 600 717 iam
630 674 778 716 teritur
808 671 931 714 bellis
962 670 1156 713 civilibus
1188 676 1326 715 aetas,

379 809 464 841 XVI.
503 809 610 839 lnscr.
637 805 726 845 volg.
766 804 816 836 Aa
845 804 1004 844 populum
1039 803 1233 834 Romanum.
1275 817 1308 822 —
1348 799 1575 840 Reipublicae
1598 800 1689 840 deflet

337 859 508 899 fortunam
530 859 588 889 Bc.
620 875 646 878 -
673 856 748 887 Om.
776 855 812 884 T.

336 977 421 1009 XVI.
459 975 603 1007 Videtur
630 974 698 1005 hoc
722 980 866 1004 carmen
891 978 990 1001 com-

294 1027 446 1068 positum
471 1024 536 1057 sub
562 1024 696 1055 initium
721 1020 802 1054 belli
831 1019 989 1052 Perusini

295 1086 326 1107 a.
342 1085 376 1107 u.
392 1084 421 1106 c.
442 1074 532 1112 743,
559 1081 640 1104 cum
658 1071 881 1103 contentione
900 1068 989 1100 civili

297 1127 386 1157 inter
402 1126 437 1156 L.
454 1124 641 1156 Antonium
659 1130 731 1153 cos.
748 1122 783 1152 et
800 1121 990 1151 Caesarem

295 1175 521 1206 Octavianum
550 1172 672 1213 paucis
702 1169 884 1202 mensibus
912 1169 991 1209 post

296 1224 470 1255 funestam
487 1221 578 1253 illam
596 1221 708 1252 aciem
731 1218 991 1259 Philippensem

295 1273 361 1306 sub
398 1273 481 1314 ipsis
519 1270 616 1303 Urbis
652 1268 838 1301 moenibus
871 1276 992 1299 erum-

295 1324 400 1364 pente
426 1329 547 1352 rerum
570 1321 809 1351 Romanarum
831 1317 990 1349 condicio

297 1381 378 1404 cum
403 1373 437 1403 in
462 1369 551 1403 Urbe
578 1370 652 1400 tum
669 1369 701 1399 in
720 1369 789 1399 tota
807 1367 879 1398 fere
896 1365 990 1398 ltalia

297 1420 511 1463 deploranda
545 1427 585 1450 ac
617 1417 902 1459 desperatissima
934 1425 992 1447 es-

298 1473 362 1504 set.
405 1470 474 1501 Csr.
502 1469 673 1500 Kirchner
703 1467 844 1505 Quaest.
873 1466 990 1496 Horat.

296 1531 330 1562 p.
350 1521 404 1551 ⁶22.
445 1519 547 1551 Certe
577 1516 778 1548 huiusmodi
810 1514 993 1546 consilium

297 1571 450 1613 patrium
469 1567 582 1600 solum
599 1565 820 1606 relinquendi
838 1564 894 1596 tali
912 1573 992 1595 cum

298 1619 468 1652 libertatis
497 1626 605 1649 sensu
630 1615 834 1647 melioribus
859 1613 993 1645 civibus

300 1671 385 1701 dare
410 1670 465 1699 vix
488 1669 643 1709 poterat,
679 1667 869 1707 postquam
898 1664 995 1695 Mae-

299 1719 432 1752 cenatis
456 1719 490 1749 et
513 1716 689 1748 Octaviani
717 1714 890 1745 amicitiae
915 1721 993 1744 sese

298 1768 495 1810 applicavit.
515 1765 601 1798 Male
613 1765 715 1805 igitur
724 1763 777 1794 alii
789 1761 995 1794 referuntad

298 1819 433 1850 initium
457 1815 566 1847 ultimi
592 1815 682 1845 inter
705 1813 931 1844 Octavianum
962 1812 996 1842 et

298 1866 485 1899 Antonium
509 1863 590 1895 belli
615 1872 646 1893 a.
669 1872 701 1893 u.
722 1871 752 1893 c.
772 1862 861 1899 72⁴2,
889 1868 995 1900 quam

299 1915 522 1947 salsissimam
569 1912 770 1953 opinionem
817 1918 930 1950 nuper
976 1918 994 1939 a

300 1964 455 2005 quodam
469 1963 647 1994 recoctam
661 1960 801 2001 optimis
812 1967 997 1999 argumen-

301 2014 344 2045 tis
377 2021 461 2044 usus
492 2011 655 2043 refutavit
686 2010 829 2041 Franke.
878 2007 997 2039 Liber-

301 2064 388 2094 rima
413 2063 532 2093 autem
563 2059 796 2100 indignatione
823 2064 995 2089 accensus

302 2113 551 2150 vehementer,
578 2119 621 2141 ne
648 2109 763 2140 dicam
788 2106 994 2145 iuveniliter,

301 2163 333 2193 in
373 2160 546 2192 bellorum
582 2159 826 2190 intestinorum
862 2156 996 2189 scelera

301 2211 476 2242 invehitur
492 2217 687 2249 eorumque
706 2207 921 2239 calamitates
938 2206 999 2237 de-

302 2260 424 2301 plorat.
479 2260 689 2299 Magnopere
743 2265 827 2288 vero
874 2255 999 2286 fallitur

301 2309 457 2347 Monich,
499 2308 553 2338 cui
593 2308 713 2339 nescio
754 2314 844 2345 quae
879 2312 998 2335 amara

302 2358 475 2403 εἰρωνεία
498 2365 562 2397 per
587 2358 698 2388 lotum
723 2363 867 2386 carmen
885 2353 999 2384 domi—

303 2409 377 2439 nari
401 2408 474 2439 visa
500 2408 564 2438 est.
600 2405 700 2444 Quod
732 2406 850 2436 autem
876 2405 908 2434 in
933 2403 999 2434 hoc

302 2457 458 2488 carmine
490 2455 625 2487 civibus
655 2454 824 2486 libertatis
855 2453 1000 2484 amanli-

302 2507 369 2538 bus
391 2505 573 2537 consilium
596 2505 766 2545 impertit,
787 2504 860 2535 eius
885 2511 1002 2533 exem-

302 2555 377 2597 plar
402 2556 548 2586 fortasse
567 2553 688 2585 habuit
706 2554 747 2584 M.
768 2552 907 2584 Sertorii
924 2560 1003 2591 pro-

304 2605 470 2646 positum.
501 2603 673 2635 Plutarch.
693 2603 780 2633 Sert.
801 2601 837 2632 9:
865 2597 901 2641 (ὁ
918 2600 1003 2645 Σερ-

302 2650 452 2698 τώριος)
486 2649 607 2697 ἔρωτα
641 2647 867 2692 θαυμαστὸν
890 2646 1002 2687 ’ἔσχεν

306 2702 463 2744 οἰκῆσαι
477 2701 543 2742 τὰς
559 2699 775 2747 (Μακάρων)
785 2697 929 2741 νήσους
939 2699 1001 2730 καὶ

304 2749 370 2799 ζῇν
399 2752 438 2784 ἐν
465 2749 609 2795 ἡσυχίᾳ
634 2747 854 2796 τυραννίδος
880 2745 1003 2781 ἀπα).-

1040 966 1166 1011 λαγεὶς
1210 967 1274 999 καὶ
1321 965 1498 1008 πολέμων
1542 963 1730 998 ἁπάντων.

1041 1020 1155 1050 Acron
1178 1016 1223 1049 ad
1254 1026 1285 1048 V.
1312 1016 1370 1049 42:
1405 1017 1455 1048 Ad
1479 1016 1603 1048 insulas
1624 1017 1734 1057 fortu-

1040 1071 1137 1099 natas
1161 1067 1324 1098 Saluslz'us
1348 1067 1382 1097 in
1408 1066 1555 1097 Historia
1578 1066 1656 1097 dicit
1680 1066 1734 1096 υἰ-

1041 1121 1128 1149 ctum
1144 1117 1281 1148 voluisse
1305 1116 1354 1147 ire
1370 1116 1564 1147 Sertorium.
1587 1116 1627 1157 (a.
1648 1125 1681 1146 u.
1702 1124 1731 1147 c.

1042 1167 1132 1205 673„
1164 1174 1233 1207 quo
1264 1166 1300 1197 C.
1326 1166 1457 1196 Annius
1489 1166 1621 1196 Luscus
1652 1173 1734 1205 pro-

1043 1217 1190 1257 scriptos
1217 1217 1250 1247 et
1275 1216 1307 1246 in
1331 1216 1373 1247 iis
1398 1215 1591 1246 Sertorium
1616 1215 1736 1254 Hispa-

1042 1267 1097 1297 nia
1116 1265 1270 1306 expulit.)
1290 1266 1430 1296 Servius
1445 1264 1489 1296 ad
1502 1266 1587 1296 Aen.
1604 1265 1635 1302 5,
1651 1264 1712 1295 735
1727 1273 1731 1294 :

1044 1325 1126 1356 quas
1133 1313 1329 1361 (μακάρων
1342 1312 1498 1356 νήσους)
1512 1315 1560 1345 ait
1572 1314 1736 1345 Salustius

1042 1366 1172 1396 inclitas
1191 1373 1256 1396 esse
1271 1365 1404 1396 Homeri
1418 1363 1631 1395 carminibus*
1660 1363 1733 1403 (Od.

1043 1414 1083 1453 ὁ,
1108 1415 1171 1446 563
1188 1423 1267 1455 sqq.
1298 1415 1378 1446 Hes.
1395 1410 1445 1445 ²E.
1466 1425 1499 1445 κ.
1514 1409 1567 1444 Ἠ.
1591 1414 1651 1444 470
1669 1414 1734 1453 sq.)

1088 1465 1167 1496 ΜΞ.
1200 1464 1326 1506 Altera]
1365 1463 1501 1495 «Altera
1536 1464 1605 1494 iam
1640 1464 1737 1495 aetas

1044 1515 1123 1546 inde
1150 1523 1168 1544 a
1194 1513 1283 1545 Sulla
1311 1514 1353 1554 (a.
1384 1522 1418 1544 u.
1447 1522 1477 1544 c.
1508 1513 1596 1552 666.)
1627 1513 1739 1553 agitur

1044 1565 1134 1596 inter
1158 1564 1246 1595 bella
1273 1564 1502 1595 domestica.»
1531 1562 1604 1594 Noli
1629 1561 1738 1603 expli-

1045 1624 1126 1646 care
1151 1623 1232 1645 cum
1258 1614 1396 1645 Vossio:
1422 1613 1526 1643 Schon
1552 1613 1611 1643 das
1626 1613 1739 1643 zweile

1046 1664 1228 1696 Gesehlecht
1264 1662 1351 1693 ποὺ-(ἰ
1383 1661 1491 1692 verli
1506 1664 1602 1692 cert
1636 1662 1738 1692 durch

1046 1712 1375 1753 Btiryerbefehclunffi
1404 1720 1485 1742 cum
1508 1720 1540 1741 v.
1560 1714 1665 1742 {erere
1679 1711 1739 1742 ad-

1046 1762 1115 1793 dita
1147 1761 1317 1801 temporis
1349 1760 1598 1800 significatione
1627 1759 1739 1791 mole-

1046 1814 1119 1843 stae
1138 1812 1197 1842 aut
1213 1811 1339 1841 frustra
1357 1810 1585 1850 consumptae
1604 1809 1739 1841 diutur-

1047 1862 1160 1892 nitatis
1185 1860 1364 1891 dumtaxat
1391 1860 1568 1890 notionem
1595 1858 1736 1896 habeat,

1046 1919 1113 1942 non
1148 1909 1352 1941 vastationis
1388 1910 1492 1948 atque
1527 1908 1664 1940 excidii.
1702 1926 1736 1929 —

1046 1960 1132 1999 suis]
1151 1959 1305 2000 Propert.
1325 1959 1361 1996 ⁰2,
1383 1958 1440 1996 ⁴5,
1459 1957 1517 1989 45:
1543 1958 1610 1989 Nec
1626 1957 1740 1988 totiens

1044 2010 1190 2049 propriis
1212 2009 1338 2039 circum
1360 2010 1552 2047 oppugnata
1567 2007 1741 2046 trimnphis

1045 2060 1152 2090 Lassa
1172 2058 1256 2099 foret
1277 2057 1383 2088 crines
1397 2057 1520 2088 soluere
1535 2057 1637 2087 Roma
1652 2065 1738 2087 suos.

1047 2109 1083 2147 3,
1104 2108 1160 2147 113,
1187 2108 1244 2139 60:
1271 2106 1454 2146 Frangitur
1468 2107 1541 2145 ipsa
1556 2107 1622 2136 suis
1637 2106 1741 2137 Roma

1046 2156 1186 2197 superba
1204 2156 1304 2187 bonis.
1332 2155 1444 2187 Manil.
1466 2156 1501 2193 4,
1528 2155 1607 2186 910:
1633 2155 1741 2194 Impe-

1048 2208 1199 2245 reumque
1223 2206 1289 2236 suis
1309 2206 1459 2246 conflarit
1480 2204 1605 2235 viribus
1620 2205 1738 2244 ipsum.

1049 2256 1097 2287 ld.
1118 2255 1154 2294 4,
1187 2254 1243 2286 43:
1282 2256 1482 2294 Romamque
1511 2255 1642 2285 suismet
1674 2254 1742 2284 Pu-

1048 2309 1205 2346 ffliantem
1238 2304 1401 2335 membris.
1450 2304 1521 2334 Liv.
1550 2304 1583 2334 in
1607 2301 1738 2333 Praes.:

1051 2356 1108 2386 Res
1131 2372 1148 2376 -
1172 2372 1189 2376 -
1214 2357 1247 2384 ut
1282 2354 1350 2384 iam
1385 2352 1609 2393 ηιαφιὶωάίηθ
1650 2350 1742 2382 labo—

1050 2407 1098 2435 ret
1128 2412 1199 2434 sua.
1246 2401 1400 2434 Similem
1436 2404 1589 2433 Senecae
1625 2400 1742 2431 locum

1052 2453 1227 2493 excerpsit
1251 2453 1403 2483 Laetam.
1430 2452 1513 2482 lnst.
1540 2451 1575 2488 7,
1602 2451 1660 2489 1¹5,
1689 2448 1739 2481 1¹4.

1051 2502 1262 2541 Augustinus
1291 2501 1334 2532 de
1361 2502 1397 2532 C.
1425 2501 1464 2531 D.
1493 2500 1550 2538 2¹8,
1583 2499 1642 2531 45:
1678 2499 1744 2530 Ro—

1053 2561 1107 2582 ma
1123 2552 1188 2582 late
1204 2550 1273 2581 orbi
1289 2553 1457 2581 terrarum
1474 2550 1642 2588 imperans
1657 2550 1744 2579 tam-

1053 2610 1153 2641 quam
1169 2609 1201 2631 se
1224 2600 1330 2639 ipsam
1352 2600 1440 2639 serre
1454 2602 1518 2629 non
1534 2598 1658 2636 vatem,
1683 2606 1744 2628 sua

1052 2659 1083 2681 se
1107 2649 1347 2688 quodammodo
1377 2647 1602 2688 maynitucline
1634 2646 1743 2685 freye-

1052 2703 1118 2731 rac.
1142 2717 1175 2721 —
1195 2697 1269 2730 Noli
1287 2696 1460 2738 explicare
1478 2705 1557 2728 cum
1576 2696 1739 2726 Baxtcro:

1056 2749 1117 2780 «Et
1148 2748 1220 2788 ipsa
1250 2747 1365 2788 posuit
1387 2745 1430 2777 ad
1456 2744 1660 2786 emphasim
1697 2743 1744 2774 si-
