1997 3219
798 223 964 255 llORATll
990 223 1210 256 CARMJNUM

571 329 756 375 Sternet,
791 340 928 383 aquae
959 326 1038 368 nisi
1069 326 1169 369 fallit
1199 341 1332 383 augur

458 434 627 474 Annosa
658 431 815 474 cornix.

875 433 984 473 Dum
1015 431 1146 488 potis,
1179 431 1342 474 aridum

379 576 428 607 ⁴3.
450 579 542 616 potes
564 575 850 615 BbSTcd‚LCtFJ.
874 564 973 615 ¹(potis
996 583 1037 606 ex
1060 573 1110 616 βγ
1134 576 1168 606 01
1191 583 1241 615 pr.
1269 585 1290 605 κ
1314 574 1486 606 Bentleius
1510 582 1549 605 ac
1568 575 1621 611 MA

290 706 367 749 ριαί
405 715 449 737 σε
486 703 697 748 καταιγίδες
739 702 977 745 ἐξεκύλισαν,

290 754 409 793 wint,
435 753 512 786 κτλ.

335 806 387 836 42.
414 813 523 844 aquae
538 822 556 827 —
571 822 590 827 -
605 804 731 845 augur]
764 812 956 844 «praesaga
970 828 977 842 ,

289 853 438 885 divina.»
477 856 639 885 Ponpnvn.
684 853 745 884 Od.
764 852 801 891 3,
825 853 885 891 ⁶27,
914 853 976 883 40:

1074 704 1125 735 ⁴5.
1154 704 1204 735 46.
1242 703 1390 745 Curubis]
1421 712 1484 744 pro
1514 704 1717 745 imperativo

1030 761 1237 792 «venerare,
1257 752 1366 785 cole.»
1391 752 1479 784 Alibi
1497 754 1633 784 Genium
1646 754 1719 792 pla-

1027 813 1120 843 care,
1156 805 1326 844 invocare,
1366 807 1402 835 ut
1434 804 1525 835 nobis
1552 805 1718 844 propitius

1027 854 1079 884 sit.
1105 854 1167 885 Hic
1190 855 1328 892 autem,
1354 853 1500 886 fortasse
1517 863 1598 885 eum
1623 855 1718 885 certo

288 903 445 934 Imbrium
488 904 601 934 divina
638 903 709 934 avis
740 902 977 933 imminentum.
1029 903 1181 943 quodam
1206 903 1299 941 ioco,
1333 912 1375 934 ex
1400 902 1556 934 formulis
1581 904 1719 935 Genium

287 954 382 984 Arat.
401 951 505 984 Διοσ.
534 953 635 983 4022:
660 948 860 993 Χειμῶνος
881 951 980 993 μέγα

287 1000 396 1044 σῆμα
420 1003 484 1033 καὶ
506 999 719 1046 ἐννεάνειρα
733 998 883 1046 κορώνη
907 998 981 1032 Νύ-

288 1061 419 1097 κτερον
445 1047 640 1083 ἆείόουσα.
676 1050 772 1082 Ovid.
787 1051 864 1081 Am.
882 1051 920 1089 2,
940 1051 976 1090 6,

286 1100 344 1133 31ε
372 1101 506 1140 pluviae
527 1100 684 1141 qraculus
709 1103 826 1131 auctor
852 1106 977 1140 aquae,

286 1150 347 1182 ubi
376 1151 536 1182 Heinsius
559 1149 700 1181 volebat
723 1158 844 1190 augur.
892 1150 978 1181 Hinc

286 1200 462 1241 Euphorio
490 1201 543 1231 Fr.
584 1199 636 1230 65.
677 1199 779 1231 Mein.
816 1198 878 1230 Ed.
914 1200 975 1230 II..

281 1245 517 1291 Ὑετόιιαντις
551 1243 614 1280 ὅτε
636 1245 791 1293 κρώξειε
814 1245 975 1293 κορώνη.

286 1301 351 1330 Pro
385 1308 463 1330 100.
489 1307 599 1339 α1191ιν
621 1307 749 1338 genere
782 1298 861 1329 fem.
891 1298 978 1330 affe-

285 1349 366 1380 runt
404 1349 507 1379 etiam
545 1348 641 1379 Statii
678 1347 786 1379 Theb.
820 1348 856 1386 9,
892 1348 973 1379 629:

284 1399 408 1437 simque
431 1406 541 1438 augur
559 1406 655 1428 cassa
675 1397 791 1437 futuri.

330 1448 381 1479 43.
403 1446 454 1479 44.
478 1447 620 1488 Annosa]
646 1448 780 1478 Novem
804 1447 898 1478 enim
916 1455 977 1478 ae—

286 1498 373 1528 tates
397 1497 515 1528 vivere
544 1495 780 1527 credebantur
804 1497 974 1528 cornices.

287 1545 426 1578 Hesiod.
447 1546 498 1577 Fr.
519 1546 592 1577 1106.
611 1544 748 1576 Goettl.:
770 1540 899 1576 Ἐννέα
918 1555 977 1577 τοι

287 1594 370 1635 ζώει
394 1591 523 1638 γενεὰς
546 1593 728 1640 λακέρυζα
744 1592 892 1639 κορώνη
904 1590 978 1626 Ἀν-

285 1642 382 1689 δρῶν
406 1641 598 1686 ἡβώντων.
645 1646 749 1675 Arato
773 1643 850 1675 loco
875 1644 896 1676 1.
923 1646 977 1676 est

286 1691 499 1739 ἑννεάνειρα
522 1690 683 1739 κορώνη.
713 1711 748 1716 —
769 1694 859 1725 Dum
876 1694 973 1734 potis]

288 1743 448 1784 (Praebet
493 1744 582 1775 hanc
626 1751 747 1773 veram
788 1742 974 1774 lectionem

287 1795 393 1825 etiam
429 1793 513 1825 Cod.
551 1794 575 1824 B
615 1791 793 1823 Vanderb.
826 1794 902 1824 Sec.
931 1793 971 1823 X.

285 1841 460 1883 Exemplis
484 1851 502 1872 a
527 1840 681 1872 Bentleio
706 1840 859 1873 collectis
883 1841 973 1873 adde

286 1901 327 1923 ex
358 1890 493 1923 Anthol.
520 1891 650 1930 Meyeri
683 1892 721 1922 N.
750 1891 851 1922 4524:
887 1891 975 1922 Nam

283 1942 352 1981 fato
397 1944 532 1980 raptam
576 1950 641 1972 non
684 1941 772 1980 potis
821 1940 973 1981 eripere.)

285 1986 355 2030 ἕως
388 1987 551 2022 δυνατόν
586 1989 698 2021 ἐστιν.
749 1991 859 2022 «Dum
894 1989 976 2021 licet

286 2049 348 2081 pei·
371 2041 630 2072 serenitatem.»
678 2040 796 2070 Senon.
847 2040 975 2071 «Ante-

285 2098 389 2130 quam
430 2098 494 2130 per
535 2089 681 2126 imbres,
730 2089 787 2129 qui
827 2089 972 2129 instant,

285 2139 422 2170 madida
462 2140 545 2170 fiant
582 2138 711 2179 ligna.»
758 2138 820 2170 Alii
858 2140 974 2171 minus

284 2191 397 2220 recte:
426 2188 529 2220 «dum
547 2189 613 2220 vita
632 2188 693 2220 tibi
713 2189 876 2229 suppetit,
905 2198 974 2230 qua

284 2239 373 2270 laete
392 2238 454 2270 frui
471 2239 623 2279 possis;»
646 2247 713 2278 qua
731 2238 875 2277 quidem
893 2247 974 2270 cum

284 2289 454 2321 sententia
485 2296 677 2327 componere
704 2287 846 2327 lignum,
884 2288 974 2319 tam-

283 2346 390 2378 quam
409 2338 502 2369 esset
524 2336 706 2377 voluptarii
724 2335 864 2376 aliquid,
890 2337 974 2369 satis

285 2388 400 2427 inepte
418 2387 630 2426 iungeretur.
653 2403 688 2406 —-
707 2385 876 2426 Compone]
897 2395 976 2417 «ex-

284 2438 379 2467 strue
397 2444 503 2475 super
516 2435 643 2466 focum.
670 2435 717 2465 Eo
734 2435 860 2474 magis,
880 2435 974 2474 quod

285 2494 362 2517 eras
397 2485 555 2516 imminet
589 2483 725 2514 turbida
762 2485 970 2524 tempestas,

285 2535 391 2565 Genio
426 2533 656 2573 indulgebis.»
694 2550 730 2555 —
768 2534 853 2574 cras]
890 2535 974 2564 For-

284 2586 374 2615 tasse
393 2585 536 2624 propter
553 2582 720 2614 sollemne
739 2585 971 2621 menstruum,

283 2643 352 2673 qno
385 2633 531 2664 Genium
565 2634 738 2672 Laresque
775 2640 841 2662 una
877 2631 972 2663 eole—

285 2683 385 2713 bant:
413 2683 441 2713 si
465 2682 508 2713 de
534 2681 700 2713 nataliciis
725 2680 831 2712 verba
858 2681 971 2712 tacere

284 2730 466 2769 voluisset,
504 2740 586 2762 sane
619 2731 686 2761 hoc
718 2739 786 2761 uno
819 2729 970 2762 alterove

284 2780 390 2811 vei-bo
415 2781 655 2820 significasset.

1023 952 1179 991 placare,
1214 952 1314 984 Genio
1345 952 1513 992 indulgere
1544 954 1578 983 et
1600 962 1720 984 curare

1028 1011 1162 1041 corpus,
1187 1004 1303 1040 cutem,
1329 1001 1420 1033 hane
1437 1009 1564 1033 novam
1589 1002 1720 1034 effinxit

1027 1060 1147 1083 curare
1182 1051 1330 1083 Genium.
1370 1068 1405 1073 -
1438 1060 1540 1090 porco
1564 1051 1718 1093 bimestri]

1027 1101 1125 1132 Idem
1138 1100 1349 1132 sacrificium
1362 1101 1395 1131 in
1410 1101 1542 1132 Garnae
1557 1100 1717 1132 sollemni

1028 1150 1203 1182 memorat
1218 1149 1315 1181 Ovid.
1334 1150 1422 1180 Fast.
1442 1149 1477 1188 6,
1505 1150 1583 1181 458:
1608 1151 1718 1181 Eoeta—

1028 1208 1090 1239 que
1118 1200 1156 1230 de
1182 1208 1287 1238 porca
1316 1199 1420 1229 cruda
1443 1199 1591 1230 bimestre
1614 1203 1716 1236 101101,-

1026 1266 1045 1271 -
1061 1266 1079 1271 -
1096 1257 1160 1287 pro
1187 1257 1293 1287 parvo
1323 1247 1458 1279 victima
1480 1257 1593 1287 parva
1616 1249 1714 1279 cadit.

1026 1297 1253 1330 Difficultates
1288 1296 1441 1329 nonnulli
1469 1299 1655 1329 moverunt
1677 1307 1719 1329 ex

1028 1347 1209 1379 Censorin.
1235 1347 1278 1377 2:
1314 1347 1425 1378 Funde
1453 1355 1579 1378 merum
1603 1347 1715 1379 Genio.

1028 1396 1184 1437 (Persius
1219 1396 1288 1427 Sat.
1322 1396 1358 1434 ⁶2,
1392 1395 1441 1435 3.)
1488 1396 1547 1427 Hic
1579 1396 1719 1437 forsitan

1027 1446 1099 1485 quis
1122 1449 1278 1485 quaerat,
1321 1445 1400 1483 quid
1436 1454 1556 1477 causae
1592 1446 1651 1486 sit,
1684 1450 1719 1478 ut

1025 1504 1152 1526 merum
1178 1495 1380 1535 fundendum
1411 1495 1529 1533 Genio,
1566 1504 1631 1527 non
1659 1497 1718 1527 ho-

1024 1544 1088 1575 stia
1109 1545 1297 1584 faciendum
1316 1545 1494 1583 putat-erit.
1535 1545 1620 1583 quod
1653 1545 1719 1576 sci-

1025 1594 1113 1632 licet,
1138 1597 1174 1625 ut
1202 1595 1305 1624 Varro
1330 1596 1466 1624 testatur
1494 1612 1512 1616 —
1528 1611 1564 1632 —‚
1590 1594 1623 1625 id
1645 1603 1718 1625 mo-

1023 1644 1070 1674 ris
1095 1643 1295 1681 institutique
1317 1643 1458 1673 maiores
1481 1644 1582 1674 nostri
1604 1647 1717 1675 tenue-

1022 1696 1112 1731 runt,
1137 1695 1174 1723 ut
1189 1701 1263 1723 euin
1279 1692 1329 1722 die
1344 1692 1448 1723 natali
1463 1701 1582 1723 munus
1597 1694 1718 1725 annale

1026 1743 1126 1774 Genio
1153 1742 1327 1775 solverent.
1357 1751 1493 1773 manum
1516 1751 1537 1773 a
1560 1744 1658 1774 caede
1677 1753 1717 1774 ae

1023 1792 1183 1832 sanquine
1217 1792 1429 1831 abstinerent,
1469 1801 1509 1823 ne
1543 1793 1609 1831 die„
1650 1802 1717 1832 qua

1022 1843 1084 1882 ipsi
1101 1842 1203 1872 lucem
1219 1841 1429 1880 accepissent,
1449 1841 1523 1872 aliis
1538 1842 1711 1873 demerent.

1024 1892 1072 1923 Ex
1095 1892 1162 1922 hoc
1185 1899 1325 1931 quoque
1351 1889 1520 1931 colligitur
1536 1891 1715 1923 Horatium

1023 1950 1093 1972 non
1116 1940 1209 1980 loqui
1235 1939 1278 1971 de
1304 1940 1442 1971 Lamiae
1468 1940 1522 1971 die
1540 1940 1654 1972 natali.
1677 1960 1712 1963 —

1024 1999 1160 2030 operum
1177 1989 1303 2029 solutis]
1332 2001 1346 2016 «
1356 1988 1400 2020 ab
1425 1998 1531 2030 opere
1551 1989 1713 2021 feriatis.»

1024 2042 1143 2072 801101..
1171 2040 1241 2071 Cio.
1268 2039 1312 2070 de
1336 2040 1439 2079 Legg.
1466 2040 1497 2070 2.
1522 2039 1551 2079 ἓ.
1571 2040 1628 2071 ⁵29:
1655 2040 1715 2071 Fe-

1023 2090 1154 2120 riarum
1174 2089 1394 2129 festorumque
1416 2089 1543 2120 dierum
1571 2090 1656 2120 ratio
1682 2090 1715 2121 in

1023 2140 1132 2171 liberis
1153 2139 1329 2179 requietem
1351 2138 1444 2169 habet
1467 2139 1573 2169 litium
1595 2139 1713 2170 011111-

1022 2189 1168 2229 morum:
1186 2189 1220 2219 in
1231 2188 1342 2226 servis,
1359 2196 1494 2227 operum
1506 2191 1535 2219 et
1551 2187 1711 2218 laborum.

1024 2237 1144 2269 Tibull.
1160 2239 1190 2276 ἱ),
1214 2238 1242 2276 «1,
1263 2239 1300 2268 5:
1319 2238 1404 2268 Luce
1419 2246 1518 2268 sacra
1533 2238 1715 2275 requiescat

1023 2287 1154 2325 humus,
1182 2287 1364 2326 requieseat
1379 2289 1514 2317 arator:
1533 2304 1549 2309 -
1563 2304 1579 2308 -
1595 2287 1714 2317 Omnia

1022 2338 1085 2369 sint
1116 2339 1255 2376 operata
1285 2337 1360 2367 deo:
1399 2345 1463 2366 11011
1498 2336 1619 2367 audeat
1644 2336 1714 2367 ulla

1022 2386 1205 2426 Lanificam
1223 2386 1332 2425 pensis
1352 2385 1539 2425 imposuisse
1563 2394 1710 2416 manum.

1024 2435 1242 2466 Constructio
1273 2436 1389 2465 autem
1422 2444 1455 2465 v.
1481 2434 1604 2465 solvere
1632 2442 1712 2465 cum

1023 2485 1171 2524 genitivo
1204 2485 1254 2523 (ut
1283 2481 1383 2516 λύειν
1412 2480 1547 2523 πόνου)
1574 2484 1667 2514 certe
1692 2491 1711 2512 a

1023 2533 1265 2566 iureconsultis
1282 2533 1408 2565 Latinis
1424 2535 1528 2564 etiam
1545 2534 1623 2563 ante
1642 2532 1711 2562 Ho—

1024 2584 1148 2615 ratium
1170 2582 1416 2623 usurpabatur.
1456 2583 1525 2613 Cie.
1545 2581 1589 2612 de
1605 2581 1707 2619 Legg.

1021 2633 1059 2670 2,
1086 2633 1144 2664 20:
1170 2633 1198 2663 is
1216 2641 1278 2671 per
1301 2641 1356 2663 aes
1370 2635 1399 2663 et
1422 2631 1541 2662 libram
1563 2629 1710 2660 heredem

1022 2682 1203 2713 testamenti
1218 2682 1336 2715 solvat.
1363 2681 1397 2712 id
1414 2682 1482 2718 est,
1502 2677 1708 2718 obligatione

1023 2731 1232 2762 testamenti.
1282 2729 1398 2769 (Falso
1432 2728 1564 2760 addunt
1595 2727 1709 2767 ipsum

1023 2780 1229 2811 Ciceronem
1247 2788 1309 2820 pro
1327 2780 1414 2811 Sest.
1434 2779 1467 2809 7:
1494 2777 1586 2808 solvit
1607 2775 1708 2806 subito
