1997 3219
370 198 451 239 ⁴244
882 201 1051 232 nomm
1075 200 1296 234 cAmtnNUM

595 303 783 359 Angulus
814 302 939 352 ridet,
973 302 1045 345 uhi
1076 317 1160 345 non
1191 304 1389 361 Hymetto

595 383 716 425 Mella
747 383 962 426 decedunt
991 383 1202 439 viridique
1233 389 1366 426 certat
1751 383 1803 424 ³15

763 463 876 505 Baca
911 464 1111 513 Venal'r03

597 569 675 611 Ver
704 564 979 625 ubilongum
1008 567 1262 624 tepidasque
1293 568 1472 624 praebet

592 648 781 705 Iuppiter
809 648 1006 698 brumas,
1050 655 1092 691 et
1121 649 1283 691 amicus
1312 649 1448 691 Aulon

589 728 731 772 Fertili
762 729 928 772 Baccho
959 728 1179 771 minimum
1209 729 1397 773 Falernis

452 862 502 893 48.
529 862 668 892 amictus
690 861 729 892 N.
750 861 930 899 Heinsius,
957 861 1092 900 apricus
1105 859 1216 892 Bentl.
1243 861 1349 900 coni,
1377 860 1609 900 «levissimam
1634 863 1758 903 inquit,

409 912 656 943 «mutatione»
693 929 727 933 -—
763 911 815 942 49.
849 911 980 942 Fertilis
1009 910 1120 953 hyla,
1151 910 1248 941 Serv.
1274 909 1320 941 ad
1352 911 1438 941 Aen.
1464 910 1500 941 3.
1526 910 1615 950 553.,
1648 911 1757 942 Bentl.

409 962 460 1001 (Ut
482 969 564 999 nos⁷
590 960 703 999 BSTd,
730 961 818 991 Pott.
845 960 998 1000 novem.)
1038 978 1074 982 —
1107 959 1247 990 nimium
1272 968 1314 990 ex
1337 967 1444 1000 prava
1470 960 1692 992 correctione
1716 961 1758 998 d;

407 1011 501 1042 idem
526 1019 704 1052 superser.
731 1011 765 1042 in
789 1011 827 1041 B.

406 1121 458 1154 43.
472 1121 524 1154 44.
538 1122 746 1153 Necessario
759 1121 974 1161 iungendum
986 1130 1056 1153 non

362 1179 472 1202 omnes
496 1174 684 1209 terrarum,
712 1171 775 1202 sed
792 1171 934 1210 angulus
950 1174 1058 1202 terra—

360 1229 453 1259 rum,
480 1222 517 1251 ut
534 1221 692 1261 Propert.
713 1219 744 1259 4,
769 1220 799 1259 9,
827 1219 884 1250 65:
909 1220 1057 1260 Anquliis

360 1269 411 1299 hic
444 1269 560 1300 mundi
593 1278 681 1300 mmo
708 1278 760 1300 me
781 1277 856 1300 mea
885 1269 958 1309 fata
982 1271 1057 1299 tra-

358 1318 484 1350 hentem
506 1318 650 1358 Accipit:
684 1319 764 1349 haec
789 1318 872 1358 fesso
894 1319 954 1349 vix
976 1319 1057 1349 mihi

359 1371 452 1398 terra
466 1370 567 1407 patet.
594 1367 714 1399 Vellei.
733 1368 764 1405 2,
786 1367 863 1398 402:
890 1368 925 1398 in
940 1368 1055 1398 ultimo

359 1425 399 1447 ae
430 1417 646 1448 remotissimo
677 1420 847 1448 terrarum
878 1416 965 1447 orbis
991 1426 1056 1447 an-

358 1466 445 1506 gulo.
483 1483 518 1488 -—
551 1466 646 1506 ridet]
678 1466 798 1497 Axtius
830 1465 875 1496 ad
905 1466 1052 1497 Vestric.

359 1516 459 1556 Spur.
486 1524 520 1556 p.
549 1515 621 1547 444.
649 1514 779 1546 mavolt
803 1515 928 1553 ridenS,
954 1514 1056 1546 vide-

358 1563 439 1595 lieet
462 1566 608 1605 propter
631 1565 805 1595 metrum}
835 1581 870 1586 —-
892 1564 1055 1605 Hymetto]

359 1612 453 1645 melli
492 1614 669 1653 Hymettio
714 1614 747 1644 in
790 1614 918 1652 Attica,
961 1614 1056 1654 quod

359 1663 563 1694 etiamnunc
594 1662 795 1694 celebratur
826 1665 972 1704 propter
995 1672 1057 1694 co-

358 1711 471 1743 lorem
497 1710 617 1742 album
642 1713 677 1742 et
701 1720 878 1744 summam
903 1711 1058 1743 dulcedi-

359 1770 453 1793 nem.
480 1760 547 1793 Mel
571 1762 690 1792 autem
715 1761 941 1792 Tarentinum
966 1763 1057 1802 opti-

359 1819 458 1842 mum
494 1809 578 1841 dicit
612 1810 645 1841 in
685 1810 781 1841 Italia
816 1811 926 1842 Varro
963 1812 1057 1852 apud

360 1859 514 1892 Macroh.
542 1860 610 1890 Sat.
638 1859 674 1894 ⁶2,
704 1860 754 1891 ΛΓΞ.
776 1868 810 1900 p.
830 1859 904 1891 365.
932 1860 1056 1892 hodie-

361 1918 429 1949 que
455 1909 621 1940 eximium
646 1910 716 1947 est,
744 1910 780 1939 ut
802 1909 907 1941 etiam
924 1908 1053 1941 oleum.

359 1958 497 1990 Tarenti
511 1959 629 1989 utrum
641 1957 804 1989 habuerit
816 1957 933 1990 villam
947 1960 1057 2000 Septi-

360 2008 468 2046 mius⁷
495 2009 534 2038 ut
557 2008 743 2048 opinantur
766 2007 938 2048 nonnulli,
970 2018 1056 2041 nec-

360 2066 420 2096 ne,
448 2065 512 2088 nos
539 2057 751 2096 ignoramus.

405 2107 456 2138 45,
484 2107 650 2147 decedunt]
677 2106 823 2137 Deeedit
846 2108 987 2148 proprie
1013 2108 1053 2147 is,

362 2156 420 2197 qui
454 2156 528 2187 viro
568 2155 730 2196 ampliori
766 2157 800 2187 in
834 2157 888 2187 via
913 2157 1055 2189 honoris

362 2214 469 2237 causa
485 2204 602 2236 locum
620 2205 689 2236 dat.
712 2223 742 2227 -
760 2206 924 2244 viridique
940 2207 1055 2246 certat]

362 2255 416 2285 Sic
448 2257 592 2293 certare,
624 2263 778 2294 pugnare
809 2254 901 2294 apud
934 2257 1055 2295 poetas

361 2303 456 2335 haud
486 2312 565 2334 raro
599 2311 679 2334 cum
705 2303 831 2333 dativo.
864 2303 955 2343 Virg.
983 2303 1053 2335 Ecl.

362 2354 400 2389 5,
427 2353 457 2384 8.
485 2352 521 2390 8,
549 2353 601 2383 55.
628 2352 712 2383 Aen.
740 2351 777 2389 4,
804 2352 861 2383 38:
893 2352 1057 2391 placitone

362 2402 461 2433 etiam
481 2402 646 2442 menabis
665 2400 798 2432 amori?

408 2451 459 2482 46.
494 2451 596 2492 Baca]
635 2450 742 2481 «Eius
778 2448 888 2481 olivae
921 2452 1057 2482 certant

364 2508 445 2531 cum
470 2498 550 2538 illis,
577 2508 664 2540 quas
689 2499 852 2539 producit
866 2500 1057 2531 Venafrum

364 2550 482 2590 (viride
504 2550 650 2590 propter
672 2549 744 2588 ipsa
764 2547 913 2588 oliveta),
941 2551 1057 2581 extre—

365 2606 463 2629 mum
487 2599 521 2630 in
545 2597 825 2639 Septentrionem
845 2598 1055 2638 Campaniae

365 2647 532 2687 oppidum
549 2656 659 2689 prope
677 2647 902 2679 Minturnas.»
934 2647 1057 2679 Oleum

366 2698 483 2728 nutem
499 2696 732 2728 Venafranum
750 2698 838 2727 teste
856 2697 960 2727 etiam
972 2697 1056 2728 Var-

366 2753 449 2776 rone
476 2746 522 2785 (R.
544 2747 578 2777 R.
602 2746 612 2776 l
632 2771 637 2785 ,
664 2746 699 2777 2:
728 2746 819 2786 Quod
842 2746 956 2777 vinum
977 2755 1057 2777 con—

1103 1121 1213 1161 feram
1242 1120 1409 1153 Falerno?
1446 1121 1533 1160 quod
1562 1121 1668 1152 oleum
1695 1121 1804 1152 Vena-

1104 1171 1157 1211 fro
1168 1170 1194 1210 P)
1220 1172 1255 1202 et
1278 1170 1384 1202 Plinio
1403 1171 1459 1210 45,
1485 1171 1516 1202 2.
1536 1171 1710 1212 optimum
1728 1172 1804 1203 erat

1106 1221 1198 1252 inter
1221 1221 1351 1252 omnia.

1150 1269 1259 1301 48-20.
1274 1269 1391 1310 Aulon]
1407 1271 1525 1301 «Mons
1535 1268 1715 1302 Calabriae
1731 1270 1805 1301 iux-

1105 1321 1140 1351 ta
1178 1320 1368 1350 Tarentum
1411 1318 1507 1350 ferax
1541 1319 1662 1359 optimi
1697 1319 1802 1350 vini.»

1106 1370 1226 1399 Senon.
1247 1369 1350 1404 CnUQ.
1369 1367 1512 1400 Martial.
1529 1368 1587 1407 43,
1607 1368 1686 1399 ⁴25:
1705 1367 1805 1399 Nobi-

1104 1418 1144 1448 lis
1174 1420 1204 1448 et
1233 1417 1319 1447 lanis
1341 1420 1371 1448 et
1400 1418 1529 1448 Baccho
1556 1417 1674 1458 fertilis
1695 1417 1802 1448 Aulon

1106 1468 1166 1498 Det
1184 1467 1333 1506 pretiosa
1356 1466 1413 1497 tibi
1435 1467 1574 1505 vellera,
1605 1467 1686 1498 vina
1701 1467 1793 1498 mihi.

1105 1517 1216 1547 Nemo
1246 1517 1364 1547 tamen
1389 1516 1677 1556 Geographorum
1704 1525 1801 1548 mon-

1106 1568 1169 1596 tem
1198 1565 1357 1595 Anionem
1388 1565 1561 1603 nominat3
1599 1567 1653 1596 est
1686 1567 1803 1606 potius

1107 1622 1270 1645 recessus
1309 1613 1512 1654 depressior
1547 1614 1699 1654 regionis
1737 1616 1803 1646 Ta-

1107 1664 1265 1694 rentinae
1282 1671 1393 1703 prope
1411 1664 1587 1701 Saturum,
1613 1663 1718 1695 hodie
1735 1665 1805 1696 Me-

1106 1713 1178 1743 lone
1208 1711 1410 1752 (Romanelli
1446 1713 1676 1752 Topoyraphia
1709 1713 1734 1745 Ι.
1765 1722 1801 1754 p.

1106 1760 1188 1793 294:
1225 1762 1305 1792 «sito
1330 1761 1500 1800 delizioso,
1532 1762 1654 1793 celebre
1676 1771 1803 1794 ancora

1102 1811 1153 1849 pe’
1178 1811 1250 1841 suoi
1271 1810 1403 1851 vini.»),
1430 1811 1488 1850 qui
1514 1812 1660 1851 propter
1680 1811 1802 1843 vineas

1107 1867 1188 1891 suas
1223 1859 1349 1890 dieitur
1388 1860 1514 1890 amicus
1551 1869 1617 1891 esse
1652 1861 1800 1899 Baccho,

1107 1917 1125 1939 a
1142 1908 1299 1946 Baccho,
1318 1907 1500 1939 fertilitatis
1518 1908 1651 1947 datore,
1677 1910 1799 1941 amari.

1106 1959 1190 1990 Stat.
1216 1956 1296 1988 Silv.
1314 1958 1346 1996 2,
1372 1958 1404 1996 ⁹2,
1432 1957 1471 1989 4:
1498 1959 1571 1997 Qua
1593 1959 1728 1990 Bromio
1749 1959 1802 1990 di·-

1105 2007 1204 2038 lectus
1227 2015 1309 2047 ayer
1332 2007 1491 2046 collesque
1507 2016 1571 2046 per
1587 2008 1670 2039 altos
1689 2008 1803 2040 Uritur

1106 2059 1135 2087 et
1163 2056 1266 2095 prelis
1295 2065 1361 2087 ηοη
1392 2056 1514 2087 invidet
1543 2065 1610 2087 uva
1638 2057 1799 2088 Falernis.

1106 2104 1206 2137 Silius
1221 2106 1272 2144 112,
1289 2106 1351 2136 526
1366 2115 1372 2136 :
1397 2106 1560 2146 Allifanus
1573 2107 1688 2138 Iaccho
1703 2107 1802 2138 Haud

1104 2155 1272 2186 inamatus
1295 2164 1386 2195 ager.
1435 2154 1614 2187 Claudian.
1642 2156 1678 2187 R.
1702 2157 1799 2187 Pros.

1105 2205 1144 2242 2,
1182 2204 1261 2235 l108:
1302 2212 1441 2242 quercus
1472 2207 1587 2235 amala
1615 2205 1696 2236 Iovi.
1749 2205 1800 2236 De

1104 2253 1227 2284 Anione
1252 2252 1313 2284 cfr.
1340 2253 1511 2293 imprimis
1535 2253 1750 2293 Wagnerum
1766 2253 1801 2284 In

1105 2302 1185 2333 Var.
1212 2303 1320 2334 Lectt.
1340 2304 1424 2333 Aen.
1445 2302 1481 2339 3,
1508 2302 1582 2333 553.
1609 2303 1692 2334 item
1714 2303 1802 2334 Lon-

1107 2360 1189 2390 gum
1224 2351 1261 2390 3,
1298 2352 1358 2382 21:
1399 2350 1569 2391 Κοῖλος
1602 2350 1653 2393 τῷ
1686 2349 1799 2392 πεδίῳ

1107 2396 1262 2432 αὐλών
1287 2396 1536 2442 ὑποκείμενος
1562 2400 1615 2440 (al.
1636 2396 1802 2444 ὑπερκεί-

1105 2450 1231 2490 μειός)
1250 2450 1315 2481 καὶ
1338 2446 1404 2481 τὸν
1429 2444 1527 2491 ἦχον
1544 2450 1597 2488 εἰς
1613 2445 1732 2480 αὑτὸν
1748 2445 1800 2489 ὦς

1108 2494 1270 2543 ὄργανον
1284 2497 1502 2540 δεχόμενος.
1524 2517 1559 2521 -
1577 2499 1802 2530 Amicus-Fer-

1106 2550 1188 2588 tilis,
1217 2549 1311 2590 quod
1334 2549 1442 2580 habet
1457 2549 1563 2580 etiam
1579 2548 1719 2579 Servius
1735 2547 1756 2579 l.
1775 2548 1797 2580 l.

1108 2600 1141 2630 et
1172 2599 1297 2631 Monch
1330 2607 1442 2639 nuper
1472 2606 1593 2629 rursus
1622 2597 1797 2638 praetulit,
1858 2616 1866 2620 <

1107 2647 1322 2679 intolerabile
1349 2650 1400 2680 est
1432 2648 1576 2688 propter
1605 2647 1799 2677 orationem

1108 2698 1208 2729 nimis
1244 2697 1458 2737 pedestrem.
1514 2696 1643 2727 Amicus
1672 2696 1799 2727 Baccho

1107 2747 1183 2777 viva
1202 2748 1253 2778 est
1279 2748 1391 2787 imago
1417 2748 1560 2788 propter
1577 2754 1721 2777 sensum
1737 2745 1800 2776 hu-
