1997 3219
318 155 398 196 594
828 156 995 187 HORATH
1022 155 1243 188 fumifluum

317 262 410 293 enim
434 260 479 292 ob
505 269 666 293 caussam
692 260 807 292 minus
831 259 1016 291 honestam
1034 257 1178 290 Lollium
1204 259 1299 290 esset
1315 257 1495 289 adulatus?
1516 275 1550 279 —
1577 258 1754 289 Incertum

317 318 371 349 est
394 317 437 348 M.
464 315 558 348 Lollii
583 323 801 355 cognomen3
829 323 911 346 nam
936 315 968 346 in
995 315 1222 355 Inscriptione
1256 313 1360 354 (apud
1389 314 1503 353 Sigon.
1531 313 1565 344 et
1588 312 1684 352 Pigh.
1711 311 1755 343 ad

316 381 348 402 a.
375 371 462 411 732.)
498 373 642 403 vocatur
676 369 881 411 simpliciter
902 370 948 401 M.
976 369 1097 400 Lollius
1118 370 1165 401 M.
1193 369 1228 400 F.
1270 370 1304 400 ct
1338 369 1429 400 Fasti
1464 367 1645 409 Capitolini
1679 368 1755 399 eius

317 427 396 458 anni
433 426 571 458 desunt.
632 426 829 457 Palikanum
863 414 1020 456 'nominat
1053 425 1253 456 Torrentius
1288 425 1362 456 sine
1398 425 1493 455 certa
1527 424 1753 461 auctoritate,

317 481 381 513 sed
405 482 479 513 cius
503 480 658 522 aequalis
682 482 718 512 L.
744 481 838 512 Lollii
860 480 1011 525 Paliliayn'
1037 481 1174 512 exstant
1210 480 1367 517 nummi;
1408 478 1469 510 cfr.
1495 477 1623 510 Eckhel
1647 479 1687 510 D.
1714 479 1753 509 N.

316 537 357 568 V.
384 546 462 578 pag.
488 536 563 568 ⁶235.
615 537 765 576 Ryckius
790 536 834 567 ad
858 537 936 567 Tac.
962 536 1050 567 Ann.
1079 536 1136 575 42,
1164 536 1194 566 4.
1222 536 1256 567 et
1279 534 1451 566 Obharius
1476 533 1520 565 ad
1545 534 1630 574 Epp.
1660 534 1695 572 4,
1722 534 1753 564 2.

316 601 395 633 pag.
416 593 467 623 Μ.
493 592 680 623 Paullinum
702 592 845 629 vocant,
881 592 961 632 quia
985 591 1098 631 neptis
1123 591 1199 622 cius
1215 591 1321 622 Lollia
1337 590 1492 621 Paullina
1515 591 1550 620 et
1572 590 1617 621 Μ,
1636 588 1758 620 Lollius

315 648 487 679 Paullimcs
510 646 629 678 consul
648 646 815 678 suffectus
839 655 871 677 a.
891 655 924 677 u.
944 655 975 677 c,
996 645 1070 678 846.
1098 645 1169 677 suit.
1218 645 1286 677 Sed
1310 646 1378 677 hoc
1402 653 1542 686 quoque
1566 645 1754 682 incertum,

318 711 400 734 cum
424 711 487 743 per
511 702 597 733 (luas
622 702 737 733 tresve
762 702 897 733 aetates
922 702 995 732 tum
1020 701 1228 741 cognomina
1252 700 1467 742 permultum
1496 700 1632 731 variare
1663 698 1757 731 sole—

320 760 409 789 rent.
458 758 655 789 Piranesius
690 757 724 788 in
749 757 857 788 Fastis
883 757 992 797 Capit.
1028 756 1072 787 ad
1097 765 1128 787 a.
1156 756 1229 787 732.
1267 764 1350 788 eum
1374 754 1525 797 appellat
1546 756 1593 787 M.
1618 755 1757 786 Lollium

316 813 473 845 Pacatum
499 813 617 844 Verum
641 821 683 843 ex
706 812 934 852 Inscriptione
953 812 1131 844 Ursiniana
1156 811 1249 852 apud
1266 812 1362 842 Grut.
1382 811 1459 842 4034
1482 836 1488 850 ,
1514 810 1546 842 4.
1572 810 1756 842 manifesto

317 868 465 901 conficta
490 877 532 899 ex
556 869 674 899 Horat.
693 868 778 908 Epp.
805 868 842 906 4,
869 868 929 906 ⁶20,
959 868 1012 899 28.
1040 869 1074 899 et
1097 866 1162 898 alio
1187 867 1277 908 turpi
1302 875 1422 898 errore
1449 868 1486 906 Q.
1515 867 1609 897 Iunio
1636 865 1757 904 Lepido

316 933 379 966 pro
413 924 548 955 Aemilio
583 924 774 964 inquinata.
821 923 960 962 Lollius,
998 922 1043 954 ad
1078 931 1186 963 quem
1222 923 1276 953 est
1306 922 1393 963 Epp.
1429 922 1465 960 4,
1492 922 1548 960 2,
1582 921 1685 952 huius
1710 921 1754 951 M.

317 979 411 1011 Lollii
436 978 524 1011 filius
548 979 687 1011 videtur
710 979 829 1011 fuisse.
848 997 884 1001 —
911 980 1118 1010 «Poetarum
1142 979 1357 1009 Graecorum
1374 977 1578 1017 Lyricorum
1604 975 1758 1016 (quihus-

317 1043 399 1067 cum
435 1034 584 1066 ssdenter
619 1043 706 1074 ego,
741 1035 912 1066 Romanae
954 1034 1071 1075 fidicen
1120 1034 1231 1072 lyrae,
1269 1041 1326 1064 me
1362 1032 1536 1072 consocio)
1575 1031 1752 1069 carmina,

316 1091 455 1122 tametsi
480 1091 611 1131 primas
635 1089 726 1121 ultro
751 1089 942 1121 deferimus
966 1090 1141 1127 Homero,
1183 1090 1301 1120 tamen
1326 1089 1526 1120 etiamnunc
1551 1088 1690 1118 exstant
1713 1095 1756 1118 ac

316 1154 453 1178 summa
479 1154 561 1177 cum
585 1145 815 1176 admiratione
839 1143 884 1175 ab
909 1143 1073 1176 omnibus
1097 1143 1279 1183 leguntur3
1315 1143 1364 1175 sic
1389 1152 1467 1174 mea
1492 1151 1633 1183 quoque
1658 1143 1758 1173 aeta-

316 1202 388 1232 tem
412 1200 601 1232 durabunt.
650 1199 719 1231 Sed
752 1198 918 1241 permulti
951 1200 1151 1240 priscorum
1185 1198 1323 1230 illorum
1358 1199 1524 1237 heroum,
1563 1198 1621 1238 qui
1656 1198 1757 1228 ante-

317 1257 502 1287 cesserunt
524 1256 672 1287 Troiana
697 1256 877 1296 tempora,
906 1264 926 1286 a
950 1254 1042 1286 nullo
1067 1256 1170 1295 poeta
1195 1253 1379 1285 collaudati
1403 1262 1495 1285 nunc
1520 1253 1648 1284 misera
1673 1251 1758 1283 obli-

316 1311 418 1342 vione
441 1312 671 1352 premuntur;
708 1319 799 1350 quae
836 1311 954 1351 iniqua
988 1310 1127 1342 fortuna
1162 1319 1206 1341 ne
1230 1311 1263 1341 te
1289 1318 1430 1350 quoque
1453 1308 1610 1347 maneat⁷
1648 1306 1754 1346 Lolli,

315 1367 384 1398 hoc
409 1366 563 1398 carmine
589 1366 733 1397 eximias
756 1367 834 1397 tuas
857 1366 1004 1397 virtutes
1023 1365 1249 1406 praedicante
1275 1364 1377 1403 satis,
1402 1365 1441 1395 ut
1464 1372 1584 1403 spero,
1612 1364 1756 1395 cautum

317 1422 415 1453 erit.»
463 1422 638 1462 Scriptum
672 1421 812 1452 videtur
843 1430 986 1452 carmen
1010 1421 1089 1462 post
1112 1419 1207 1452 Lollii
1231 1418 1468 1458 consulatum,
1505 1418 1652 1450 fortasse
1677 1418 1757 1459 post

317 1476 476 1516 cladem,
514 1485 622 1517 quam
650 1477 684 1508 in
714 1477 899 1508 Germania
928 1484 1055 1517 passus
1086 1477 1154 1515 est,
1193 1476 1286 1507 circa
1310 1483 1340 1506 a.
1366 1483 1400 1506 u.
1428 1483 1458 1505 c.
1485 1473 1560 1505 738.
1596 1472 1652 1505 vel
1677 1473 1752 1504 739.

317 1533 469 1564 maxime
493 1533 637 1573 propter
659 1541 691 1563 v.
718 1531 780 1563 35:
807 1531 953 1563 secundis
978 1531 1185 1571 Temporibus
1208 1530 1375 1570 dubiisque
1399 1531 1467 1562 cet.
1516 1528 1646 1567 Quodsi
1675 1527 1758 1569 post

317 1588 409 1620 hanc
441 1588 677 1628 compositum
710 1588 786 1626 est,
823 1585 1069 1619 consolationis
1101 1587 1178 1618 vice
1209 1586 1363 1626 fungitur
1391 1584 1756 1623 existimationemque

318 1642 414 1675 Lollii
438 1642 493 1674 illa
527 1643 769 1682 imminutam,
811 1642 985 1682 quatenus
1030 1641 1189 1674 civilibus
1225 1642 1298 1674 eius
1333 1639 1517 1672 virtutibus
1552 1637 1757 1671 extollendis

321 1698 395 1730 fieri
419 1700 580 1740 poterat,
606 1698 846 1738 redintegrare
871 1697 1000 1729 studet.
