1997 3219
328 188 410 228 456

837 192 1003 223 lionATll
1029 193 1249 225 CARMINUM

807 515 1116 567 ‹24me
1155 516 1279 554 xx.

550 628 642 669 Non
671 626 812 677 vides,
845 634 1003 683 quanto
1034 641 1208 670 moveas
1238 628 1419 684 periclo,

549 707 733 765 Pyrrhe,
768 708 972 751 Gaetulae
1003 707 1165 751 catulos
1196 708 1403 751 leaenae?

549 790 666 831 Dura
696 795 792 845 post
821 789 964 844 paullo
995 788 1131 845 fugies
1162 788 1345 832 inaudax

720 869 884 912 Proelia
915 875 1079 925 raptor,

552 975 657 1017 Cum
687 988 765 1030 per
795 973 1012 1016 obstantes
1044 973 1246 1016 iuvenum
1277 980 1468 1016 catervas
1742 976 1766 1015 5

411 1105 481 1136 XX.
508 1105 615 1135 Inscr.
634 1103 724 1144 volg.
752 1105 801 1135 Ad
815 1104 995 1143 Pyrrhum,
1024 1105 1057 1135 et
1073 1104 1122 1135 sic
1140 1103 1250 1135 Codd.
1271 1105 1351 1135 mei.
1373 1103 1434 1144 (Ad
1449 1105 1664 1144 PhirrumT.)
1686 1123 1721 1127 —-

371 1155 400 1185 4.
432 1153 568 1193 periclo]
605 1154 747 1184 tumultu
769 1163 792 1191 χ
819 1155 853 1184 et
881 1162 953 1184 var.
986 1152 1064 1185 lect.
1096 1164 1170 1196 γικ.
1204 1171 1238 1177 --
1280 1153 1310 1185 3.
1333 1154 1474 1194 paulum
1505 1152 1652 1195 Tdssvg.
1687 1173 1722 1177 --

370 1204 400 1234 5.
431 1203 588 1234 obstantis
614 1203 678 1234 BT.

373 1320 442 1351 XX.
476 1321 565 1351 Aere
588 1321 769 1351 certamen
795 1319 839 1351 de
863 1320 1024 1352 Nearcho

330 1368 593 1401 adolescentulo
608 1371 724 1400 ortum
736 1370 827 1400 inter
835 1370 1021 1409 Pyrrhum,

328 1420 402 1451 eius
438 1420 650 1457 amatorem,
686 1420 720 1450 et
751 1417 903 1459 puellam
935 1418 1023 1450 illius

328 1477 449 1499 amore
479 1469 659 1500 incensam
691 1477 844 1508 eumque
875 1467 940 1501 sibi
964 1468 1023 1499 uni

328 1526 470 1549 servare
501 1526 541 1548 ac
566 1518 717 1548 retinere
743 1518 944 1558 cupientem
972 1516 1024 1548 le-

329 1567 410 1607 pide
436 1568 565 1598 narrat.
613 1569 724 1607 Prope
756 1566 901 1598 ridicule
934 1568 1020 1598 HP.:

329 1617 501 1647 «Carmen
521 1615 733 1647 obscurum»
761 1616 842 1655 (quo
865 1616 1023 1657 profecto

328 1664 411 1696 nihil
451 1664 576 1696 clarius
607 1664 676 1704 est)
715 1666 774 1695 «et
801 1666 858 1695 vix
883 1666 1022 1696 Horatio

329 1714 506 1754 dignum».
557 1715 719 1754 (Tempus
750 1715 925 1745 incertum
950 1715 1020 1749 est;

328 1764 486 1795 referunt
514 1762 568 1794 alii
600 1763 645 1794 ad
670 1772 700 1794 a.
728 1772 761 1793 u.
790 1773 819 1794 c.
847 1763 940 1801 ww,
967 1762 1021 1794 alii

329 1813 372 1845 ad
397 1823 427 1844 a.
455 1812 542 1851 732.)

373 1863 402 1893 st.
422 1863 452 1893 Ξ.
481 1863 577 1893 «Non
594 1860 710 1897 vides,
739 1862 869 1901 quanto
887 1862 944 1891 tuo
963 1870 1023 1901 pe-

328 1910 436 1942 riculo
468 1909 602 1950 puellae
628 1909 761 1941 fervide
793 1910 922 1941 amanti
951 1909 1022 1941 for-

328 1969 467 1992 mosum
492 1958 754 1990 adolescentem
781 1959 937 1990 adimere
962 1968 1023 1990 co-

329 2010 444 2040 neris?
482 2008 642 2039 Profecto
674 2017 743 2039 non
768 2009 903 2039 minore
928 2008 1023 2049 peri-

330 2058 407 2089 culo
431 2059 579 2089 venator
601 2057 744 2089 leaenae
771 2058 929 2089 Gaetulae
947 2057 1019 2098 (Od.

331 2109 365 2145 Ι1,
392 2108 450 2145 023,
480 2107 542 2146 10.)
570 2106 702 2138 catulos
726 2107 894 2138 auferat.»
924 2107 1024 2138 Cete-

330 2165 406 2187 rum
431 2157 533 2187 vetus
558 2158 609 2187 est
640 2157 866 2197 comparatio
916 2157 1019 2195 Regg.

328 2207 365 2243 2,
388 2206 444 2243 47,
464 2205 499 2235 8:
526 2206 624 2236 veluti
646 2206 673 2235 si
688 2214 769 2236 ursa
786 2205 890 2244 raptis
905 2205 1024 2236 catulis

328 2255 360 2284 in
386 2254 471 2285 salla
495 2255 637 2292 saeviat,
664 2254 707 2285 de
732 2255 815 2285 viris
838 2254 1024 2294 fortissimis

328 2307 358 2334 cl
374 2313 492 2334 (ιηιανο
509 2304 631 2334 animo.
654 2321 689 2324 —
706 2303 846 2343 onor-eas]
867 2304 1020 2343 «tangas,

330 2355 365 2383 ut
389 2354 547 2393 asportes
573 2361 612 2383 ex
644 2351 752 2383 lustro
776 2351 955 2383 leaenae.»
985 2370 1019 2374 —

325 2402 464 2441 Pyrrhe]
496 2401 685 2431 Verissime
717 2401 829 2440 Unger
856 2401 895 2431 V.
923 2402 958 2433 R.
986 2410 1019 2442 p.

328 2450 432 2481 Xlll.:
473 2449 757 2488 «Bamhergerus
789 2450 822 2480 in
851 2450 962 2481 Philol.
996 2451 1019 2480 Ι,

331 2500 357 2529 2.
385 2507 418 2538 p.
452 2498 525 2529 3¹24..
559 2498 860 2538 quemadmodum
892 2500 1023 2530 Procu-

330 2547 435 2578 leium
469 2549 601 2578 Graeco
634 2546 805 2577 vocabulo
830 2546 1020 2587 Telephum

331 2606 363 2636 p.
391 2596 486 2634 :3s¹6.,
514 2597 556 2627 ita
583 2597 619 2627 C.
648 2595 805 2635 Valgium
834 2597 954 2635 Rufum
978 2596 1021 2627 ab

333 2646 471 2676 Horatio
489 2645 545 2676 hic
562 2645 732 2677 nominari
751 2645 937 2677 arbitratus
956 2648 1020 2677 est.

330 2693 429 2730 Quod
477 2693 655 2726 confutare
695 2703 764 2725 non
806 2693 920 2725 habeo
961 2703 1023 2726 ne—

330 2750 466 2773 CCSSO.»

1118 1320 1147 1351 3.
1184 1323 1258 1359 post
1292 1320 1424 1360 paullo]
1463 1321 1680 1361 Frequenter
1718 1323 1767 1353 sic

1075 1370 1180 1400 etiam
1196 1368 1381 1408 Salustius,
1402 1370 1548 1409 Caesar,
1573 1371 1687 1402 Livius
1704 1379 1767 1412 pro

1068 1418 1184 1457 paullo
1207 1422 1293 1457 post.
1322 1437 1357 1441 —-
1389 1419 1553 1460 inaudaax]
1585 1415 1766 1461 ἄτολμος.

1074 1468 1146 1498 Hoc
1162 1476 1255 1498 nunc
1273 1468 1416 1507 quidem
1438 1463 1540 1509 ἅπαξ
1564 1466 1769 1511 λεγόμενον

1073 1525 1142 1547 uno
1175 1516 1284 1556 gradu
1314 1517 1418 1548 distat
1448 1526 1467 1547 a
1498 1518 1664 1557 «timido,
1703 1519 1769 1550 im-

1073 1564 1174 1603 belli,
1200 1566 1370 1605 ignavo»,
1397 1574 1487 1606 quae
1513 1567 1683 1598 maiorem
1700 1568 1769 1599 uti-

1073 1624 1142 1655 que
1166 1614 1299 1646 habent
1322 1616 1650 1655 reprehensionem.

1116 1665 1146 1694 5.
1167 1673 1231 1702 per
1254 1664 1414 1694 obstantes
1436 1665 1588 1696 iuvenum
1604 1666 1766 1706 catervas]

1072 1712 1240 1752 Singulari
1279 1712 1423 1744 artifieio
1459 1715 1585 1745 retinet
1623 1713 1767 1746 leaenae

1072 1762 1260 1801 imaginem
1285 1761 1482 1793 catulorum
1506 1764 1686 1803 raptorem
1714 1762 1768 1794 ul-

1072 1812 1148 1842 tum
1187 1811 1300 1842 euntis
1339 1811 1513 1851 simulque
1547 1811 1685 1852 puellae
1721 1812 1766 1844 ob

1072 1860 1251 1899 iniuriam,
1286 1869 1393 1900 quam
1417 1861 1447 1891 ei
1472 1861 1575 1891 infert
1598 1862 1764 1901 Pyrrhus,

1072 1911 1168 1949 grate
1207 1909 1395 1940 iracundae
1435 1909 1606 1941 admiscet
1645 1911 1768 1950 imagi-

1073 1967 1165 1989 nem.
1220 1959 1291 1989 Hae
1334 1962 1486 1990 catervae
1523 1960 1641 1990 autem
1687 1962 1769 1991 sunt

1072 2006 1178 2038 veluti
1190 2008 1399 2038 venatorum
1413 2007 1586 2047 Pyrrhum
1600 2009 1768 2039 comitan-

1072 2057 1175 2094 tium,
1202 2056 1237 2087 id
1262 2057 1329 2094 est,
1358 2057 1515 2096 priorum
1532 2057 1681 2088 Nearchi
1698 2066 1766 2089 una

1073 2114 1154 2136 cum
1171 2105 1318 2145 Pyrrho,
1338 2105 1392 2136 cui
1410 2107 1527 2136 tamen
1546 2105 1599 2136 ille
1614 2107 1765 2138 maxime

1072 2153 1222 2193 favebat,
1242 2155 1452 2192 amatorum,
1471 2156 1661 2194 antequam
1678 2164 1767 2195 puer

1072 2203 1226 2235 fervidae
1242 2201 1379 2243 puellae
1398 2205 1556 2235 maturus
1573 2204 1641 2235 iam
1659 2205 1764 2241 esset;

1072 2261 1139 2283 non
1164 2261 1250 2283 vero
1276 2253 1405 2284 «ceteri
1427 2252 1564 2292 puellae
1589 2255 1765 2284 amatores

1072 2301 1339 2340 dissuadentes,
1387 2311 1430 2333 ne
1477 2304 1614 2342 repetat
1656 2304 1766 2334 Near—

1073 2351 1223 2389 chum»,
1257 2352 1295 2382 ut
1323 2352 1439 2383 visum
1463 2353 1516 2383 est
1539 2351 1762 2391 quibusdam.

1117 2400 1174 2431 6-
1201 2400 1231 2431 8.
1273 2400 1448 2441 insignem]
1489 2401 1604 2431 «inter
1642 2408 1765 2431 omnes

1073 2450 1224 2480 maxime
1250 2450 1516 2489 conspicuum.»
1557 2450 1595 2480 ΙΙ.
1619 2448 1639 2480 l.
1660 2448 1765 2480 abso-

1073 2498 1160 2537 lute,
1198 2499 1278 2538 quia
1313 2499 1556 2538 unusquisque
1582 2496 1765 2537 suppletu-

1073 2557 1133 2579 rus
1169 2549 1260 2578 erat:
1304 2546 1441 2578 «forma
1476 2547 1566 2578 inter
1599 2544 1764 2585 aequales

1074 2605 1191 2628 suos.»
1220 2614 1255 2618 —
1282 2596 1416 2627 Grande
1443 2599 1607 2627 certamen
1628 2611 1646 2616 —
1661 2611 1678 2616 —
1696 2593 1764 2634 illa]

1075 2646 1178 2676 «Tota
1204 2645 1290 2676 haee
1314 2645 1485 2677 sententia
1503 2643 1675 2684 appositio
1693 2644 1762 2679 est,

1075 2703 1145 2725 non
1169 2694 1213 2725 ad
1243 2694 1440 2726 Nearchum
1468 2692 1611 2733 quidem
1636 2691 1762 2728 solum,

1075 2743 1137 2775 sed
1163 2742 1207 2774 ad
1230 2742 1449 2784 praecedens
1474 2742 1691 2774 enuntiatum
1717 2742 1766 2771 to-
