1997 3219
313 249 392 290 492

821 253 989 284 llORATll
1016 253 1237 287 CARMINUM

538 355 603 397 Sis
636 354 732 397 licet
762 354 876 403 felix,
909 355 1154 412 ubicunque
1180 357 1338 400 mavis,

534 436 582 477 Et
613 448 775 477 memor
806 436 953 485 nostri,
989 435 1179 485 Galatea,
1215 436 1352 483 vivas,

534 516 678 571 Teque
710 529 790 558 nec
820 515 967 569 laevus
997 522 1111 558 vetet
1142 517 1203 558 ire
1234 516 1355 572 picus
1699 517 1748 558 ’14)

700 597 786 639 Nec
816 610 923 652 vaga
953 596 1110 639 cornix.

533 701 619 743 Sed
649 701 793 751 vides,
826 706 984 757 quanto
1015 701 1198 758 trepidet
1231 702 1410 745 tumultu

532 782 697 824 Pronus
728 781 873 824 Orion.

935 783 1022 839 Ego
1054 781 1157 838 quid
1189 782 1241 825 sit
1276 789 1366 826 ater

532 861 718 905 Hadriae
748 862 845 904 novi
878 862 996 905 sinus
1027 869 1069 905 et
1099 863 1203 919 quid
1235 862 1356 906 albus

397 982 447 1012 45.
475 980 584 1012 laevos
607 981 750 1022 antiqua
774 981 944 1022 scriptura
969 981 1007 1012 B.
1036 999 1070 1003 -
1096 985 1179 1013 vetet
1201 982 1425 1021 BbSTc,CtF:
1458 987 1548 1016 vetat
1571 993 1590 1016 e
1616 985 1699 1017 Cod.

352 1030 517 1062 Vaticano
549 1030 647 1070 (Pott.
676 1029 739 1069 47.)
765 1031 807 1069 L,
844 1029 954 1063 Bentl.
979 1032 1022 1064 M.
1063 1029 1113 1069 (Ut
1144 1040 1226 1071 nos,
1259 1033 1303 1072 J.)
1332 1052 1366 1056 —
1394 1033 1446 1064 47.
1474 1034 1616 1074 trepidat
1639 1035 1699 1066 BS.

354 1080 433 1119 (non
457 1079 554 1120 ch.)

351 1184 402 1215 43.
439 1185 492 1216 Sis
524 1185 607 1226 licet]
642 1186 854 1219 Tenerrimis
885 1188 1000 1219 versi-

307 1232 390 1271 hus⁷
427 1233 587 1266 dolorem
612 1235 656 1267 de
681 1236 815 1267 amicae
839 1236 1000 1269 discessu

306 1291 490 1322 premens,
525 1284 622 1323 huic,
656 1285 851 1317 dummodo
876 1295 1001 1317 aman-

307 1331 348 1362 tis
388 1333 597 1364 memoriam
635 1334 804 1372 retineat,
852 1334 1000 1366 liberam

306 1380 552 1421 proficiscendi
569 1383 747 1422 optionem
765 1383 841 1422 dat,
868 1384 1002 1415 denuo-

307 1437 375 1469 que
400 1431 512 1470 optat‚
540 1439 583 1461 ne
608 1430 718 1462 ullum
742 1440 847 1463 omen
871 1433 1001 1464 adver-

308 1486 387 1509 sum
421 1478 564 1510 abeunti
599 1480 756 1519 eveniat,
794 1480 858 1512 sed
893 1481 1000 1512 maris

308 1526 547 1567 periculorum
578 1529 677 1560 anxie
710 1538 788 1561 earn
819 1530 997 1561 admonet.

310 1594 343 1598 —
381 1577 468 1608 Licet
505 1577 538 1608 h.
572 1577 592 1608 l.
623 1582 702 1609 non*
733 1587 997 1619 «quamquam,

307 1625 414 1663 etsi»,
441 1626 505 1657 sed
530 1627 561 1657 in
586 1627 766 1667 precando
790 1630 997 1669 usurpatur,

307 1674 343 1704 ut
378 1673 450 1706 fere
486 1675 582 1706 idem
616 1677 659 1708 sit
693 1678 798 1717 atque
829 1678 862 1708 in
892 1686 997 1719 prosa

306 1725 393 1754 orat.
414 1733 504 1764 «per
524 1733 614 1756 mc».
641 1726 739 1757 ovid.
758 1727 838 1758 Met.
859 1726 894 1765 3,
914 1726 997 1758 405:

306 1772 360 1803 Sic
384 1776 470 1804 amet
492 1775 550 1805 iste
573 1774 661 1813 lieet,
697 1775 743 1806 sic
764 1784 831 1806 non
848 1776 1001 1815 potiatur

306 1825 430 1854 amato.

350 1872 401 1902 45.
421 1871 471 1902 46.
498 1871 611 1903 laevus
624 1890 639 1895 -
649 1872 755 1914 picus]
777 1873 879 1914 Apud
895 1872 998 1905 Plau-

305 1922 379 1951 tum
398 1921 499 1959 [Asin.
520 1921 551 1959 ἓ,
572 1921 601 1959 4,
622 1921 686 1961 4⁴2.)
702 1922 853 1953 faustum
871 1924 923 1954 est
939 1931 999 1954 au-

305 1970 452 2010 gurium.
492 1970 559 2001 Sed
584 1979 667 2001 nuni
693 1971 726 2001 in
750 1971 803 2002 his
820 1971 996 2003 ominibus

305 2019 501 2049 doctrinam
545 2019 749 2059 augin-alem
792 2019 880 2051 alter
917 2021 996 2052 uter

304 2069 406 2108 pocta
441 2070 604 2099 accurate
639 2069 805 2107 servarit,
842 2068 995 2101 dubitari

304 2118 431 2157 potest.
482 2118 541 2157 (De
571 2117 636 2148 hac
665 2127 703 2149 re
733 2119 994 2150 accuratissime

304 2166 457 2207 disputat
467 2166 495 2197 J.
509 2167 641 2198 Grimm
655 2167 765 2198 Gesch.
779 2168 810 2198 d.
826 2168 996 2200 deutschen

303 2216 380 2255 Spr.
407 2224 483 2256 cap.
511 2216 576 2247 XL.
605 2217 699 2247 flecht
730 2217 797 2247 und
819 2216 929 2258 Linlc.)
957 2235 992 2239 ——

302 2265 395 2306 velet]
423 2265 589 2296 Tenerior
613 2266 667 2296 hie
692 2274 818 2297 sensus
841 2267 992 2305 videtur,

302 2316 341 2345 ut
380 2323 501 2346 rursus
543 2315 689 2346 infausta
730 2315 826 2355 signa
865 2315 996 2357 depre-

303 2365 419 2401 cetur⁷
457 2372 563 2403 quam
588 2364 616 2395 si
641 2364 807 2395 Lambino
832 2366 863 2396 et
888 2366 995 2396 Bent-

303 2412 369 2443 leio
408 2412 637 2453 probantibus
678 2421 758 2444 eum
799 2422 868 2444 uno
906 2413 990 2445 Cod.

302 2462 410 2492 Vatic.
438 2460 532 2501 legas
554 2465 651 2493 retal.
694 2463 741 2493 Ita
764 2463 857 2493 enim
882 2463 994 2495 totum

302 2510 419 2543 locum
443 2511 522 2542 inde
548 2520 564 2542 a
591 2520 622 2541 v.
644 2512 671 2542 7.
694 2513 834 2553 exponit
858 2513 995 2545 Britan-

303 2569 385 2591 nus:
414 2561 520 2591 «Siste
542 2559 748 2602 paullisper,
776 2561 861 2592 dum
878 2562 994 2593 omina

304 2610 471 2650 capimus.
500 2610 539 2641 Et
563 2610 719 2650 profecto
745 2610 853 2641 fausta
880 2612 995 2642 conci-

304 2660 451 2690 nuerunt
471 2667 566 2690 aves.
589 2658 699 2690 Salvis
716 2660 879 2699 auspiciis
896 2660 992 2692 abire

303 2708 434 2748 poteris
449 2710 479 2738 et
494 2733 499 2746 ,
517 2708 700 2747 ubic-mique
713 2709 829 2746 maris,
849 2708 994 2741 feliciter

304 2757 408 2787 witam
433 2765 548 2795 agere.
597 2759 668 2789 Noc
692 2757 803 2789 laevus
822 2758 915 2797 picus
935 2768 994 2790 ne-

305 2814 371 2845 que
398 2814 482 2846 ragya
507 2807 625 2837 corneli·
649 2810 733 2839 velat
762 2810 790 2839 te
824 2807 885 2846 ire,
924 2816 992 2848 quo

1050 1187 1146 1220 libet.
1195 1187 1265 1220 Sed
1288 1186 1375 1219 illud
1390 1187 1531 1219 interim
1547 1195 1617 1218 non
1633 1187 1744 1227 vides‚

1051 1237 1147 1278 quod
1171 1236 1335 1269 omnibus
1357 1237 1520 1278 auspiciis
1538 1237 1651 1268 maius
1671 1238 1746 1269 est‘?

1051 1287 1140 1318 cet.»
1176 1305 1211 1309 —
1238 1286 1368 1327 cornix]
1399 1286 1492 1326 Virg.
1519 1284 1588 1317 Ecl.
1618 1285 1654 1324 9,
1686 1285 1742 1318 44:

1052 1336 1144 1375 Quod
1166 1336 1230 1366 nisi
1252 1344 1302 1367 me
1322 1353 1340 1358 -
1359 1353 1378 1358 -
1400 1334 1482 1366 Ante
1503 1335 1640 1366 sinistra
1662 1344 1747 1367 cava

1049 1385 1224 1416 monuisset
1246 1384 1287 1415 ab
1309 1384 1381 1415 ilice
1403 1384 1533 1415 cornia).
1556 1401 1591 1406 —
1611 1385 1744 1415 Novem

1050 1434 1115 1465 ista
1150 1434 1266 1465 omina
1304 1433 1432 1474 partim
1466 1432 1576 1471 laeta,
1616 1433 1744 1474 partim

1050 1483 1200 1515 adversa
1214 1509 1220 1522 ,
1248 1483 1353 1514 nimia
1370 1481 1543 1514 nonnullis
1560 1482 1631 1513 visa
1647 1483 1743 1520 sunt3

1050 1532 1114 1563 sed
1146 1533 1238 1564 hanc
1280 1532 1566 1572 superstitionem
1596 1529 1745 1572 popula-

1050 1589 1127 1613 rem
1150 1579 1261 1613 semel
1292 1581 1439 1621 poeticis
1476 1579 1653 1612 coloribus
1682 1588 1745 1611 or-

1051 1640 1134 1662 nare
1161 1639 1224 1662 suo
1249 1630 1324 1661 iure
1352 1629 1463 1661 voluit
1485 1630 1600 1669 poeta.

1094 1680 1145 1711 47.
1163 1680 1215 1711 48.
1231 1680 1368 1718 trepidet
1379 1678 1530 1718 tumidtu]
1544 1687 1597 1718 pr.
1615 1687 1745 1718 «quan-

1051 1731 1084 1760 to
1109 1729 1214 1759 Orion
1238 1728 1389 1768 agitetur
1414 1726 1598 1764 tumultu»,
1625 1727 1659 1758 id
1677 1730 1741 1767 est,

1050 1779 1220 1818 «quantas
1245 1778 1476 1818 tempestates
1501 1777 1655 1817 inquieta
1680 1786 1743 1809 sua

1048 1827 1082 1858 vi
1120 1827 1299 1858 concitans
1329 1835 1458 1866 pronus
1488 1826 1532 1857 ad
1576 1835 1743 1858 occasum

1049 1876 1203 1915 sestInct,
1230 1877 1342 1907 ruat.»
1369 1894 1404 1898 —
1429 1876 1572 1915 Pronus,
1598 1878 1635 1907 ut
1652 1877 1744 1909 cleve-

1046 1934 1112 1956 ,τας
1140 1926 1201 1957 Od.
1233 1926 1268 1963 ¹1,
1294 1925 1352 1963 28,
1378 1925 1431 1955 24.
1458 1926 1495 1956 A.
1524 1925 1557 1956 d.
1584 1925 1623 1956 V.
1661 1925 1742 1957 Idus

1048 1974 1251 2013 Novembr.‚
1270 1975 1360 2005 teste
1373 1973 1480 2005 Plinio
1495 1974 1546 2013 48,
1562 1974 1629 2012 34„
1648 1974 1744 2005 Orio-

1048 2024 1100 2056 nis
1124 2023 1259 2064 gladius
1283 2023 1446 2054 occidcre
1463 2023 1592 2064 incipit.
1633 2024 1737 2055 Leon.

1048 2074 1124 2104 Tar.
1143 2073 1246 2104 Anth.
1266 2071 1336 2104 Pal.
1355 2073 1380 2103 I.
1396 2081 1430 2113 p.
1446 2072 1528 2104 385:
1554 2070 1742 2118 δνοφερῆς

1047 2119 1200 2163 κύματα
1216 2116 1599 2162 παινὸυσίης”Έβλαψ’
1613 2117 1743 2166 Ὠρίω-

1046 2180 1167 2211 νος.-
1184 2170 1266 2211 ater]
1280 2170 1471 2209 «funestus,
1486 2169 1738 2211 periculosus.»

1091 2220 1142 2251 ⁴9.
1168 2219 1437 2259 Hadriae-sinus]
1462 2219 1670 2260 Simpliciter
1688 2221 1742 2251 est

1048 2277 1165 2301 «mare
1202 2268 1457 2307 Hadriaticum,
1495 2269 1589 2309 quod
1625 2269 1740 2300 sinum

1046 2319 1152 2350 maris
1186 2318 1290 2349 efficit
1323 2318 1412 2348 inter
1442 2316 1574 2349 ltaliam
1602 2319 1637 2349 ct
1660 2318 1741 2358 Epi—

1047 2376 1123 2399 rum
1158 2366 1450 2407 Illy1·icumquc»;
1488 2376 1574 2398 non:
1622 2376 1739 2399 «mare

1046 2416 1303 2454 Hadriaticum,
1346 2424 1427 2448 cum
1463 2417 1495 2447 in
1527 2420 1618 2447 atros
1651 2417 1741 2448 sinus

1046 2466 1230 2504 curvetur,
1250 2465 1413 2496 fluctibus
1430 2466 1649 2497 intumescat.
1666 2478 1680 2494 »
1702 2484 1736 2488 -

1045 2516 1127 2546 Tota
1154 2515 1272 2545 autem
1298 2515 1471 2545 sententia
1496 2515 1529 2546 in
1553 2523 1656 2555 prosa
1685 2523 1735 2545 or.

1047 2564 1112 2594 lioc
1136 2563 1325 2603 signifieat:
1364 2563 1471 2603 «Ego,
1510 2572 1615 2604 quam
1642 2563 1738 2604 peri—

1045 2611 1205 2643 culosum
1230 2620 1373 2653 semper
1397 2612 1440 2643 sit
1464 2612 1529 2643 iter
1551 2621 1616 2652 per
1639 2619 1737 2643 marc

1048 2661 1303 2698 Hadriaticum,
1353 2662 1566 2701 experientia
1613 2660 1736 2691 doctus

1047 2710 1165 2747 novi3»
1191 2711 1336 2750 propter
1352 2712 1471 2741 cautes
1489 2710 1581 2741 enim
1604 2711 1635 2739 et
1654 2717 1736 2740 saxa

1046 2758 1221 2798 naufragia
1249 2758 1485 2798 frequentiora
1511 2758 1583 2789 sere
1608 2759 1737 2789 suntin

1046 2809 1122 2840 sinu
1143 2808 1251 2840 maris
1276 2816 1380 2848 quam
1402 2809 1434 2839 in
1459 2808 1533 2848 ipso
1551 2806 1618 2839 alto
1636 2809 1734 2839 mari.
