1997 3219
735 108 818 139 LlB,
848 108 870 138 Ι.

921 108 956 138 C.
984 107 1066 138 XVI.

1580 104 1594 145 sl
1606 105 1658 145 03

508 220 644 260 Penes
672 217 846 265 iambis,
881 217 971 259 sive
1004 216 1172 259 flamma

567 299 665 342 Sive
697 298 801 340 mari
832 297 935 341 libet
965 297 1193 340 Hadriano.

451 406 542 446 Non
572 403 862 461 Dindymene,
894 417 977 445 non
1007 403 1146 459 adytis
1176 402 1311 458 quatit
1632 403 1656 441 ὕ

451 485 632 527 Mentem
662 484 932 527 sacerdotum
963 482 1100 526 incola
1130 482 1322 540 Pythius,

503 566 536 606 N
541 579 596 607 on
626 564 753 607 Liber
783 578 940 621 aeque,

974 578 1058 606 non
1089 570 1212 606 acuta

315 715 343 748 4.
372 716 513 746 adriano
538 714 570 746 d.
601 733 635 736 —
661 715 692 746 5.
719 715 811 753 adyti
835 714 1132 746 Hemsterhusius.
1155 732 1189 735 —
1210 714 1318 753 quatis
1340 714 1376 745 B.
1400 732 1433 735 -
1450 715 1479 745 6.
1500 714 1616 745 Mentis

268 764 460 797 nui-villius.

227 894 328 925 matis
359 893 517 925 iambicis
549 892 685 932 Quintil.
720 894 772 932 40,
808 893 837 932 4,
877 893 915 924 9:

225 943 398 982 scriptores
420 943 613 974 iamborum.

270 991 300 1024 4.
341 992 525 1032 Hadriano]
565 993 658 1023 Haec
693 992 804 1024 forma
838 1000 919 1032 pro-

227 1042 301 1082 prie
324 1041 367 1072 de
385 1041 504 1073 incolis
523 1041 669 1073 Hadriae
686 1042 803 1082 oppidi
818 1050 919 1073 usur-

227 1093 339 1131 patur.
398 1091 626 1121 Hadriaticum
661 1093 779 1123 autem
819 1100 916 1122 mare

227 1149 296 1170 non
321 1141 473 1171 nominat
500 1142 680 1180 tamquam
702 1141 827 1171 ceteris
850 1141 918 1171 im-

227 1189 419 1229 petuosius.
445 1189 509 1220 sed
535 1192 569 1220 ut
594 1189 655 1220 Od.
684 1191 713 1228 4,
740 1190 769 1228 4,
791 1189 841 1221 44.
863 1190 916 1221 45.

228 1239 393 1276 Myrtoum
429 1241 463 1269 et
495 1239 658 1275 It·‹11·i'um,·
701 1239 761 1270 Od.
796 1240 826 1278 4,
859 1239 913 1277 ⁶26,

232 1288 278 1318 15.
318 1288 489 1325 Creticum,
525 1296 567 1318 ex
587 1290 770 1329 poetarum
801 1296 912 1327 more,

227 1339 261 1367 ut
294 1338 378 1368 certi
416 1336 560 1369 alicuius
591 1338 696 1369 maris
728 1337 915 1377 imaginem

224 1385 325 1417 nobis
348 1388 427 1417 ante
453 1385 572 1418 oculos
592 1389 709 1427 ponat.
755 1386 834 1426 (Csr.
864 1387 918 1418 Ti-

225 1434 307 1466 bull.
349 1436 375 1473 4,
409 1436 440 1472 9,
472 1435 528 1467 49:
574 1436 637 1467 Illa
666 1437 762 1468 velim
793 1437 916 1476 rapida

229 1485 386 1515 Volcanus
408 1485 561 1516 earmina
575 1488 712 1526 flamma
738 1487 871 1518 Torreat
887 1490 917 1518 et

224 1534 347 1573 liquida
371 1535 473 1566 deleat
495 1537 602 1566 artinis
624 1536 742 1577 aqua.)

266 1584 297 1614 ὅ.
345 1584 558 1625 Dindymene]
595 1585 727 1625 Cybele
760 1594 789 1616 s.
822 1585 914 1616 Rhea

224 1642 242 1663 a
261 1632 446 1672 Dindymo⁷
473 1634 642 1674 Phrygiae
661 1637 780 1666 monte
805 1643 914 1675 prope

227 1683 485 1720 Pessinuntem,
513 1683 570 1714 ubi
587 1685 808 1724 potissimum
825 1683 916 1715 cole—

229 1730 340 1762 batur.
379 1750 413 1754 —
452 1734 526 1764 Non
560 1733 678 1774 adytis]
712 1733 841 1765 Caesar
874 1734 912 1766 B.

227 1781 264 1811 C.
292 1780 322 1817 3,
347 1782 425 1812 405ῑ
461 1783 613 1823 Ρενῃαηιὶ
645 1783 679 1814 in
711 1784 843 1815 occultis
875 1793 915 1815 ac

223 1830 354 1860 remotis
384 1832 514 1871 templi,
550 1841 613 1871 quo
643 1837 778 1872 praeter
803 1842 915 1864 sacer—

225 1878 312 1909 dotes
333 1880 426 1911 odire
446 1882 499 1920 sas
521 1891 583 1913 non
608 1885 670 1919 est,
696 1891 780 1922 quae
797 1883 915 1914 Graeci

223 1922 345 1959 ἄδυτα
378 1930 561 1970 appellant,
608 1934 767 1971 tympana
803 1941 916 1964 sonue-

224 1981 312 2007 runt.

269 2027 300 2055 ti.
351 2038 364 2052 ιι
378 2025 520 2066 Apollo,
561 2028 655 2067 adyti
690 2030 844 2071 Delphici
881 2032 913 2061 et

227 2074 352 2106 Deliaci
378 2075 506 2113 invola,
543 2076 659 2109 dixino
690 2079 806 2110 afflatu
835 2089 917 2111 con-

227 2125 307 2154 sitat
331 2120 537 2166 ι’·πυᾳητῶν
561 2135 705 2159 suorum
722 2131 912 2160 mentem.»

226 2174 280 2204 Sir
306 2173 426 2205 tjatull.
448 2175 556 2215 Epith.
586 2175 652 2207 Pel.
680 2178 760 2208 ⁹229:
787 2179 915 2210 Miner-

227 2232 266 2253 xa
294 2224 398 2254 incola
429 2225 521 2255 [toni.
570 2226 606 2257 ln
639 2226 778 2258 Horatio
812 2229 914 2259 nimis

226 2273 393 2303 audavter
415 2273 469 2305 alii
491 2275 703 2316 interpretati
729 2286 806 2308 esse
831 2278 914 2309 mihi

226 2322 408 2353 videntur:
446 2322 582 2355 «incola
603 2326 728 2357 mentis
748 2327 915 2358 sacerdo-

225 2373 344 2404 tun1„;
376 2374 428 2409 et,
463 2373 490 2404 si
513 2373 604 2413 apud
629 2375 797 2407 Senecam
822 2377 912 2408 Med.

226 2421 299 2451 383.
337 2419 483 2461 legimus
507 2426 633 2462 recepto
665 2424 801 2455 Maenas
828 2425 916 2456 insa-

225 2470 270 2501 nit
293 2471 366 2504 deo,
392 2471 458 2502 hoc:
484 2471 591 2503 multo
608 2473 722 2504 minus
743 2474 913 2506 tumidum

225 2521 278 2551 est
306 2520 338 2550 in
375 2523 476 2560 poeta
513 2523 692 2562 ‹teteroqui
723 2521 913 2555 luxuriante

226 2577 330 2609 quam
354 2570 432 2600 deus
453 2571 558 2601 inc-ola
582 2572 697 2602 mentis
720 2572 807 2603 soret
822 2574 914 2613 apud

228 2618 423 2650 Horatium:
452 2628 542 2657 nam,
571 2629 650 2652 rum
675 2621 735 2652 Od.
759 2621 790 2659 3,
811 2622 862 2659 40,
881 2623 912 2662 3,

226 2668 397 2707 Aquitones
442 2670 591 2710 regionis
636 2670 914 2710 septentrionalis

968 892 1094 923 incolas
1113 892 1206 931 dicit,
1233 892 1268 924 id
1290 901 1431 933 quoque
1448 892 1493 924 ad
1509 893 1658 933 spatium

969 942 1064 982 quod
1088 942 1237 974 dicimus
1262 950 1472 982 corporeum
1496 942 1659 973 refertur.

968 992 1157 1023 Tumorem
1174 992 1276 1032 igitur
1299 992 1403 1023 istum
1422 990 1660 1032 relinquamus

967 1041 1137 1072 Eumenio
1151 1043 1277 1081 Paneg.
1294 1041 1472 1072 Constant.
1487 1041 1538 1072 47:
1557 1050 1662 1080 quan-

967 1093 1018 1120 tus
1040 1091 1112 1122 illos
1130 1092 1276 1122 caelestis
1295 1090 1430 1130 spiritus
1451 1090 1589 1121 intravit
1603 1091 1662 1121 ha-

967 1139 1108 1171 bitator!
1153 1141 1225 1172 Nec
1245 1142 1362 1171 tamen
1383 1141 1571 1180 propterea
1591 1138 1658 1178 leg.

966 1190 1068 1228 adyti,
1105 1198 1194 1230 quae
1219 1190 1306 1221 ratio
1329 1189 1483 1230 pedestri
1506 1189 1659 1220 sermoni

966 1238 1055 1269 soret
1085 1239 1207 1279 aptior.
1266 1240 1327 1270 Est
1353 1247 1457 1269 vero:
1505 1238 1662 1277 «Pythius

967 1287 1074 1327 (quod
1096 1289 1247 1320 nominis
1275 1297 1328 1329 pr.
1358 1288 1473 1319 vicem
1498 1288 1657 1326 sustinet,

964 1339 1002 1368 ut
1022 1337 1177 1375 Cynthius
1197 1338 1258 1369 Od.
1283 1339 1294 1368 4
1312 1363 1318 1376 ,
1336 1338 1389 1375 24,
1408 1337 1467 1377 2.),
1493 1337 1551 1377 qui
1566 1337 1661 1368 inco-

965 1385 1002 1418 lit
1025 1387 1141 1428 adyta,
1168 1388 1202 1419 in
1226 1388 1280 1419 his
1301 1388 1413 1428 quatit
1435 1388 1524 1419 cet.»
1545 1405 1580 1409 —-
1605 1386 1657 1418 Ad

965 1445 1066 1477 seqq.
1094 1437 1154 1468 cfr.
1185 1436 1362 1469 Claudian.
1387 1437 1485 1477 Rapt.
1508 1438 1604 1468 Pros.
1627 1437 1657 1475 4,

965 1486 1047 1518 ⁶208:
1090 1486 1235 1526 Corybas
1270 1496 1337 1518 non
1368 1486 1499 1526 impulit
1532 1494 1658 1523 ensem‚·

964 1536 1039 1567 Non
1061 1535 1186 1576 bum-us,
1210 1546 1277 1567 non
1300 1545 1383 1568 aera
1405 1539 1532 1567 sonant.

1008 1586 1038 1617 7.
1079 1587 1180 1617 «Non
1204 1594 1318 1626 aequo
1343 1585 1458 1617 furore
1477 1585 1659 1617 stimulan—

966 1636 1021 1666 tur
1045 1634 1128 1666 Galli
1154 1634 1318 1675 Cybeles,
1346 1635 1504 1667 Bacchae
1530 1635 1656 1674 Liberi,

965 1685 1086 1724 Pythia
1114 1694 1155 1716 ac
1183 1684 1311 1725 Sibylla
1339 1683 1505 1725 Apollinis
1536 1685 1659 1716 instin-

965 1735 1034 1772 ctu,
1061 1742 1126 1765 nec
1150 1735 1222 1775 pari
1238 1734 1364 1765 mentis
1378 1732 1526 1765 tumultu
1544 1734 1659 1774 agitati

966 1783 1204 1823 Corybantes,
1239 1783 1391 1824 Cybeles
1423 1783 1589 1822 ministri,
1624 1785 1658 1815 in

965 1833 1103 1864 choreis
1135 1834 1206 1865 suis
1239 1833 1401 1873 cymbala
1425 1834 1556 1865 iteratis
1583 1834 1659 1865 icti—

965 1881 1031 1913 bus
1063 1882 1223 1923 pulsant,
1262 1885 1300 1914 ut
1339 1883 1389 1914 ira
1423 1882 1558 1924 abrepti
1594 1892 1657 1915 nos

965 1932 1131 1971 exagitari
1151 1942 1192 1963 ac
1216 1932 1331 1963 furere
1348 1931 1514 1971 solemus,
1543 1933 1659 1964 omnia

963 1981 1124 2012 terricula
1160 1983 1401 2022 spernentes.»
1455 1982 1505 2013 lta
1539 1982 1568 2013 si
1604 1981 1657 2013 lo—

965 2038 1046 2060 cum
1078 2031 1367 2071 interpretamur,
1409 2032 1447 2061 ut
1479 2033 1558 2071 post
1594 2040 1658 2063 nos

966 2079 1045 2110 fecit
1066 2080 1170 2111 etiam
1190 2079 1292 2119 Regel
1318 2081 1353 2111 et
1376 2080 1528 2119 Liibker‚
1556 2083 1658 2121 quat-

966 2130 1045 2160 tuor
1064 2129 1383 2168 vehementissimi,
1419 2131 1538 2170 utpote
1560 2130 1657 2161 sana-

966 2178 1033 2215 tici,
1061 2178 1186 2210 suroris
1219 2178 1377 2219 exempla
1402 2181 1654 2219 proponuntur.

966 2226 1107 2258 Bentleii
1142 2236 1226 2259 xero
1259 2231 1459 2259 coniectura
1493 2229 1520 2259 si
1554 2230 1658 2269 yenit·-

963 2280 1056 2315 nant,
1080 2277 1113 2308 id
1138 2279 1201 2315 est,
1223 2286 1322 2309 «cum
1341 2278 1552 2317 geminant»,
1575 2282 1658 2318 poe-

966 2327 1068 2358 ticam
1089 2325 1152 2357 loci
1177 2327 1248 2358 vim
1269 2327 1459 2359 admodum
1486 2327 1653 2360 debilitat.

966 2376 1082 2407 Priore
1117 2378 1236 2408 autem
1263 2375 1360 2415 Ιοοο,
1397 2385 1440 2408 ne
1473 2377 1526 2408 bis
1562 2377 1656 2409 idem

965 2425 1110 2461 dicatur.
1131 2426 1370 2466 Dindymenes
1387 2427 1590 2458 sacerdotes
1608 2428 1657 2459 in-

965 2474 1077 2515 tellige
1095 2475 1220 2515 Gallos,
1239 2485 1389 2517 quorum
1408 2477 1557 2508 insanias
1574 2479 1657 2509 coti-

965 2523 1020 2555 die
1042 2526 1170 2557 Romae
1192 2525 1333 2557 videbat
1350 2526 1520 2565 Horatius,
1539 2529 1577 2558 ut
1593 2528 1656 2558 Fa-

965 2574 1159 2606 naticorum
1183 2584 1224 2606 ex
1245 2575 1333 2606 aede
1352 2575 1512 2608 Bellonae
1535 2577 1651 2617 (laser.

964 2632 1010 2654 m.
1038 2624 1108 2655 Lat.
1136 2625 1173 2655 N.
1211 2624 1332 2664 2342).
1359 2626 1484 2657 Lucan.
1509 2626 1538 2664 4,
1565 2627 1649 2658 ὅίῖ4ς

963 2673 1149 2713 crinemque
1172 2678 1316 2707 rotantes
1342 2676 1566 2716 Sanquinewn
1593 2694 1609 2699 —
1637 2695 1653 2700 -
