1997 3219
668 156 742 188 ΜΒ.
775 157 811 188 ιι.
879 158 897 186 2.
925 156 992 188 xx.
1493 155 1572 194 23¹2ss

309 259 488 313 Sanguis
520 266 761 314 parentum,
797 272 878 299 non
911 273 1016 314 ego,
1051 271 1179 314 quem
1213 272 1358 301 vocas,

363 338 520 381 Dileete
551 339 800 385 Maecenas,
835 338 962 381 obibo

414 420 500 461 Nee
531 419 677 475 Stygia
708 418 940 461 cohibebor
972 418 1096 460 unda.

307 525 390 565 lam
423 525 504 565 iam
538 524 729 566 residunt
759 523 955 567 cruribus
985 537 1165 580 asperae

308 604 464 648 Pelles,
499 612 540 646 et
570 604 711 646 album
745 611 884 646 mutor
914 604 953 645 in
986 603 1126 646 alitem
1530 605 1574 645 11)

178 786 207 816 6,
246 786 276 816 7.
316 793 411 823 quem
433 793 550 822 vocas,
587 785 711 816 Dilecto
733 785 829 816 Mae-

133 834 247 875 cenas]
285 843 379 872 quem
415 834 586 874 (quamvis
622 833 826 874 pauperem)

133 893 230 915 rocas
263 882 477 915 simillimum
513 882 600 914 illius
632 885 701 914 est:
739 892 829 922 paic—

130 942 306 973 peremqae
341 934 428 964 dives
460 941 511 964 me
551 933 633 972 petit
678 932 751 973 (Od.
788 933 826 971 ⁶2,

136 983 195 1020 18,
227 983 285 1021 ¹0).
324 983 514 1022 [trumque
541 982 634 1013 enim
658 982 829 1021 signifieat

133 1031 282 1063 liberum
300 1031 364 1063 sihi
383 1032 425 1063 ad
439 1033 679 1063 Maecenatem
695 1031 827 1062 aditum

134 1084 275 1122 patere,
316 1090 426 1121 seque.
462 1080 506 1111 ab
543 1090 585 1112 eo
620 1082 692 1112 veri
725 1080 827 1112 amici

134 1129 210 1161 loco
236 1130 359 1161 haberi
385 1131 419 1161 et
443 1131 580 1162 sincere
606 1130 718 1170 diligi:
745 1138 829 1161 neu-

134 1180 266 1220 tiquam
283 1188 366 1211 vero
383 1179 450 1211 hoc
468 1181 619 1217 tantum,
646 1189 684 1211 se
709 1179 753 1210 ab
772 1178 826 1210 illo

134 1228 260 1259 crebro
296 1228 339 1259 ad
375 1237 504 1259 coenas
540 1228 697 1265 invitari,
736 1236 826 1267 quae

133 1279 305 1309 sententia
331 1287 415 1309 sane
440 1278 592 1318 parasito
618 1285 724 1317 quam
741 1280 828 1317 poe—

133 1329 168 1358 ta
193 1327 329 1367 dignior
363 1327 468 1363 sorem
505 1334 722 1366 quamquam
757 1335 828 1356 κα-

133 1375 210 1407 λεῖν
247 1378 281 1407 et
314 1384 434 1407 vocare
474 1375 540 1406 hac
576 1375 826 1415 significatione

133 1425 292 1457 absolute
319 1424 494 1455 interdum
519 1426 724 1465 usurpatur,
752 1426 789 1455 ut
807 1433 826 1455 a

134 1474 334 1514 Theognide
371 1474 472 1505 1¹20&
521 1469 599 1505 Οὐκ
635 1470 706 1514 εἶμ’
747 1468 825 1505 οὐδ’

135 1520 195 1555 ὑπ’
221 1521 316 1564 ἐμοῦ
340 1520 565 1565 κεκλήσεται
580 1541 594 1546 -
610 1541 622 1547 —
644 1520 827 1568 τύραννος

131 1569 248 1618 ἁνήρ,
276 1575 309 1604 et
327 1582 344 1603 a
364 1574 434 1605 Cic.
453 1574 552 1604 Verr.
572 1574 698 1604 Aecus.
718 1573 756 1611 3,
782 1572 823 1605 4:

131 1623 182 1654 hic
205 1631 279 1654 cam
299 1623 385 1653 venit
411 1623 454 1662 (in
478 1622 624 1654 domum
647 1622 824 1663 aliquam),

132 1676 230 1704 eoetra.
253 1672 399 1702 ordinem
421 1675 577 1710 vocatur,
614 1671 648 1703 id
677 1673 747 1710 est,
775 1672 827 1703 in-

131 1723 270 1753 vitatur.
308 1720 578 1761 (Dillenburger‚
605 1722 664 1761 qui
689 1720 732 1752 de
755 1722 826 1752 toto

133 1766 200 1802 hoe
235 1770 311 1802 loco
347 1770 584 1803 consulendus
610 1772 679 1809 est,
720 1770 828 1802 refert

133 1821 177 1852 ad
213 1822 283 1852 Sat.
322 1821 359 1857 1,
398 1821 436 1857 6,
474 1820 534 1851 61ῑ
578 1820 656 1860 (me)
692 1829 828 1851 revocas

137 1880 222 1901 nono
251 1873 324 1909 post
359 1878 466 1901 mense
498 1869 650 1908 iubesque
681 1870 760 1901 Esse
792 1871 827 1901 in

132 1921 316 1950 amicorum
340 1928 497 1955 aamer03
530 1919 592 1950 sed
617 1918 673 1950 illo
697 1927 827 1950 secun-

134 1969 199 1999 dae
224 1968 445 1999 admissionis
471 1970 630 2008 tempore
656 1969 722 2000 hoc
753 1977 828 2000 ear-

136 2026 216 2048 men
249 2017 411 2057 componi
443 2025 510 2047 nou
546 2018 681 2057 potuit.)
740 2019 826 2049 Dein

134 2076 187 2096 vv.
226 2066 348 2097 Dilecle
386 2067 560 2097 Maecenas
603 2075 748 2106 prorsus
791 2070 829 2100 ut

134 2116 195 2146 od.
228 2117 262 2151 1,
291 2116 349 2149 20,
376 2115 412 2145 5:
452 2116 536 2146 Care
559 2116 750 2154 Maecenas,
785 2125 827 2147 ac

134 2164 293 2197 similiter
317 2163 424 2204 Epod.
452 2164 491 2201 3,
518 2165 576 2195 ¹20:
603 2165 710 2197 Iocose
732 2166 827 2197 Mae-

133 2224 242 2249 cena&
270 2214 377 2254 Epod.
410 2213 461 2250 44.
491 2214 527 2244 5:
564 2214 708 2246 Candide
732 2216 828 2246 Mae-

134 2274 247 2301 cenas,
284 2263 421 2303 (quibus
446 2263 609 2296 omnibus
633 2273 737 2295 nemo
763 2265 826 2296 nisi

136 2313 222 2344 illius
249 2313 469 2344 necessarius
504 2312 745 2353 perfamiliaris
781 2315 827 2345 uti

134 2362 295 2404 poterat,)
315 2364 475 2393 mutuum
493 2363 665 2393 ainis-itiae
683 2372 828 2395 sensum

135 2415 169 2443 et
205 2422 286 2443 vere
323 2414 357 2442 et
390 2411 594 2452 simpliciter
617 2413 826 2453 exprimunt.

134 2462 216 2493 Petis
251 2463 387 2497 autem,
433 2463 464 2491 ul
499 2460 518 2491 l.
553 2460 598 2498 l.,
636 2462 689 2492 liii·
727 2462 828 2493 nimis

135 2510 359 2542 ambitiosum
406 2520 446 2541 ac:
491 2519 599 2550 prope
635 2511 828 2551 superbum

136 2561 274 2597 luisset,
299 2569 408 2600 quaro
426 2560 620 2591 modestius
637 2561 717 2591 (livit
733 2570 831 2591 vocas

137 2612 171 2640 ut
197 2611 265 2639 Sat.
296 2611 329 2646 Ξ,
357 2610 393 2644 3,
423 2611 502 2640 2⁴52:
537 2610 602 2641 Nec
626 2619 730 2644 nunc,
755 2619 830 2640 cum

137 2668 185 2689 me
209 2663 301 2689 voca!
326 2660 430 2692 uara.
456 2659 613 2690 Accedam
628 2660 644 2689 1²
684 2661 828 2690 Prorsus

135 2710 251 2739 autem
286 2709 422 2748 indigua
456 2707 509 2738 tali
535 2710 728 2740 amu-orum
756 2711 839 2749 pari,

878 785 931 816 est
939 783 1187 816 nonnullorum
1201 785 1456 826 interpretatio:
1479 787 1573 818 «Non

879 842 943 873 ego
968 835 1008 864 ut
1031 834 1138 864 homo
1163 833 1330 874 volgaris⁷
1372 834 1513 874 qualem
1539 838 1573 866 tu

878 891 935 913 me
961 891 1054 914 nunc·
1078 882 1251 923 appellas,
1289 882 1415 914 dilecte
1441 885 1575 916 Maece-

878 941 959 970 nas,
1003 934 1037 964 et
1071 931 1183 972 qualis
1221 933 1279 964 tibi
1316 942 1395 965 esse
1431 934 1571 970 videor,

878 982 980 1013 morti
999 991 1059 1014 ero
1076 982 1269 1014 obnoxius»
1285 993 1291 1019 3
1318 984 1473 1023 itemque
1487 983 1551 1014 alia
1566 994 1570 1013 z

879 1040 1005 1071 «quem
1047 1033 1082 1063 tu
1122 1033 1199 1063 ioco
1246 1031 1372 1064 saltem
1422 1032 1572 1064 libertini

878 1079 987 1112 filium
1002 1089 1130 1112 vocare
1148 1080 1275 1112 soles.»
1302 1081 1478 1113 Violenter
1495 1091 1574 1113 rur—

864 1138 936 1161 sus
961 1132 995 1161 et
1019 1132 1138 1161 contra
1158 1131 1265 1170 ipsius
1283 1132 1386 1162 metri
1402 1132 1573 1163 rationem

876 1178 932 1209 alii
957 1187 1039 1210 cum
1063 1178 1264 1211 Scholiastis
1289 1180 1489 1212 distrahunt
1513 1190 1570 1211 vv.

877 1229 927 1259 sie
945 1238 950 1258 :
976 1237 1072 1267 quem
1094 1237 1192 1259 vocas
1214 1230 1357 1269 Dilecte,
1383 1231 1570 1269 Maecenas.

877 1277 911 1308 id
936 1279 1000 1315 est,
1027 1279 1065 1308 ut
1088 1278 1328 1309 contendunt:
1357 1288 1486 1319 «quenl
1518 1282 1572 1317 tu,

878 1326 1063 1358 Maecenas
1074 1321 1084 1365 ‚'
1108 1326 1200 1358 soles
1225 1327 1415 1367 appellare,
1442 1328 1573 1360 Dilecto

878 1375 1037 1413 llorati‚»
1063 1374 1141 1406 vel:
1177 1384 1306 1416 «quem
1330 1378 1366 1408 tu
1390 1386 1495 1409 vocas
1520 1378 1574 1409 (li-

876 1422 1047 1462 leetum,»
1074 1424 1118 1455 ad
1143 1434 1250 1465 quam
1275 1427 1574 1458 constructionem

877 1473 1138 1506 defendendam
1162 1474 1242 1506 inde
1267 1475 1311 1506 ab
1329 1476 1498 1508 Ascensio
1516 1476 1575 1507 ad-

876 1524 1003 1554 vocant
1025 1524 1140 1555 Lucae
1158 1524 1189 1562 6,
1208 1524 1270 1556 46:
1302 1525 1345 1556 Τι’
1359 1535 1409 1565 με
1426 1524 1573 1557 καλεῖτε

876 1569 1006 1617 κύριε,·
1036 1574 1221 1613 praeterea
1245 1573 1343 1604 Ovid.
1370 1576 1447 1606 Am.
1474 1576 1510 1613 1,
1540 1576 1571 1613 ’7,

878 1622 936 1653 1¹9:
965 1622 1044 1661 Quis
1065 1622 1145 1653 milii
1167 1632 1233 1653 ‘non
1249 1624 1395 1662 clemens,
1422 1625 1495 1663 quis
1510 1634 1574 1656 non

875 1671 955 1702 mihi
978 1671 1120 1703 barbare
1143 1672 1257 1703 davit?
1279 1672 1342 1703 Alii
1360 1672 1405 1704 ad
1422 1674 1571 1705 miseras

877 1721 1098 1752 coniecturas
1123 1722 1376 1762 confugerunt:
1403 1731 1574 1762 quemve-

876 1774 970 1809 cant,
1007 1779 1038 1809 q.
1064 1775 1198 1811 notant,
1235 1781 1266 1811 q.
1291 1772 1398 1812 foves,
1425 1782 1456 1811 q.
1483 1777 1575 1804 velas

877 1819 951 1852 scil.
979 1819 1089 1851 obire.

919 1870 949 1901 8.
997 1870 1115 1910 Scyqia
1130 1888 1148 1892 -
1163 1870 1270 1911 unda]
1323 1880 1413 1911 quae
1452 1872 1574 1903 cohibet

877 1919 1028 1958 animas,
1066 1919 1218 1950 reditum
1250 1921 1384 1952 vetans.
1434 1922 1573 1953 Lucceii

876 1969 1035 2009 Epitaph.
1051 1970 1146 2000 Poet.
1162 1970 1246 2000 min.
1263 1970 1425 2001 Wernsd.
1443 1971 1474 2009 3,
1489 1971 1570 2002 290:

876 2019 950 2049 Non
980 2027 1038 2058 eqo
1069 2018 1247 2049 Tartareas
1267 2020 1449 2057 penetrabo
1472 2021 1574 2051 tristis

878 2068 923 2097 ad
944 2067 1051 2097 undas
1073 2084 1089 2088 -
1109 2085 1127 2089 -
1149 2068 1234 2098 atris
1259 2068 1330 2098 Non
1356 2069 1473 2099 errabo
1496 2070 1574 2101 laets

877 2126 935 2148 nec
965 2116 1134 2147 cohibebor
1165 2117 1270 2155 aquis.
1320 2118 1417 2149 Cons.
1448 2119 1509 2149 Od.
1540 2119 1570 2157 3,

878 2165 918 2204 4,
948 2166 1001 2196 80.

922 2216 953 2246 9.
991 2215 1153 2255 residunt]
1195 2215 1316 2247 «Pellis
1351 2225 1476 2256 aspera
1512 2218 1571 2254 tit;

879 2264 963 2296 dum
982 2265 1074 2296 enim
1093 2274 1194 2296 crura
1212 2266 1365 2297 humana
1386 2268 1574 2298 extenuan-

880 2317 935 2346 tur
959 2316 993 2346 et
1022 2323 1241 2353 eyeneorum
1274 2314 1421 2346 formam
1447 2316 1571 2347 exilem

879 2363 1043 2401 induunt,
1086 2372 1232 2394 necesse
1269 2366 1340 2403 est,
1395 2367 1430 2395 ut
1465 2366 1571 2401 cutis,

880 2422 968 2453 quae
999 2412 1162 2444 mollibus
1193 2415 1272 2444 ante
1297 2424 1337 2445 ae
1362 2414 1574 2446 succulentis

878 2462 1036 2503 partibus
1073 2463 1211 2494 inducta
1246 2464 1375 2501 luerat,
1413 2464 1465 2494 his
1490 2473 1574 2494 eva-

881 2512 1106 2544 nescentibus
1129 2513 1293 2547 subsidat.
1325 2513 1465 2544 ossibus
1492 2522 1574 2553 pro-

880 2563 957 2603 pius
989 2562 1240 2598 admmeatur,
1277 2571 1438 2602 quaeque
1471 2565 1572 2593 antea

879 2610 1035 2652 plenior(¹
1050 2621 1199 2651 corpore
1215 2614 1356 2642 extensa
1374 2613 1460 2648 erat,
1481 2621 1572 2643 nun«-v

880 2661 1123 2697 contrahatur,
1162 2661 1323 2700 adeoquo
1359 2670 1501 2700 aspera,
1540 2662 1570 2691 id

881 2712 944 2744 ost,
965 2719 1088 2749 rugosa
1109 2711 1268 2741 exaniat.»
1288 2712 1424 2742 Mirseu.
1453 2711 1570 2751 (Netum
