1997 3219
275 125 355 166 ‚¹556
785 129 952 161 llORATll
979 129 1199 162 CARMINUM

270 222 427 260 primam,
455 230 561 262 quam
587 223 727 253 Romani
754 223 1025 263 reportaverint,
1052 232 1093 254 ex
1119 232 1187 263 quo
1212 222 1380 255 Hannibal
1407 224 1437 255 in
1457 222 1586 255 ltaliam
1606 226 1709 256 xenit.

274 277 377 316 Atqui
394 279 529 308 constat
546 287 586 309 ex
603 278 771 316 historiis,
792 278 860 309 iam
877 288 908 309 a.
928 286 961 310 u.
982 287 1011 310 c.
1031 278 1104 310 539.
1125 280 1160 310 ct
1176 278 1314 311 duobus
1331 279 1561 320 sequentibus
1579 281 1712 311 Poenos

274 341 291 363 a
318 333 359 364 M.
388 332 531 364 Claudio
556 332 716 365 Marcello
739 335 901 374 praetore
926 333 1018 375 apud
1051 333 1171 366 Nolam
1197 335 1302 367 l'uissc
1326 335 1539 376 profligatos.
1588 335 1712 367 Clades

274 390 367 430 apud
392 391 586 421 Metaurum
618 390 743 420 accidit
767 398 798 420 a.
825 398 860 421 u,
887 399 918 421 c.
946 390 1020 422 54-7.
1069 390 1252 423 Marcellus
1276 391 1388 431 prima
1413 392 1556 423 victoria
1583 391 1711 422 Nolana

274 444 391 476 docuit
417 444 645 476 Hannibalem
669 445 759 476 vinei
784 454 905 486 posse,
934 454 1046 486 caque
1071 455 1129 478 res
1154 447 1333 485 Romanis,
1361 447 1403 478 dc
1429 456 1466 478 re
1484 456 1621 479 summa
1639 447 1712 478 sere

275 501 341 532 iam
377 500 664 541 desperantibus,
708 502 862 532 animum
896 501 1058 533 reddidit.
1110 503 1230 542 Itaque
1265 502 1418 534 historici
1454 502 1528 534 dies
1562 502 1712 534 Nolanos

272 555 389 588 multis
425 555 586 588 laudibus
621 556 900 588 celebraverunt.
955 558 1026 589 Liv.
1059 557 1116 597 23,
1157 558 1207 589 16.
1238 557 1352 590 Valer.
1384 559 1471 590 Max.
1499 559 1534 597 l,
1572 559 1603 590 6.
1651 560 1713 590 At—

272 620 341 651 que
372 613 434 643 ista
466 612 608 643 victoria
639 611 768 644 Nolana
799 614 868 645 tam
900 613 1027 644 erebro
1052 615 1087 645 et
1117 615 1214 653 grato
1239 614 1395 646 omnium
1420 623 1584 646 sermone
1608 624 1713 647 usur—

271 667 439 708 pabatur,
481 669 519 699 ut
553 668 812 708 propemodum
847 677 904 701 res
939 670 973 700 in
1007 668 1234 709 proverbium
1271 668 1405 701 abierit.
1456 670 1527 702 Cic.
1558 671 1652 701 Brut.
1679 670 1709 701 3.

273 723 475 763 Hieronym.
502 724 564 764 Ep.
591 724 644 755 7.»
688 724 754 755 ΗΡ.

357 779 503 817 Verum,
529 780 567 810 ut
590 787 680 819 quae
705 779 859 811 historici
883 781 964 811 sunt
986 781 1182 820 argumenti
1206 781 1239 812 in
1264 780 1330 812 hac
1354 780 1578 812 adnotatione
1596 783 1710 812 omnia

273 834 526 873 concedamus,
554 835 673 874 quidni
698 835 877 873 Horatius,
904 835 989 866 dum
1014 835 1176 868 Claudios
1200 837 1359 868 Nerones
1383 837 1547 877 patricios
1565 838 1712 869 summis

271 889 433 922 laudibus
458 889 605 928 extollit,
632 891 676 922 M.
704 889 888 922 Claudium
912 890 1114 923 Marcellum
1138 891 1315 932 plebeium
1339 892 1575 932 praeteriens,
1607 902 1712 933 prac-

272 945 403 977 claram
438 944 531 977 illam
565 946 747 977 victoriam
778 955 796 978 a
830 947 866 978 C.
895 945 1039 978 Claudio
1071 948 1208 978 Nerone
1241 957 1284 978 ex
1316 947 1534 980 Hasdrubale
1566 947 1712 980 relatam

272 1002 424 1042 primam
454 1000 511 1033 tali
540 1002 681 1033 nomine
710 1011 794 1033 vere
819 1002 960 1042 dignam
982 1011 1110 1034 vocare
1136 1004 1314 1044 potuerit?
1359 1004 1459 1045 Apud
1483 1005 1624 1045 poetam
1649 1013 1712 1036 au—

273 1058 344 1088 tem
368 1056 517 1097 lyricum
540 1057 574 1088 in
598 1057 842 1089 huiuscemodi
866 1057 1037 1099 exemplis
1062 1067 1104 1090 ex
1119 1059 1342 1099 antiquitate,
1368 1068 1438 1090 non
1455 1069 1496 1090 ex
1512 1061 1709 1100 praesentia

272 1113 426 1153 repetitis
450 1113 602 1144 historici
627 1114 805 1154 scriptoris
830 1115 1088 1146 accurationem
1120 1123 1263 1156 semper
1291 1115 1472 1156 requirere
1502 1124 1627 1148 sanum
1659 1116 1712 1147 in—

272 1169 463 1209 terpretem
487 1167 608 1207 valde,
635 1170 773 1210 opinor,
800 1170 961 1202 dedecet.
1418 1160 1422 1164 ¹

672 1363 1159 1400 ExcURSUS
1211 1365 1294 1400 ln.

839 1465 889 1494 AD
913 1473 968 1494 vv.
996 1463 1135 1495 61-61.

357 1545 452 1576 Hanc
475 1544 656 1585 stropham
679 1544 722 1576 ab
748 1544 896 1577 Hosman
918 1543 1159 1585 Peerlkampio
1183 1553 1252 1575 non
1279 1544 1519 1575 addubitatum
1543 1553 1606 1585 pro
1623 1544 1708 1575 sub—

271 1600 375 1632 ditiva
391 1600 513 1631 habuit
529 1601 597 1631 iam
616 1602 652 1632 C.
673 1602 708 1632 L.
728 1601 867 1639 Struve,
887 1600 1066 1641 professor
1082 1600 1391 1639 Regiomontanus‚
1412 1600 1444 1630 in
1463 1600 1706 1640 scriptiuncula

271 1656 313 1687 ad
340 1658 376 1687 G.
404 1657 438 1688 L.
466 1656 691 1688 Klausenium
722 1656 816 1687 4836.
843 1656 965 1687 missa:
1003 1655 1047 1687 ab
1084 1656 1194 1687 otioso
1231 1656 1324 1686 enim
1359 1655 1592 1687 Grammatico
1629 1664 1707 1687 eam

270 1711 478 1743 inculcatam
503 1721 600 1751 esse,
633 1712 690 1751 qui
715 1712 820 1743 animi
845 1720 950 1743 causa
974 1712 1024 1742 sic
1049 1711 1189 1751 Hydrae
1215 1713 1249 1742 et
1271 1709 1453 1756 Σπαρτῶν
1478 1711 1610 1743 fabulas
1636 1713 1707 1742 tra-

270 1769 364 1798 ctare
389 1767 547 1798 x‘oluerit„
590 1768 710 1806 (Nemo
727 1768 846 1798 autem
863 1767 1016 1798 atrocius
1040 1767 1072 1798 in
1091 1768 1156 1798 hoc
1175 1776 1315 1798 carmen
1335 1769 1512 1806 grassatus
1528 1769 1581 1799 est
1601 1776 1707 1807 quam

270 1824 391 1856 Martin
415 1824 464 1854 Dc
487 1823 611 1861 aliquot
633 1823 763 1854 Horatii
787 1822 994 1854 Carminibus
1012 1824 1152 1863 (Posen‚
1180 1821 1287 1862 4844.)
1313 1831 1347 1862 p.
1377 1823 1418 1854 Xl
1448 1831 1515 1862 sq„
1555 1824 1613 1863 qui
1638 1832 1705 1854 non

270 1878 382 1910 solum
402 1888 481 1910 cum
499 1878 739 1918 Peerlkainpio
759 1886 879 1909 versus
896 1879 926 1909 ⁵2.
946 1878 977 1909 3.
997 1877 1027 1909 4.
1047 1878 1077 1909 6.
1098 1878 1212 1910 118-22.
1234 1877 1348 1910 44-71-8.
1369 1878 1499 1916 7:3-76.,
1519 1878 1581 1910 scd
1600 1879 1705 1910 etiam

270 1944 323 1965 w.
350 1935 465 1965 (ΞΩ-36.
492 1934 607 1965 65-08.
635 1933 823 1965 eliciendos
849 1933 994 1973 censet.)

354 1992 443 2021 Sane
479 1989 629 2021 notabile
666 1991 717 2021 est
753 1998 875 2021 versus
910 1991 989 2021 ante
1026 1990 1191 2020 Criticum
1229 1988 1435 2021 Leidensem
1466 1990 1546 2021 huic
1570 1990 1624 2022 vol
1660 1989 1704 2022 illi

268 2048 470 2087 suspectos,
499 2047 614 2078 Carni.
635 2046 670 2084 3,
700 2046 755 2084 217.
783 2046 854 2077 5-8.
876 2045 911 2083 1,
939 2045 975 2082 l.
1003 2045 1132 2083 48-22„
1160 2045 1295 2084 itidem,
1323 2044 1705 2086 utlios,1n3·tliologici

269 2111 347 2133 esse
372 2102 565 2142 argumenti
584 2103 623 2133 'et
655 2103 728 2134 sine
754 2110 880 2141 magno
910 2102 1105 2132 carminum
1129 2100 1339 2132 detrimento
1364 2099 1471 2131 deleri
1499 2109 1615 2141 posse.
1664 2103 1706 2132 At.

271 2168 352 2189 xero
386 2159 537 2189 1111100111
569 2167 647 2189 sese
679 2157 888 2196 defendunt,
927 2165 1006 2188 cum
1036 2156 1273 2187 demonstrent
1312 2156 1440 2187 Horatii
1477 2165 1612 2187 111010111
1640 2156 1702 2197 (alii

268 2215 382 2246 (licent
410 2214 538 2253 xillum)
564 2214 686 2250 tuisse,
724 2212 1034 2245 Alexandrinorum
1060 2220 1168 2253 prope
1194 2213 1258 2242 ritu
1283 2212 1314 2242 in
1340 2211 1417 2242 talia
1443 2212 1616 2243 interdum
1643 2221 1703 2243 ex-

269 2270 447 2310 spatiandi.
477 2269 544 2300 (ll'r.
572 2270 676 2301 ctiam
702 2269 953 2300 Wuestemann
979 2268 1021 2299 ad
1051 2268 1167 2299 llorat.
1195 2268 1261 2298 Sat.
1289 2268 1324 2299 2.
1358 2268 1388 2301 t,
1415 2267 1466 2297 135.
