1997 3219
311 182 390 223 706

845 179 1013 211 llORATII
1037 178 1204 210 EPODON

477 284 720 327 Fervidiore
753 296 872 325 mero
906 296 1062 325 areana
1093 289 1308 338 promorat
1341 282 1446 324 loco.

422 365 583 417 Quodsi
617 364 723 407 ineis
755 365 967 419 inaestuet
997 362 1262 419 praecordiis
1700 360 1744 401 15

476 446 628 488 Libera
658 444 773 494 bilis,
807 450 852 486 ut
882 444 988 486 haee
1019 443 1180 499 ingrata
1211 443 1346 485 ventis
1377 442 1536 484 dividat

420 529 621 569 Fomenta
651 525 801 568 volnus
832 524 888 566 nil
919 520 1076 566 malum
1108 523 1314 572 levantia,

474 608 651 650 Desinet
680 605 912 663 imparibus
944 611 1109 648 certare
1140 610 1375 647 summotus
1406 603 1559 660 pudor.

422 688 498 731 Ubi
530 687 636 730 haec
666 700 843 729 severus
875 692 914 728 te
947 685 1085 742 palam
1117 684 1414 733 laudaveram,

396 831 446 863 li..
475 831 668 862 Fervtctz’ora
692 828 848 860 Aldinae.
878 847 912 851 —
951 830 1002 860 15.
1028 830 1194 860 inaestuat
1217 828 1274 860 be.
1304 846 1338 850 —
1372 828 1424 859 2¹6.
1449 831 1563 858 ventus
1587 826 1697 859 Codd.

352 881 456 922 aliq.,
487 881 589 912 Venus
612 881 700 911 Pott.
727 880 762 917 i,
789 878 825 917 3,
852 878 905 910 22.
934 879 985 919 (Ut
1009 886 1097 916 nos,
1124 878 1257 916 nostri.)
1281 896 1314 911 ,-
1343 878 1394 908 ¹17.
1421 877 1598 909 allerantia
1624 885 1704 908 cum

349 931 458 963 Codd.
485 929 563 971 aliq.
591 929 792 961 Glareanus.
825 945 857 950 —
887 927 1059 967 inparibus
1083 928 1127 959 T.

308 1068 420 1099 omnis
444 1065 657 1098 verecundia
687 1064 870 1097 elabitur.»
907 1064 1000 1095 Con·
1056 1062 1159 1094 Verba
1181 1063 1291 1103 ferunt
1318 1064 1384 1094 cet.
1426 1063 1507 1093 Her.
1528 1063 1587 1101 45,
1614 1062 1693 1094 208:
1720 1066 1749 1093 eL

308 1118 452 1148 trarium
470 1124 533 1147 suo
558 1115 635 1147 loeo
652 1116 705 1147 est
728 1114 791 1146 Od.
813 1114 824 1144 4
843 1139 848 1152 ,
874 1114 934 1152 ⁶27,
961 1113 998 1144 3:

305 1167 589 1205 verecundzmque
622 1164 796 1196 Bacchum.
835 1179 869 1185 —
908 1162 999 1203 loco]

308 1225 371 1247 «ex
395 1216 516 1246 intimo
535 1215 671 1252 animo,
697 1213 758 1244 ubi
782 1213 853 1244 mei
871 1212 1001 1244 amoris

307 1273 434 1296 arcana
459 1263 598 1295 condita
623 1263 755 1294 erant.»

352 1314 486 1345 45-48.
524 1313 695 1352 inaestuet]
731 1311 1000 1350 «incandescat,

308 1364 484 1394 commota
513 1362 648 1394 fuerit.»
675 1363 795 1393 Senon
825 1379 860 1383 —
885 1361 1004 1392 Libera

308 1412 389 1453 bilis]
418 1412 526 1453 Epod.
554 1411 591 1452 4,
620 1411 675 1442 40:
706 1410 891 1441 Liberrima
915 1410 1004 1440 ‘incli—

306 1462 430 1503 quatio.
455 1477 489 1483 —
511 1462 605 1492 «Hoc
630 1460 692 1493 uhi
710 1461 791 1491 tune
808 1459 924 1491 dicere
943 1468 1003 1491 so-

307 1510 444 1542 lebam:
484 1510 614 1549 Quodsi
640 1508 826 1549 aliquando
857 1510 928 1540 tam
961 1507 1003 1539 li—

307 1561 392 1592 bera
425 1559 659 1599 indignatione
689 1560 794 1598 atque
823 1557 1003 1589 iracundia

308 1618 495 1648 exarsero,
522 1610 560 1640 ut
576 1608 752 1640 exsecrari
777 1608 850 1648 ipse
868 1607 1002 1648 possim

307 1667 415 1690 vanas
453 1666 535 1698 spes
575 1658 609 1689 et
651 1655 832 1697 querelas,
873 1655 1002 1695 quibus

309 1707 414 1739 veluti
450 1707 612 1738 lomentis
648 1706 744 1745 gravi
784 1705 914 1736 amoris
950 1705 1003 1735 In-

308 1757 416 1789 felicis
449 1755 583 1787 volneri
613 1754 749 1786 mederi
782 1754 908 1785 frustra
939 1753 1003 1784 ad-

308 1807 377 1837 hue
402 1807 548 1837 conatus
577 1813 673 1842 sum,
701 1804 817 1843 itaque
843 1811 923 1840 eas,
951 1804 1005 1833 ut-

309 1858 389 1897 pote
415 1854 497 1886 nihil
526 1863 582 1885 me
613 1854 790 1890 iux-antes,
823 1852 857 1883 in
882 1854 1004 1883 ventos

309 1906 529 1946 dispergam,
567 1904 626 1943 qui
663 1911 722 1934 eas
756 1910 878 1933 secum
906 1902 1006 1933 ause-

308 1957 405 1993 rant,
431 1954 480 1985 sie
506 1953 664 1984 Inachiae
683 1950 888 1992 superbiam
906 1951 1006 1982 dete-

311 2006 421 2035 status
465 2011 542 2034 eam
587 2010 706 2033 amare
749 2000 893 2031 tandem
942 2000 1006 2031 de-

309 2054 456 2085 sinam.»
475 2069 509 2074 —-
536 2050 682 2092 ingrata]
710 2057 898 2090 «quorum,
925 2049 1004 2089 quia

311 2103 436 2134 trustra
461 2101 602 2132 admota
631 2101 727 2137 sunt,
754 2107 811 2130 me
840 2098 908 2129 iam
930 2099 1005 2130 tae-

311 2152 371 2183 det
404 2151 604 2191 pigetque.»
657 2150 730 2180 Non
767 2149 853 2179 tam:
896 2146 1005 2178 «nihil

311 2201 440 2241 gratiae
469 2199 562 2240 apud
595 2198 771 2230 Inachiam
806 2196 1004 2234 habentia»,

311 2252 348 2281 ut
374 2248 445 2280 volt
476 2247 610 2286 Schol.‚
647 2254 770 2290 quam:
813 2245 915 2277 «nihil
949 2254 1004 2277 me

313 2299 482 2336 iuvantia,
538 2297 668 2334 inania,
720 2303 983 2336 supervacanea
998 2320 1004 2333 ,

311 2344 535 2393 ἀχάριστα.»
588 2345 720 2377 Gallim.
759 2345 836 2376 Cer.
865 2344 921 2376 90:
960 2340 1006 2375 τὰ

311 2397 340 2429 δ’
372 2398 410 2437 ἐς
444 2394 567 2436 βυθὸν
601 2391 664 2427 οἷα
690 2391 892 2436 θαλάσσης
912 2390 1008 2425 Ἄλε-

311 2445 440 2489 μάτως
456 2442 648 2491 ἀχάριστα
663 2439 872 2489 κατὲςῗςῧεεν.
898 2442 1004 2475 l‘laul.

314 2498 408 2529 Asin.
430 2498 440 2527 l
460 2522 466 2535 ,
488 2497 522 2534 2,
544 2496 601 2527 «202
628 2496 769 2535 Iussi-aia
792 2497 889 2532 alque
909 2493 1007 2523 irrita

313 2555 378 2577 esse
405 2545 517 2577 omnia
546 2544 699 2585 inlelligso.
731 2561 764 2564 —
793 2543 896 2573 ventis
923 2542 1008 2572 clini-

313 2595 379 2635 dal]
407 2595 460 2626 «in
478 2602 580 2625 auras
598 2593 786 2634 dispergat,
814 2590 907 2622 nihili
925 2600 1009 2632 pon-

313 2645 405 2675 dat.»
457 2645 567 2675 (hiim.
602 2644 659 2674 Cn.
698 2641 758 2672 Od.
800 2641 835 2677 Ἰ,
873 2640 931 2675 26,
970 2641 1007 2670 sl:

313 2693 479 2724 trislitiam
492 2710 509 2715 -
530 2693 672 2722 Tradunt
687 2709 704 2713 -
724 2691 861 2721 Portare
894 2689 1007 2720 veniis.

1051 1112 1189 1151 Zephyri
1226 1112 1325 1144 verba
1369 1112 1496 1143 caduca
1532 1111 1672 1152 ferunt?
1712 1130 1745 1134 —

1052 1161 1226 1201 Fomenta]
1258 1161 1401 1202 Proprie
1420 1161 1504 1192 ’hoc
1528 1160 1746 1192 medicorum

1052 1209 1226 1241 vocabulo
1283 1209 1295 1250 (
1309 1210 1480 1249 Vei-band,
1542 1209 1748 1250 Umschliiqe)

1052 1267 1138 1290 usus
1175 1260 1226 1290 est
1261 1260 1347 1300 Epp.
1381 1260 1419 1297 ¹1,
1445 1260 1481 1297 2,
1508 1260 1564 1291 52:
1603 1259 1749 1299 fomenta

1048 1309 1255 1348 pedam-am,
1282 1308 1426 1348 figurate
1451 1317 1574 1340 rursus
1597 1309 1684 1349 Epp.
1712 1309 1746 1347 4,

1053 1358 1091 1397 3,
1110 1358 1169 1389 ‘262
1207 1364 1367 1389 curarum
1382 1358 1543 1398 fomenta,
1572 1357 1749 1389 «remedia

1054 1408 1088 1438 et
1125 1405 1286 1438 solatia.»
1342 1407 1512 1447 Doering:
1568 1407 1666 1438 «haec
1696 1408 1750 1447 fo—

1052 1459 1179 1495 menta,
1216 1454 1365 1496 intellige
1395 1464 1513 1496 spem,
1551 1464 1640 1496 quae
1675 1457 1750 1488 eius

1054 1506 1087 1536 in
1111 1505 1289 1536 Inachiam
1314 1513 1473 1536 amorem
1498 1505 1612 1536 adhue
1639 1506 1751 1537 nutri-

1053 1556 1171 1591 verat3
1209 1556 1414 1595 speraverat
1449 1555 1542 1586 enim
1579 1554 1675 1593 fore,
1713 1557 1752 1587 ut

1054 1604 1191 1634 Inachia
1229 1603 1417 1634 candidum
1455 1604 1621 1644 pauperis
1651 1605 1750 1644 inge-

1054 1653 1150 1684 nium
1177 1652 1339 1683 ditiorum
1366 1651 1573 1683 muneribus
1590 1653 1750 1693 praeser-

1054 1703 1141 1732 τοι.»
1195 1702 1309 1740 Longe
1344 1701 1504 1741 pinguius
1539 1701 1626 1732 HR:
1666 1703 1750 1733 «Fo-

1053 1754 1162 1782 menta
1180 1752 1260 1782 sunt
1280 1751 1353 1790 ipsa
1371 1750 1544 1789 convivia,
1571 1750 1747 1790 solatium,

1055 1800 1149 1841 quod
1180 1809 1221 1831 ex
1254 1800 1421 1831 conviviis
1457 1798 1618 1840 petebat,
1659 1809 1749 1841 quae

1056 1851 1099 1882 ad
1139 1858 1298 1881 amorem
1343 1848 1547 1890 pellendum
1590 1849 1751 1881 celebra-

1056 1900 1148 1931 bat.»
1192 1900 1323 1930 Verum
1357 1898 1536 1939 quomodo
1569 1901 1751 1940 compota—

1056 1950 1168 1981 tiones
1191 1949 1295 1980 ventis
1318 1949 1442 1980 diuidat
1466 1948 1615 1989 aliquis?
1638 1950 1750 1980 Immo

1056 2000 1137 2031 sunt
1180 1997 1447 2030 lamentationes
1495 1997 1538 2029 de
1589 1998 1750 2030 Inachiae

1056 2046 1279 2085 crudelitate,
1307 2046 1434 2087 quibus
1468 2047 1537 2078 iam
1570 2047 1750 2078 renuntia-

1056 2097 1174 2127 turum
1198 2104 1236 2127 se
1262 2096 1445 2136 profitetur
1468 2097 1583 2136 poeta.
1612 2113 1647 2118 —
1684 2097 1752 2128 De-

1056 2145 1137 2176 sinet
1154 2145 1234 2184 cet]
1262 2146 1389 2184 «Iam»,
1416 2145 1543 2184 inquit,
1571 2144 1752 2176 «desinam

1057 2197 1193 2226 certare
1228 2203 1308 2226 cum
1351 2193 1533 2233 rivalibus,
1575 2195 1634 2234 qui
1667 2195 1751 2225 mihi

1057 2245 1194 2285 ingenio
1219 2246 1313 2275 certe
1341 2244 1388 2284 (v,
1416 2244 1486 2284 42.)
1512 2244 1672 2283 impares,
1698 2244 1752 2275 in-

1058 2293 1202 2325 feriores
1236 2302 1343 2333 quam
1368 2302 1431 2333 ego
1448 2294 1603 2333 sunt,(ut
1626 2293 1751 2324 dicitur

1056 2352 1174 2384 {seuere
1191 2344 1312 2382 impar,
1338 2343 1424 2374 nicht
1448 2342 1651 2383 ebenbu'rliy,
1679 2343 1753 2382 qui-

1059 2393 1124 2424 bus
1150 2393 1286 2433 ingenio
1323 2394 1358 2424 et
1389 2389 1519 2437 χάρισι
1560 2391 1661 2431 longe
1691 2400 1753 2423 su-

1059 2443 1175 2483 perior
1191 2442 1294 2481 sum),
1320 2442 1431 2481 iisque
1448 2440 1635 2479 Inachiam,
1662 2449 1752 2481 quae

1060 2500 1116 2523 me
1130 2492 1315 2531 aspernata
1334 2492 1398 2529 est,
1418 2489 1507 2521 ultro
1522 2489 1751 2521 concedam.»

1060 2541 1194 2573 Certarc
1217 2540 1317 2570 alicui
1343 2539 1433 2570 haud
1458 2547 1536 2569 raro
1560 2538 1654 2579 apud
1671 2541 1753 2579 poe-

1062 2591 1112 2620 las
1137 2588 1322 2619 invenitur.
1364 2589 1433 2619 Sat.
1460 2588 1497 2626 ¹2,
1524 2588 1563 2625 5,
1591 2588 1646 2618 1¹0:
1679 2595 1752 2618 cet·—

1061 2642 1134 2670 lwzs
1145 2656 1159 2661 -
1171 2637 1367 2669 melioribus.
1388 2636 1464 2668 Vid.
1476 2636 1520 2668 ad
1534 2636 1641 2677 Epod.
1655 2636 1686 2674 2,
1697 2636 1748 2666 ΞΟ.

1064 2687 1281 2719 Reiiciendae
1316 2687 1434 2718 autem
1468 2687 1606 2717 ceterae
1646 2685 1752 2719 inter-

314 2741 408 2772 Ovid.
438 2742 515 2773 Met.
536 2742 577 2779 8,
600 2740 659 2771 11:34-
678 2750 682 2769 2
720 2749 763 2770 (ιη
787 2739 902 2769 ιήαηὶα
927 2738 1012 2769 venti
1065 2737 1290 2777 prolationes:
1313 2736 1339 2775 i)
1358 2743 1458 2766 «eum
1472 2733 1636 2766 r1valibus
1650 2733 1749 2769 meis,
