1997 3219
804 176 971 207 llORA'l‘ll
998 176 1021 205 (Σ

1027 175 1218 207 ΑΒΜΙΝΙΙΜ

520 279 696 321 Xanthia
729 278 919 320 Phoceu!
954 278 1074 319 Prius
1108 277 1355 320 insolentem

521 360 654 401 Serva
685 359 844 400 Briseis
876 358 1000 400 nix-00
1032 358 1174 400 colore

694 438 821 480 Movit
852 437 1054 480 Achillem
1070 453 1077 487 ;

518 545 643 586 Movit
673 544 843 585 Aiacem
875 543 1100 586 Telamone
1131 536 1274 585 natum
1701 544 1724 583 ὃ

518 627 668 667 Forma
698 623 891 680 captivae
923 623 1141 666 dominum
1173 625 1447 673 Tecmessae,

517 706 626 747 Arsit
656 704 822 747 Atrides
847 704 996 746 'medio
1028 704 1069 745 in
1099 704 1312 760 triumpho

683 785 853 841 Virgine
885 792 1004 841 rapta
1017 819 1023 833 ,

514 891 730 934 Barbarae
753 897 990 947 postquam
1021 889 1219 932 cecidere
1250 897 1413 932 turmae

378 1007 406 1036 ’2.
432 1005 595 1036 Xanechia
619 1006 653 1036 T.

334 1099 363 1128 2.
392 1097 588 1137 insolentem]
614 1098 652 1128 A.
672 1099 706 1128 P.
728 1097 806 1128 422:
833 1095 983 1127 Achilles

288 1147 369 1177 Iura
392 1150 484 1187 neget
507 1146 566 1177 sibi
590 1149 687 1185 itata,
721 1146 803 1177 nihil
830 1154 896 1176 ηοη
923 1154 984 1175 αν-

287 1199 381 1236 roget
396 1196 510 1227 armis.
542 1196 729 1236 Egregium
745 1196 864 1226 autem
880 1194 984 1225 huius

289 1244 492 1276 insolentiae
523 1243 726 1285 exemplum
756 1243 838 1275 olim
865 1245 983 1275 exsta-

286 1294 347 1326 bat
383 1294 415 1325 in
448 1295 640 1326 Aristarchi
675 1294 795 1334 tragici
827 1292 980 1332 Achille,

287 1343 347 1374 ubi
370 1344 417 1374 ita
440 1342 589 1383 loquens
613 1343 864 1375 inducebatur:
897 1343 982 1374 Sile-

288 1397 380 1431 teque
403 1397 432 1424 et
455 1397 557 1425 tacete
580 1396 679 1432 atque
699 1394 848 1424 animam
865 1393 983 1424 adver-

289 1444 364 1480 tite,·
405 1442 529 1474 Audire
567 1452 624 1474 vos
661 1443 748 1474 iubet
786 1443 979 1482 imperator.

287 1491 396 1523 Plaut.
422 1493 528 1523 Poen.
555 1492 644 1524 Prol.
668 1493 741 1524 init.
770 1510 805 1514 -—
831 1493 871 1523 V.
888 1493 983 1531 prius

286 1542 439 1582 pertinet
470 1541 514 1572 ad
538 1542 647 1573 totam
672 1543 775 1573 istam
799 1541 982 1582 exemplo-

286 1599 366 1622 rum
400 1591 548 1622 seriem:
588 1592 686 1622 «Iam
721 1589 803 1622 olim
834 1591 915 1622 ante
947 1591 980 1621 te

286 1640 414 1672 heroes
431 1639 635 1671 ancillarum
647 1639 828 1671 amoribus
840 1639 983 1671 obnoxii

287 1688 471 1727 suerunt»;
505 1698 576 1721 non
599 1698 700 1721 vero:
721 1690 820 1728 prius
839 1689 982 1720 insolen-

285 1742 368 1778 tem,
395 1740 606 1779 «antequam
629 1738 786 1770 Briseida
811 1740 978 1771 amaret.»

287 1788 354 1819 Sed
378 1788 412 1819 in
437 1788 504 1819 hoc
521 1788 598 1828 ipso
615 1788 707 1819 inest
723 1797 861 1819 summa
877 1789 980 1820 huius

286 1838 450 1869 carminis
468 1837 646 1875 festivitas,
673 1837 769 1877 quod
786 1837 883 1877 fingit
898 1838 983 1869 ami-

286 1896 368 1918 cum
413 1886 519 1918 veluti
564 1887 714 1918 heroicis
759 1886 981 1927 temporibus

286 1945 405 1967 amare
446 1936 632 1977 eaptixam.
676 1954 711 1957 —
753 1935 860 1967 Simili
899 1945 980 1968 curn

285 1986 456 2030 εἰρωνεία
484 1986 546 2016 Dio
572 1985 754 2025 Chrysost
781 1985 837 2016 Or
865 1986 916 2016 ¹5.
944 1994 977 2026 p

285 2035 348 2067 446
365 2036 423 2067 R.:
450 2030 502 2067 Οὐ
522 2029 677 2066 :cthitol²
673 2032 876 2075 Αθηναίων
894 2044 982 2076 συγ-

284 2085 453 2127 γίνονται
482 2083 527 2115 θε
510 2084 730 2140 εραπαίναις
760 2080 906 2122 αὐτῶν,
943 2084 983 2115 οἱ

283 2134 354 2175 μέν
378 2143 474 2173 τινες
495 2130 646 2190 κρύφα,
680 2133 719 2164 οἱ
747 2131 787 2165 δὲ
810 2133 875 2164 καὶ
901 2142 978 2172 (ρα-

283 2181 421 2229 νερῶς,·
460 2179 505 2215 οὗ
540 2179 614 2229 γὰρ
647 2179 772 2224 δήπου
806 2181 979 2222 βελτίους

284 2233 358 2265 εἰσι
388 2230 525 2273 πάντες
554 2230 622 2265 τοῦ
650 2228 810 2277 Ηρακλέ
791 2242 899 2273 ους,
935 2228 979 2272 ὃς

284 2279 371 2315 οὐδὲ
402 2281 446 2328 τῆ
467 2279 662 2328 Ιαρδάνου
694 2280 812 2333 δούλῃ
842 2292 979 2325 συγγε-

284 2333 418 2365 νέσθαι
430 2329 666 2375 ἀπηξίωσεν,
684 2330 724 2372 ἐξ
740 2332 788 2373 ἡς
803 2331 979 2374 ἐγένοντο

284 2382 323 2413 οἱ
343 2380 518 2427 Σαρόέων
541 2379 677 2420 βασιλε
660 2384 723 2420 εἷς.

326 2432 356 2463 3.
376 2431 406 2464 4.
432 2432 536 2473 niveo]
557 2432 786 2472 Frequentius
801 2431 896 2472 apud
913 2431 979 2463 La-

285 2481 372 2513 tinos
408 2490 514 2521 quam
553 2481 647 2522 apud
682 2482 854 2519 Graecos,
896 2489 978 2512 cum

283 2532 320 2561 ut
350 2529 525 2562 insolitum
554 2531 694 2562 notetur
725 2529 769 2561 ab
801 2529 978 2570 Hesychio

285 2577 474 2618 νιιγόεσσα
501 2576 649 2621 132&qu
683 2575 768 2611 ἀντὶ
799 2576 866 2612 τοῦ
891 2578 978 2612 λευ-

284 2627 352 2669 κη’
380 2624 464 2660 Iov
499 2629 694 2685 Φρουροῖς.
735 2646 770 2651 -
811 2629 977 2670 Achillem]

284 2677 434 2716 Iliade
461 2678 540 2711 3421
574 2675 626 2718 ὠς
648 2678 709 2710 καὶ
736 2675 808 2720 ἐγώ
834 2675 902 2720 τὴι
914 2673 978 2709 Εκ

284 2726 411 2767 9υιιοῦ
451 2726 583 2767 smmi
623 2725 876 2773 ὄουρικτήτην
912 2737 979 2774 περ

1033 1093 1187 1127 ἐοῦσαν.
1225 1096 1322 1127 ovid.
1339 1097 1415 1127 Am.
1432 1097 1462 1135 4,
1482 1097 1512 1135 9,
1532 1096 1594 1127 33.-
1630 1098 1727 1129 Ardet

1033 1145 1067 1176 in
1091 1145 1233 1176 abducta
1256 1146 1402 1176 Briseide
1424 1154 1565 1186 maynus
1580 1146 1724 1177 Achilles.

1031 1193 1181 1226 Achilles
1220 1194 1414 1227 Briseidem
1454 1196 1727 1235 Agamemnonis

1030 1243 1266 1284 praeconibus
1293 1244 1437 1276 tradens
1464 1246 1668 1285 exprimitur
1694 1246 1726 1277 in

1032 1294 1166 1334 pictura
1208 1295 1420 1334 Pompeiana
1468 1294 1561 1335 apud
1599 1295 1728 1326 Raoui-

1031 1343 1200 1374 Rochette
1217 1344 1308 1375 Mon.
1327 1344 1414 1375 ined.
1434 1345 1457 1375 Ι.
1478 1345 1514 1375 Τ.
1535 1344 1585 1375 [19.
1606 1343 1728 1376 Miiller

1031 1393 1167 1424 Denlcm.
1193 1393 1232 1423 V.
1259 1394 1298 1424 N.
1325 1392 1400 1425 423.

1075 1441 1105 1472 6.
1135 1442 1326 1483 Tecmessae]
1350 1443 1436 1473 llinc
1454 1443 1487 1473 in
1505 1443 1611 1483 Soph.
1631 1443 1724 1475 Aiac.

1030 1491 1104 1522 211
1133 1491 1269 1523 Chorus
1299 1491 1345 1522 ad
1368 1492 1612 1523 Tecmessam:
1648 1491 1729 1524 ἐπεί

1031 1549 1075 1571 σε
1113 1538 1226 1579 λέχος
1263 1538 1521 1585 δουριάλωτον
1562 1539 1728 1586 Στέρξας

1030 1584 1142 1627 (2νέχο
1132 1599 1159 1620 ι
1186 1587 1345 1645 θούριος
1376 1588 1486 1629 Αἴας·
1525 1591 1560 1622 et
1587 1599 1621 1622 v.
1649 1590 1724 1623 485.

1031 1639 1214 1670 dominum
1252 1640 1302 1671 sic
1340 1638 1526 1680 alloquitur
1564 1640 1655 1680 ipsa:
1697 1635 1729 1671 ὦ

1029 1687 1179 1720 δέσποτ’
1204 1686 1317 1728 Αιᾰς·
1342 1707 1361 1712 -
1377 1707 1396 1712 -
1410 1685 1501 1731 Εγώ
1526 1687 1556 1720 δ’
1581 1688 1728 1722 ἐλευθέ-

1030 1747 1098 1783 ρου
1121 1736 1193 1779 μὲν
1217 1735 1355 1778 ε’ξέφυν
1373 1735 1514 1783 πατρὸς
1534 1737 1616 1779 (τοῦ
1634 1739 1727 1784 Φρυ-

1029 1788 1113 1829 γίου
1154 1784 1420 1828 Τελεύταντος)
1442 1785 1544 1820 -νῦν
1580 1787 1610 1819 δ’
1647 1790 1726 1830 εἰμὶ

1029 1835 1158 1879 δούλη.

1074 1888 1104 1918 7.
1136 1887 1275 1928 Atrides]
1309 1888 1400 1919 Dum
1433 1887 1532 1918 Troia
1568 1889 1723 1928 capitur,

1028 1937 1113 1968 Aiax
1136 1936 1221 1968 Oilei
1247 1936 1480 1969 Cassandram
1505 1945 1547 1968 ex
1579 1936 1726 1970 Palladis

1028 1985 1160 2027 templo
1191 1987 1307 2027 rapuit
1339 1995 1379 2017 ac
1415 1986 1564 2021 vitiavi&
1601 1988 1724 2027 postea

1029 2036 1063 2067 in
1087 2035 1240 2076 praedae
1266 2035 1437 2066 divisione
1468 2036 1724 2075 Agamemnoni

1029 2085 1151 2123 cessit,
1186 2093 1205 2116 a
1229 2093 1298 2124 quo
1330 2085 1498 2123 Mycenas
1523 2084 1628 2116 ducta
1657 2087 1722 2125 est,

1028 2133 1087 2164 ubi
1124 2142 1203 2165 eam
1239 2133 1518 2173 Clytaemnestra
1550 2142 1618 2165 una
1643 2142 1725 2167 cum

1028 2184 1290 2223 Agamemnone
1314 2182 1508 2214 trucidavit.
1546 2183 1671 2223 Odyss.
1691 2182 1722 2222 λ,

1028 2232 1102 2265 424.
1158 2231 1354 2272 Aeschylus
1388 2241 1453 2272 per
1487 2233 1599 2264 totum
1633 2235 1725 2273 Aga-

1029 2289 1269 2314 memnonem.
1308 2281 1405 2312 Ovid.
1433 2282 1508 2313 Am.
1536 2282 1570 2320 Ι1,
1597 2282 1635 2320 9,
1663 2282 1721 2313 37;

1028 2331 1167 2364 Summa
1181 2332 1302 2362 ducum
1315 2330 1445 2362 Atrides
1458 2331 1531 2362 visa
1541 2332 1726 2363 Priameide

1026 2382 1134 2422 fertur
1169 2381 1344 2414 Maenadis
1379 2380 1489 2420 effusis
1525 2379 1724 2420 obstupuisse

1027 2430 1138 2462 comis.
1153 2448 1190 2453 —-
1199 2430 1263 2462 vv.
1277 2431 1383 2462 medio
1397 2430 1430 2461 in
1443 2430 1607 2469 triumpho
1620 2430 1722 2470 iunge

1029 2487 1111 2512 cum
1133 2488 1167 2511 v.
1194 2479 1288 2518 arsit,
1314 2487 1385 2511 non
1409 2486 1490 2510 cum
1513 2487 1567 2509 W.
1594 2479 1723 2520 rit-yine

1027 2534 1140 2570 rapta.

1071 2579 1101 2611 9.
1127 2577 1314 2620 Barbarae]
1339 2577 1636 2618 Frequentissimo
1657 2586 1721 2610 usu

1027 2628 1123 2670 apud
1156 2628 1305 2670 tragicos
1339 2629 1490 2659 Graecos
1530 2628 1564 2658 et
1597 2628 1720 2668 poetas

1028 2678 1168 2710 Latinos
1190 2686 1256 2719 pro
1273 2677 1434 2718 Phrygiis.
1482 2676 1611 2708 Ennius
1628 2676 1720 2717 apud

1029 2728 1101 2760 Cic.
1128 2728 1229 2759 Tusc.
1257 2728 1292 2766 4,
1320 2727 1376 2759 35:
1403 2729 1531 2759 astante
1555 2734 1615 2765 ope
1641 2725 1720 2756 bar—
