1997 3219
818 223 892 253 Lm
923 223 944 253 l.

995 223 1030 252 ιι,
1061 222 1111 252 ix.
1631 220 1682 258 ‹5:ss

443 330 637 369 suam-0
671 333 818 367 rentes
849 338 1038 380 aequore
1072 323 1232 365 fervido
1638 323 1682 362 10

500 405 840 462 Deproeliantes,
875 418 953 447 nec
985 405 1178 460 cupressi

497 488 581 529 Nec
611 494 778 529 veteres
809 486 1018 541 agitantur
1049 485 1152 527 orni.

439 593 550 644 Quid
582 593 634 634 sit
665 592 850 633 futurum
881 604 995 638 cras,
1030 591 1126 646 suge
1157 604 1368 647 quaerere
1401 598 1462 634 et.

438 676 575 724 Quem
607 674 710 714 Fors
741 671 908 714 dierum
939 684 1109 727 cunque
1141 670 1276 715 dabit,
1312 671 1429 714 luero

492 755 688 809 Appone,
726 765 804 794 nee
835 750 984 794 dulces
1017 764 1186 793 amores
1637 751 1680 792 1Ξό

491 835 653 889 Sperne
685 846 792 890 puer
823 845 964 888 neque
1000 838 1044 873 tu
1075 830 1278 878 choreas,

329 979 375 1011 ti.
406 979 486 1009 Fors
510 977 689 1009 bSTc.LCt
715 977 748 1006 et
773 973 901 1006 Bentl.:

236 1102 414 1134 saevienti.
434 1119 469 1123 —
485 1099 651 1139 Stravere]
670 1099 702 1129 in
720 1106 825 1139 prosa
842 1099 928 1128 orat.

236 1151 453 1188 «sedavere,
481 1147 786 1189 tranquillawre.»
809 1165 843 1169 —u
862 1148 931 1178 De-

229 1199 441 1240 proeliantes]
481 1199 570 1237 «Qui
602 1199 635 1229 in
667 1196 806 1228 turbido
843 1196 931 1227 mari

234 1250 406 1281 acerrime
431 1249 522 1280 inter
534 1256 572 1279 se
590 1247 798 1278 luctantur.»
820 1263 856 1267 —
874 1254 932 1276 nec

232 1299 387 1339 cupressi}
414 1297 558 1330 Libente
583 1298 699 1328 animo
724 1297 932 1327 immoratur

234 1351 267 1381 in
285 1348 481 1389 gratissima
499 1347 649 1387 imagine
667 1345 791 1387 plenae
811 1352 930 1375 rerum

233 1396 487 1438 tranquillitatis
512 1406 531 1428 a
559 1396 612 1427 dis
635 1404 744 1427 verno
769 1396 927 1435 tempore

232 1449 309 1488 post
336 1447 461 1486 frigora
486 1447 519 1476 et
543 1444 715 1486 procellas
732 1444 926 1475 restitutae.

232 1496 365 1530 Monui,
403 1496 481 1535 quia
513 1495 704 1535 picturam,
736 1502 826 1533 quae
850 1501 929 1523 ma—

231 1553 386 1586 gnopere
410 1543 551 1585 placere
577 1543 733 1574 debebat
749 1541 924 1579 Romanis⁷

230 1596 268 1626 ut
291 1602 384 1625 nunc
408 1602 549 1633 quoque
566 1592 681 1633 placet
704 1590 808 1629 Italis,
835 1594 927 1623 tam-

231 1652 338 1684 quam
377 1642 579 1682 languidam
625 1644 730 1682 atque
777 1641 925 1672 otiosam

231 1694 359 1725 acriter
392 1701 504 1733 nuper
539 1692 747 1733 x‘ituperax‘it
782 1689 927 1722 Schola—

231 1743 339 1775 sticus
365 1742 526 1783 quidam:
554 1740 640 1774 alius
664 1749 749 1773 vero
773 1749 836 1772 nos
862 1740 927 1771 do-

230 1792 298 1823 cuit
324 1794 419 1823 recte
445 1792 626 1823 Horatium
651 1799 754 1822 usum
770 1790 926 1831 particu-

229 1840 270 1873 lis
295 1850 351 1872 nec
375 1859 392 1864 -
417 1850 473 1872 nee
503 1840 548 1872 ab
580 1840 636 1871 illo
660 1840 781 1871 Itidem
806 1839 924 1871 nescio

230 1900 293 1922 cur
316 1891 557 1931 reprehensis:
586 1899 691 1922 «esse
709 1890 803 1922 enim
820 1897 925 1921 ornos

229 1939 428 1977 altissimas⁷
456 1939 605 1971 humiles
634 1941 752 1971 contra
779 1948 926 1981 cupres-

229 1999 333 2022 sos:»
371 1999 462 2030 quae
499 1990 660 2030 quidem,
699 1992 736 2022 ut
767 1990 800 2021 in
830 1988 924 2021 Italia

229 2040 427 2071 sexcenties
468 2039 554 2078 vidi,
593 2039 637 2070 ad
672 2039 783 2080 pedes
814 2048 925 2080 usque

231 2089 296 2120 LX.
329 2090 361 2119 ct
394 2088 543 2128 amplius
574 2090 791 2127 increscunt,
823 2093 927 2121 metas

228 2139 378 2169 imitatae
403 2137 498 2168 Oxia.
527 2138 606 2169 Met.
628 2139 678 2176 10,
700 2138 772 2169 106.
798 2140 924 2178 Atque,

229 2189 265 2218 ut
290 2186 415 2218 credas
440 2187 545 2218 etiam
569 2187 692 2227 poetis,
719 2187 811 2227 Virg.
837 2190 922 2218 Aen.

228 2237 259 2273 3,
286 2236 366 2268 680:
393 2237 560 2276 coniferae
583 2237 744 2276 cyparissi
760 2254 779 2259 -
800 2254 819 2259 —
835 2237 927 2267 luc-ns

230 2286 371 2317 Dianae.
399 2285 544 2316 Theocr.
579 2286 624 2320 18,
655 2286 710 2317 29:
737 2281 925 2329 ἀνέδραμε

228 2332 379 2376 κόσμος
403 2353 422 2358 -
446 2354 464 2359 -
488 2332 597 2378 minag)
615 2333 864 2381 κυπάρισσος.
887 2354 922 2359 -

228 2384 312 2425 orni]
350 2385 601 2416 illannaeschen.
645 2385 712 2417 Cir.
755 2385 843 2418 Voss
879 2386 922 2417 ad

232 2436 291 2466 Ge.
321 2435 350 2471 2,
378 2434 430 2464 71.
458 2434 600 2466 Linnaei
623 2435 754 2475 frast-ini
779 2436 862 2466 orni.

271 2483 323 2514 1¹3.
359 2483 410 2515 44.
452 2483 537 2523 cras]
565 2484 779 2525 comparant
809 2484 923 2516 Phile-

228 2533 314 2564 taeri
340 2531 421 2563 illud
446 2534 547 2564 Mein.
577 2534 674 2565 Com.
702 2534 763 2565 Ed.
785 2534 866 2565 min.
886 2543 919 2575 p.

227 2581 305 2614 6¹12:
355 2582 398 2613 Τι’
432 2580 486 2613 δεῖ
521 2579 592 2628 γὰρ
632 2579 726 2615 ὄντα
763 2581 919 2625 θνητόν,

227 2628 392 2669 ἱκετεύω
418 2636 552 2670 ποιεῖν
578 2630 687 2674 masta
712 2629 831 2675 ἡδέως
855 2632 921 2678 ζῃν

227 2677 293 2711 τὸν
325 2679 414 2718 βίον
448 2682 535 2713 κα9’
574 2677 643 2723 ἦα
643 2683 742 2726 ραν,
769 2701 787 2706 -
811 2701 829 2706 -
854 2682 920 2722 Εις

225 2739 272 2759 01
278 2739 360 2773 οων
389 2728 428 2761 δὲ
456 2729 554 2772 ανόὲ
589 2732 802 2775 (ιροντιζειν
831 2726 854 2762 ὃ
885 2742 919 2763 τι

221 2774 374 2816 [ἔσται
414 2797 446 2802 -
482 2780 569 2820 fasse]
604 2781 634 2811 in
671 2789 773 2821 prosa
810 2783 915 2812 ιιι-ε.·ιι

929 983 1000 1005 sors
1023 974 1091 1005 FM.
1123 991 1156 995 —
1185 974 1236 1004 46.
1263 977 1299 1004 ta
1323 982 1392 1004 oni.
1419 972 1480 1014 μζ.

984 1103 1142 1140 «Omitte,
1155 1101 1223 1133 noli
1237 1102 1281 1133 de
1295 1102 1403 1134 rebus
1417 1103 1539 1134 suturis
1553 1112 1680 1136 eonsu-

981 1150 1054 1182 lere
1077 1150 1304 1189 astroloeos.»
1334 1170 1369 1174 —
1396 1153 1478 1183 Fors
1497 1153 1578 1184 huie
1601 1153 1677 1185 loco

981 1202 1082 1232 unice
1108 1201 1281 1232 convenit.
1329 1201 1485 1241 Wagner
1511 1202 1556 1234 ad
1580 1203 1672 1243 Virg.

981 1250 1052 1282 Ecl.
1069 1251 1100 1289 9,
1115 1252 1151 1282 5:
1172 1251 1253 1281 Fors
1265 1251 1377 1281 omnia
1388 1255 1510 1290 versat,
1525 1251 1578 1283 alii
1593 1261 1676 1283 sors:

983 1301 1084 1331 «Sors
1121 1302 1269 1331 eventus
1304 1302 1374 1337 est,
1412 1309 1482 1332 non
1517 1302 1590 1342 ipsa
1626 1303 1677 1333 vis

981 1349 1057 1387 sati3
1090 1358 1199 1390 quare
1230 1358 1299 1380 non
1330 1351 1384 1380 est
1418 1351 1577 1382 Latinum
1607 1360 1679 1382 sors

978 1402 1100 1430 versat.
1143 1399 1271 1430 Contra
1294 1399 1377 1430 Fors
1400 1400 1570 1439 significat
1594 1410 1677 1433 eae-

981 1457 1059 1480 cam
1089 1448 1268 1488 quandam
1296 1448 1384 1487 vim,
1418 1458 1474 1480 res
1503 1450 1676 1482 humanas

980 1499 1114 1528 temere
1132 1505 1180 1528 'ac
1204 1496 1298 1528 nullo
1323 1497 1465 1529 consilio
1479 1502 1673 1539 regentem,

980 1545 1072 1577 nulla
1097 1547 1216 1577 tamen
1241 1546 1404 1577 adiuncta
1429 1549 1488 1578 aut
1511 1547 1675 1580 laedendi

980 1596 1039 1627 aut
1063 1595 1203 1626 iuvandi
1228 1596 1386 1634 notione,
1415 1605 1524 1636 quare
1542 1597 1675 1630 nullum

979 1654 1130 1685 usquam
1154 1645 1235 1676 huic
1260 1645 1390 1676 nomini
1416 1645 1576 1677 adiicitur
1600 1649 1675 1688 epi-

978 1696 1110 1726 theton.
1152 1695 1227 1725 Non
1252 1696 1332 1725 sunt
1349 1695 1451 1734 igitur
1473 1695 1555 1726 huie
1571 1695 1673 1737 plane

977 1752 1177 1784 synonyma
1206 1744 1358 1775 Fortuna
1387 1746 1422 1775 et
1450 1744 1604 1776 Fatum.»
1637 1764 1672 1767 —

975 1793 1113 1834 cunque]
1140 1793 1190 1824 De
1216 1793 1320 1825 tmesi
1344 1792 1406 1824 cfr.
1433 1793 1525 1824 Kritz
1543 1794 1588 1825 ad
1605 1793 1671 1826 Sal.

977 1844 1050 1875 Cat.
1077 1843 1108 1880 ὃ,
1135 1842 1166 1873 3.

1022 1893 1072 1923 15.
1099 1892 1242 1933 Appone]
1270 1892 1301 1923 in
1327 1900 1379 1933 pr.
1400 1901 1469 1923 or.:

976 1950 1102 1983 pone.»
1159 1942 1228 1973 Cie.
1267 1941 1313 1972 ad
1343 1942 1437 1972 Fam.
1471 1942 1501 1979 9,
1536 1943 1592 1973 117:
1624 1944 1674 1975 De

975 1993 1067 2022 lucro
1079 2000 1185 2030 prope
1202 1991 1234 2022 ιή
1252 1992 1508 2031 quadriennium
1518 1992 1669 2024 vivimus.

1020 2041 1072 2072 216.
1127 2040 1224 2081 puer]
1275 2040 1391 2072 «dum
1431 2040 1670 2074 adolescentia

977 2090 1137 2121 frueris.»
1167 2108 1202 2112 -«
1229 2090 1274 2131 tu]
1301 2092 1337 2122 In
1363 2091 1431 2122 hoe
1454 2099 1531 2122 voe.
1559 2092 1671 2124 offen-

977 2140 1026 2170 dit
1056 2139 1163 2171 lulius
1194 2140 1326 2171 Caesar
1360 2139 1534 2180 Scaliger,
1573 2143 1672 2181 quasi

975 2187 1200 2228 pleonasmus
1219 2190 1329 2226 esset;
1349 2189 1412 2221 sed
1430 2191 1483 2221 est
1499 2191 1673 2222 sermonis

977 2237 1153 2269 familiaris
1183 2246 1224 2269 ac
1248 2238 1533 2276 benevolentiam
1565 2239 1673 2271 inter—

975 2286 1060 2318 dum
1085 2288 1192 2318 etiam
1208 2288 1278 2318 vim
1296 2288 1544 2319 exhortationis
1569 2291 1673 2328 auget

976 2336 1009 2367 in
1034 2336 1196 2367 membro
1227 2336 1348 2368 altero.
1398 2338 1452 2369 Sic
1477 2339 1598 2369 Graeci
1623 2335 1670 2370 σύ

973 2394 1026 2427 γε.
1066 2384 1160 2417 Plato
1185 2387 1285 2426 Gorg.
1311 2395 1346 2426 p.
1374 2387 1447 2418 527.
1475 2388 1519 2418 D:
1554 2382 1672 2419 Ξ-ἀσόν

974 2432 1057 2467 τινά
1093 2445 1165 2468 σου
1204 2433 1500 2481 καταφρονῆσαι
1532 2455 1567 2459 -
1608 2437 1672 2468 καὶ

975 2485 1035 2516 ιάὶ
1058 2481 1114 2526 μὰ
1139 2483 1210 2516 Δία
1235 2483 1283 2517 σύ
1309 2495 1349 2527 γε
1375 2482 1530 2529 θαῤῥῶν
1548 2483 1670 2517 πάτα-

972 2532 1034 2575 ξαι
1058 2533 1135 2565 κτλ.
1184 2533 1307 2566 Tibull.
1342 2535 1372 2573 ¹l,
1401 2535 1430 2574 4,
1457 2534 1515 2566 37:
1553 2536 1672 2567 Adsitis

972 2585 1050 2623 divi,
1077 2593 1135 2615 nee
1158 2593 1215 2615 vos
1232 2585 1270 2615 de
1281 2593 1431 2624 paupere
1445 2593 1560 2620 mensa
1572 2586 1671 2617 Dona

972 2642 1028 2664 nee
1052 2642 1069 2665 e
1094 2634 1192 2673 puris
1221 2634 1362 2673 spernite
1388 2633 1551 2674 ficlilibus.
1601 2636 1670 2666 Lu·-

971 2692 1047 2714 can.
1086 2684 1118 2720 ’2,
1156 2683 1235 2714 627:
1274 2692 1331 2713 nec
1359 2683 1539 2713 Pharnacis
1572 2692 1668 2714 arina

970 2732 1139 2771 relinquas
1166 2732 1347 2770 Admonet),
1384 2741 1442 2763 >nec
1471 2735 1506 2763 ta
1531 2733 1670 2771 populos

970 2786 1111 2820 ult-aque
1140 2785 1299 2821 vassanles
1329 2782 1496 2812 .·lrmenia.
1548 2782 1665 2812 lmen.

1499 1893 1556 1924 «In
1576 1892 1673 1925 lucro
