1997 3219
679 175 755 206 LlB.
784 174 836 205 lx'.
887 175 923 205 C,
951 174 1035 205 Vlll.
1546 172 1626 212 583

185 279 294 310 Indem
318 279 398 310 Rom
422 279 486 319 auf
504 279 588 310 diese
608 279 704 310 *weise
722 288 780 309 con
799 279 902 310 einem
925 279 1070 319 dransser
1098 278 1209 318 besreil
1236 278 1367 317 ibin-de,
1405 279 1462 309 der
1485 286 1517 309 es
1534 278 1631 317 lanye

184 343 291 375 qenug]
314 334 380 372 auf
397 334 456 365 das
478 334 710 366 entsetzlichsee
731 334 947 375 heimyesuchl
968 335 1072 373 halle„
1103 337 1222 365 'inussle
1246 334 1353 365 seinen
1376 333 1520 374 bii›·9ern
1543 333 1630 365 rechl

183 390 318 429 sahlbar
340 391 488 429 werden,
514 398 586 421 was
609 390 736 429 Scipio,
773 389 915 430 obyleich
944 390 1098 430 enisernt,
1134 390 1193 429 fiir
1215 389 1260 420 sie
1282 389 1403 429 gethan
1431 388 1530 427 habe,
1562 389 1631 420 und

185 446 288 477 dieser
314 445 470 477 eindruclc
498 454 574 476 war
603 446 769 486 (secia-nel,
807 446 866 476 das
896 445 1065 477 andenleen
1093 454 1136 476 an
1168 445 1259 476 einen
1287 445 1414 476 solchen
1438 444 1631 475 wohlthc'iter

184 501 249 541 aus
274 501 372 541 lanae
400 501 463 532 :eil
491 509 535 532 :il
566 501 722 532 erhalten.
771 502 825 532 Da
855 500 1022 532 Hannibal
1044 501 1102 531 init
1126 500 1335 532 brechendem
1366 500 1483 532 hersen
1514 500 1630 531 Italien,

182 557 312 588 verliess
336 557 403 588 und
433 557 490 588 mil
516 557 676 588 icchmulh
707 556 757 588 die
785 556 893 596 fruchl
927 556 1157 596 longifluo-mer
1184 559 1410 596 anstrengyunq
1432 556 1497 595 auf
1512 555 1634 587 eimnal

185 613 360 644 rernichlet
385 613 477 644 sehen
507 616 643 651 mussle,
681 621 715 643 so
749 612 847 643 stand
876 620 908 643 es
936 612 1007 643 dem
1037 612 1160 643 dichter
1186 620 1248 650 zu,
1281 611 1364 642 diese
1391 614 1559 651 meinung
1581 611 1631 642 als

185 668 277 709 eiliqe
297 669 399 708 slucht
425 677 468 699 :a
499 668 711 700 bezeichnen:
748 668 832 698 denn
853 667 934 698 ohne
957 667 1136 707 drinqencle
1161 667 1239 698 'noth
1261 667 1348 698 hatte
1370 666 1538 698 Hannibal
1558 667 1629 697 Ila-

183 724 246 755 Iien
274 724 326 755 nie
352 723 560 764 aufqeqeben.
620 723 808 754 ll'iederum
837 723 1005 764 erqldnzle
1027 723 1166 762 Scipio's
1195 723 1292 753 ruhm
1326 723 1360 753 in
1383 722 1443 753 den
1474 722 1631 762 slanmzen

185 780 395 820 Carthaqo's2
431 779 482 810 als
512 779 612 810 dieses
638 779 741 810 durch
764 779 825 809 den
847 779 988 818 illimem
1012 778 1122 817 Scipio
1142 780 1282 809 zerstorl
1302 777 1416 808 warde
1427 787 1436 808 .·
1473 778 1556 808 denn
1579 778 1630 810 die

184 835 387 876 mo‘ylichlfeil.
415 835 503 866 dazu
527 843 603 865 war
625 834 727 865 durch
756 834 817 865 den
845 833 970 865 lilleren
995 833 1180 873 anqebahni
1204 833 1348 864 worden.
1397 832 1452 864 Als
1484 833 1630 865 drilles

185 891 302 929 millel,
340 891 391 922 die
415 898 549 931 grosseti
579 890 688 921 [haten
718 889 772 920 des
800 889 910 929 Scipio
941 889 986 920 im
1009 888 1176 919 andenlcen
1213 889 1270 920 der
1303 888 1474 919 Mensehen
1502 896 1547 919 zu
1574 888 1630 920 be-

186 947 336 985 iram-en,
372 946 458 977 icird
488 946 538 977 die
563 945 831 985 verherrlichunq
860 944 1022 976 dei-selben
1052 944 1154 975 durch
1177 943 1304 974 Ennius
1327 942 1522 981 bezeichnet,
1559 944 1627 975 und

184 1003 301 1033 diesem
325 1001 426 1032 millel
447 1002 534 1032 icird
557 1009 616 1032 vor
639 1001 699 1031 den
723 999 833 1031 beiden
856 1000 983 1031 andern
1010 1000 1210 1039 dervorzuq
1230 999 1469 1039 einyerc'iumt.»
1516 999 1629 1039 Atque

184 1056 342 1088 similiter
364 1055 609 1096 Dillenburger
634 1056 702 1096 (ed.
727 1054 797 1095 alt.)
822 1054 865 1086 ad
890 1064 923 1086 V.
951 1054 1010 1086 43:
1050 1054 1159 1092 «Quid
1195 1054 1263 1085 hoc
1291 1055 1326 1085 et
1360 1053 1627 1094 insequentibus

183 1112 347 1144 versibus
371 1113 474 1153 poeta
498 1111 616 1143 dicere
639 1110 805 1149 voluerit,
839 1111 922 1142 satis
946 1110 1170 1141 manifestum
1202 1111 1270 1148 est,
1298 1109 1463 1140 nimirum
1481 1109 1629 1148 prelium

181 1168 287 1198 dicere
309 1166 448 1198 muneri.
496 1167 614 1197 ««N0n
638 1167 885 1205 monumenta,
920 1166 1047 1206 inquit,
1080 1164 1184 1197 titulis
1213 1163 1352 1206 publice
1376 1164 1559 1206 inscripta,
1586 1172 1630 1196 ne

182 1224 278 1264 ipsae
304 1222 448 1262 quidem
473 1230 621 1261 magnae
646 1230 703 1253 res
728 1223 847 1261 gestae
871 1221 1055 1252 hominum
1076 1222 1236 1258 manent3
1264 1220 1433 1260 temporis
1456 1221 1630 1260 perpetuo

182 1280 279 1309 motu
304 1277 475 1318 quidquid
499 1277 590 1308 bene
615 1277 745 1309 sactum
769 1279 821 1308 cst
851 1275 1033 1308 oblivionis
1058 1275 1201 1316 caligine
1224 1274 1404 1316 paullatim
1427 1275 1625 1307 obducitur.

183 1334 297 1372 Quare
322 1332 404 1364 nihil
429 1333 473 1364 ad
495 1334 657 1374 posteros
680 1332 843 1373 pervenit
866 1332 930 1363 nisi
953 1331 1048 1372 quod
1072 1331 1180 1362 fixum
1198 1331 1447 1371 firmatumque
1465 1332 1519 1362 est
1541 1333 1628 1372 po'e'-

183 1391 299 1420 tarum
324 1389 477 1420 aeternis
501 1387 772 1419 carminibus.»»
797 1387 867 1419 Sed
890 1389 928 1419 ut
950 1389 1076 1428 poetae
1101 1385 1231 1423 solent,
1259 1385 1428 1426 exemplis
1451 1394 1536 1418 usus
1561 1388 1625 1418 est.

184 1444 308 1476 Celeres
329 1444 431 1484 suque
456 1444 508 1483 (ex
532 1443 636 1483 ltalia)
655 1444 689 1474 et
712 1443 852 1474 reiectae
873 1443 983 1474 minae
997 1442 1192 1474 Hannibalis
1207 1441 1407 1482 Scipionem
1423 1440 1627 1473 Africanum

183 1500 372 1538 maiorem,
399 1499 527 1531 deinde
552 1499 703 1530 incendia
719 1499 934 1539 Karthayinis
950 1499 1124 1529 minorem
1139 1497 1340 1529 Africanum
1360 1497 1526 1536 indicant,
1552 1499 1629 1529 tum

183 1555 344 1587 Calabrae
366 1555 509 1586 Pierides
532 1555 660 1586 iterum
683 1554 728 1585 ad
751 1555 924 1585 maiorem
948 1552 1156 1585 referendae
1181 1554 1278 1591 sunt,
1305 1553 1472 1593 quoniam
1496 1553 1628 1584 Ennius

182 1610 300 1642 Rudiis
326 1609 507 1642 Calabriae
533 1610 662 1651 oppido
687 1610 789 1641 natus
813 1610 986 1640 maiorem
1013 1609 1213 1649 Scipionem
1237 1609 1394 1640 carmine
1423 1607 1626 1640 celebravit.

182 1666 277 1704 Quae
305 1665 348 1697 ab
372 1664 482 1697 altero
513 1665 559 1696 ad
591 1664 740 1696 alterum
787 1665 985 1705 Scipionem
1019 1664 1175 1695 transitio
1211 1663 1338 1704 quibus
1374 1663 1548 1706 displicet,
1586 1664 1626 1696 iis

182 1722 331 1753 incendia
361 1729 430 1752 non
461 1721 543 1752 sunt
573 1719 794 1760 intelligenda
826 1720 870 1751 de
902 1719 990 1751 urbe
1013 1729 1032 1751 a
1056 1720 1216 1761 Scipione
1247 1720 1381 1751 minore
1415 1718 1623 1757 combusta,

182 1777 247 1808 sed
274 1776 318 1808 de
348 1776 496 1808 navibus
535 1778 569 1807 et
606 1777 710 1816 portu
743 1784 763 1806 a
786 1776 920 1808 maiore
956 1775 1115 1816 Scipione
1151 1775 1314 1807 incendio
1340 1774 1479 1814 deletis,
1518 1783 1626 1816 quam

183 1831 418 1864 calamitatem
461 1831 766 1871 Karthaginienses
812 1840 882 1862 non
918 1832 1034 1863 minus
1080 1839 1184 1871 aegre
1229 1829 1402 1869 tulerunt,
1450 1839 1558 1871 quam
1597 1830 1625 1862 si

183 1889 256 1929 ipsa
285 1887 369 1919 urbs
393 1888 488 1919 esset
510 1885 658 1918 deleta.»
695 1885 813 1918 Paullo
837 1887 952 1918 minus
970 1885 1110 1927 placent
1133 1888 1238 1927 atquc
1269 1886 1482 1926 ingeniosius
1514 1894 1623 1926 quam

182 1942 398 1985 probabilius
432 1942 607 1984 disputata
649 1942 831 1981 videntur,
880 1950 970 1983 quae
1013 1950 1126 1983 nuper
1164 1941 1379 1981 Steinerus*)
1424 1941 1467 1973 de
1503 1942 1624 1973 nostro

182 1998 258 2031 loco
298 1999 452 2040 scripsit:
507 1998 667 2029 «Horatio
699 1998 933 2038 Romanisque
965 1997 1053 2029 haec
1096 1996 1291 2037 legentibus
1322 1996 1498 2037 quaedam
1538 1996 1624 2027 arti-

182 2055 288 2086 ficum
317 2055 544 2086 monumenta
582 2054 661 2085 ante
702 2052 822 2084 oculos
861 2052 967 2084 fuisse
1007 2052 1090 2083 mihi
1130 2052 1275 2092 quidem
1313 2059 1525 2092 persuasum
1554 2052 1618 2083 est.

182 2111 439 2142 Sententiarum
474 2110 566 2142 enirn
603 2117 714 2140 nexus
752 2109 799 2148 (V.
834 2108 873 2139 43
909 2108 1005 2148 sqq.)
1042 2107 1212 2146 ostendit,
1250 2106 1367 2138 verbis
1402 2106 1466 2138 illis
1507 2106 1624 2138 celeres

179 2166 279 2206 fassae
308 2168 375 2197 cet.
410 2174 477 2197 non
507 2165 624 2205 sugam
656 2165 769 2205 ipsam
799 2163 864 2195 sed
894 2163 1010 2203 sugam
1049 2171 1226 2194 marmore
1260 2170 1466 2203 expressam
1501 2160 1623 2193 decla-

182 2222 261 2252 rari.
310 2223 430 2262 ltaque
457 2220 511 2252 illa
543 2222 656 2252 aetate
689 2220 858 2261 Scipionis
889 2219 1027 2250 maioris
1054 2220 1323 2250 monumentum
1354 2218 1484 2249 Romae
1517 2217 1623 2248 fuisse

183 2278 317 2313 statuo,
349 2277 382 2308 iu
412 2285 482 2317 quo
511 2277 606 2308 cives
634 2277 669 2308 et
696 2277 811 2316 ipsum
839 2274 1048 2316 spectabant
1075 2274 1203 2306 <lucem
1229 2275 1407 2314 egregium
1444 2281 1620 2304 marmore

184 2332 339 2364 effictum
376 2333 444 2373 (VS.
476 2332 544 2371 ili.)
577 2333 611 2363 et
641 2341 698 2364 res
734 2330 820 2363 illius
855 2329 1054 2372 praeclaras
1088 2331 1160 2361 sive
1196 2338 1371 2361 marmore
1403 2329 1475 2359 sive
1507 2328 1621 2359 aereis

184 2388 353 2420 columnis
386 2388 444 2428 (cs.
494 2388 668 2429 Lamprid.
713 2386 806 2419 Alex.
844 2387 921 2418 ch.
959 2395 988 2417 e.
1026 2386 1099 2425 28.)
1136 2386 1435 2427 repraesentatas:
1486 2383 1621 2415 celeres

186 2446 380 2475 Poenorum
425 2452 467 2475 ex
516 2443 608 2476 ltalia
654 2443 751 2483 sugas
792 2441 1064 2482 llannilmlisque
1111 2441 1350 2482 nequidquam
1391 2439 1621 2471 minitabundi

183 2502 287 2540 atqu·-
327 2499 495 2540 Scipionis
532 2498 652 2530 ultoris
699 2500 730 2530 in
779 2499 925 2530 Africani
975 2498 1214 2530 traiectionem
1258 2497 1297 2530 (v.
1342 2496 1411 2533 llll:
1461 2494 1619 2526 incendia

262 2750 268 2756 ·
305 2746 477 2774 (ἶυιιιιιιι-ιιι4
504 2746 608 2773 lton-n.
633 2746 768 2780 Spe-cmi.
794 2754 857 2771 >mu
883 2753 900 2779 p
935 2747 950 2770 ΕΙ
973 2752 1007 2778 ‚sq
