1997 3219
690 201 764 232 LlB.
793 201 814 231 l.

865 201 901 231 (Σ.
929 199 1055 231 XXXV.

1568 193 1639 233 187

634 431 945 472 CARNOEN
981 430 1209 469 XXXV.

431 534 467 576 O
499 533 615 578 diva,
649 539 814 589 gratum
845 544 956 587 quae
987 530 1099 585 regis
1131 529 1320 575 Antium,

295 640 422 671 XXXV.
450 640 559 671 lnser.
586 638 674 679 volg.
703 640 736 670 et
760 639 825 669 ST:
854 638 903 669 Ad
925 637 1117 668 Fortunam.

1168 636 1215 676 (In
1240 644 1339 676 marg
1363 636 1405 667 T:
1431 637 1518 667 Haec
1542 638 1600 668 otte

252 690 282 720 in
298 690 466 729 fortunam
478 689 660 728 potentium
678 689 802 727 scripta
814 690 871 725 est,
889 687 942 717 cui
956 686 1110 718 Caesaris
1120 685 1355 725 prosectionem
1366 686 1599 725 commendat.)

251 782 379 813 XXXV.
429 782 588 821 Hymnus
626 781 658 811 in
699 780 898 817 Fortunam,

210 840 298 872 quo,
335 830 535 872 praedicata
570 838 708 862 summa
745 829 818 860 eius
841 837 903 869 po-

211 881 334 919 tentia,
371 882 466 917 orat,
504 882 541 911 ut
566 881 683 911 servet
706 878 901 918 Augustum

211 932 243 961 et
269 930 438 961 adversus
468 930 650 960 Britannos
675 929 710 960 et
732 927 902 959 adversus

212 979 344 1011 Arabas
385 978 474 1010 bella
513 977 733 1015 molientem,
773 975 902 1017 quibus

213 1037 255 1059 ex
283 1031 406 1068 poetae
437 1029 554 1058 mente
580 1027 762 1067 expientur
785 1024 903 1057 civiles

212 1076 287 1109 illae
313 1077 555 1107 contentiones
571 1075 742 1108 scelestae
760 1074 839 1106 inde
857 1073 901 1105 ab

213 1135 243 1156 a.
276 1134 308 1155 u.
337 1134 366 1155 c.
394 1124 468 1156 694.
501 1126 610 1156 ortae.
639 1124 711 1164 (Od.
730 1125 766 1162 Ξ,
795 1124 831 1161 l,
858 1124 870 1153 1l
883 1123 902 1162 .)

216 1193 250 1197 —
268 1171 371 1216 Τι”χη
385 1175 537 1215 primum
551 1173 595 1205 ab
610 1173 760 1205 Hesiodo
773 1173 901 1212 Theog.

213 1224 286 1255 360.
328 1226 544 1255 memoratur
584 1224 674 1254 inter
711 1222 902 1263 Nymphas,

213 1273 341 1304 Oceani
380 1272 484 1310 tilias;
533 1271 759 1312 similiterque
801 1271 903 1302 Hom.

215 1323 341 1362 llymn.
376 1324 453 1353 Cer.
487 1322 561 1354 420.
596 1324 744 1354 Pausan.
774 1320 814 1358 4,
849 1320 902 1351 30.

215 1373 251 1403 ln
269 1375 401 1403 tessera
422 1371 581 1412 hospitali
596 1371 764 1410 Borgiana
782 1370 905 1409 (Zoega

215 1421 370 1452 Abhandl.
411 1429 445 1461 p.
486 1420 577 1460 35.):
618 1419 744 1452 ΘΕΟΣ
779 1416 905 1450 TTXA

215 1468 395 1501 ΣΑΩΤΙΣ
418 1466 624 1514 (Σώτειρα).
651 1469 747 1500 Pind.
775 1467 823 1500 Ol.
850 1468 902 1506 ¹¹2,

220 1520 228 1549 1
247 1529 253 1548 ;
279 1518 487 1560 Λίσσομαι,
512 1537 531 1542 -
553 1537 571 1543 -
594 1515 761 1563 Σώτειρα
785 1514 902 1556 Τύχα.

216 1568 280 1600 Τὶν
313 1565 385 1612 γὰρ
418 1567 459 1600 ἐν
493 1565 618 1610 πόντῳ
650 1565 906 1613 κυβερνῶνται

214 1617 303 1649 θοαὶ
329 1615 440 1658 Νᾶες,
466 1616 506 1650 ἐν
521 1618 646 1662 χέρσῳ
663 1616 703 1649 δὲ
719 1617 907 1663 λαιψηροὶ

217 1665 377 1708 πόλεμοι
427 1663 599 1712 Κὰγοραὶ
649 1664 904 1713 βουλαφόροι.

217 1718 364 1748 Pausan.
391 1716 428 1754 7,
464 1717 524 1754 26,
563 1717 600 1748 8:
637 1713 710 1758 ἐγώ
741 1715 812 1758 μὲν
839 1709 908 1748 οὖν

217 1762 406 1809 Πινδάρου
429 1763 476 1796 τά
498 1766 527 1796 τ’
550 1761 647 1796 ἄλλα
662 1765 845 1807 πείθομαι
861 1763 906 1811 τῇ

217 1809 315 1860 ᾠδῇ,
352 1815 417 1846 καὶ
447 1813 598 1860 Μοιρῶν
628 1825 668 1846 τε
691 1813 787 1846 εἶναι
817 1815 909 1856 μίαν

219 1861 286 1905 τὴν
311 1861 438 1906 Τύχην
462 1865 525 1896 καὶ
549 1860 642 1910 ὑπὲρ
658 1862 727 1905 τὰς
742 1861 910 1905 ἀδελφάς

219 1923 249 1944 τι
278 1911 433 1951 ἰσχύειν.
454 1914 725 1954 Pseudaesebyli
741 1924 796 1945 vv.
817 1915 909 1956 apud

219 1963 314 1994 Stoi).
347 1963 416 1996 Eel.
448 1964 550 2004 phys.
582 1965 618 1996 T.
650 1965 680 1996 4.
706 1973 741 2005 p.
768 1965 841 1996 499.
869 1965 907 1995 H.

221 2011 400 2053 praeclare
425 2013 475 2044 sie
496 2014 600 2044 vertit
616 2014 782 2045 Grotius:
822 2013 911 2045 Cun-

221 2062 280 2091 ctis
304 2061 507 2101 principium
536 2061 630 2092 rebus
663 2065 692 2092 et
725 2062 848 2100 exitus,
887 2062 912 2093 Ο

224 2104 369 2141 Fortuna
389 2113 519 2149 potens,
545 2119 630 2149 quae
651 2111 831 2149 sapientiae
852 2111 914 2141 Fa-

223 2169 310 2190 mam
335 2160 394 2190 das
416 2159 594 2198 hominum,
620 2160 709 2198 dira,
735 2160 913 2191 laboribus:

224 2209 326 2239 Multo
357 2208 456 2248 plura
493 2208 548 2239 tibi
578 2218 742 2248 prospera
770 2209 914 2240 tristibus

226 2258 398 2288 Debentur.
434 2258 590 2297 Sequitur
611 2259 741 2299 qratia,
768 2268 831 2298 quo
854 2258 916 2290 loci

224 2307 351 2337 l'ennae
385 2307 559 2347 remigium
596 2310 625 2338 te
657 2308 741 2339 vehit
778 2316 911 2339 aureae.

225 2356 280 2386 Nit
307 2360 350 2386 es!
377 2357 567 2395 prosperius
595 2357 704 2396 nilque
731 2358 914 2396 secundius,

227 2408 333 2444 Quam
367 2405 475 2436 lances
501 2406 624 2436 homini
655 2407 740 2445 quod
771 2406 917 2438 tribuant

225 2459 310 2486 tuae.
342 2455 383 2485 Tu
407 2463 477 2493 spes
496 2454 640 2485 sollicitis
653 2464 723 2486 una
738 2455 916 2494 laboribus,-

229 2503 273 2534 Tu
289 2507 411 2534 nortem
427 2503 531 2534 subita
547 2504 667 2535 lumine
682 2505 814 2536 discutis
823 2514 832 2535 .·
850 2506 918 2536 Nu-

226 2561 298 2583 men
333 2556 362 2583 te
395 2553 510 2584 melius
543 2561 673 2584 noscere
706 2564 771 2585 non
804 2555 914 2585 datur.

227 2599 369 2632 illustris
394 2602 437 2632 ‹le
464 2602 610 2633 Fortuna
631 2601 726 2634 locus
743 2604 796 2634 est
813 2604 917 2635 etiam

228 2649 320 2690 apud
346 2649 427 2682 l‘lin.
450 2651 486 2682 11.
508 2652 545 2682 N.
566 2652 596 2688 Ξ,
623 2652 653 2682 7.
689 2670 721 2673 —
749 2653 920 2693 «compo-

230 2699 333 2731 situm
351 2702 404 2731 est
421 2709 562 2731 carmen
581 2710 610 2730 a.
632 2709 663 2731 u.
685 2710 713 2731 e.
734 2701 822 2738 727..
850 2710 916 2733 non

230 2757 243 2776 x
253 2757 312 2778 ero
322 2750 512 2789 posteriore
521 2748 634 2789 aliquo
644 2751 813 2790 tempore,
826 2750 917 2790 quod

950 777 1156 809 dissuadent
1186 777 1291 809 etiam
1314 786 1370 808 mr.
1397 778 1438 809 35
1463 786 1582 818 seqq,
1610 779 1643 809 in

951 827 1078 868 quibus
1107 828 1209 868 poeta
1240 835 1366 858 reeens
1390 835 1410 857 a
1434 828 1574 859 miseria
1600 827 1643 859 de

949 876 1123 908 bellorum
1153 875 1305 908 civilium
1330 875 1430 908 malis
1458 877 1645 917 conqueri-

950 927 1039 957 tur.»
1065 926 1208 957 Famae.

996 976 1025 1006 4.
1064 976 1088 1006 O
1123 975 1210 1016 diva]
1240 974 1404 1007 Libanius
1438 975 1522 1020 περὶ
1555 973 1645 1007 δου-

951 1024 1054 1065 λείας
1074 1026 1110 1057 Τ.
1129 1025 1168 1057 ΙΙ.
1187 1034 1265 1065 pag.
1287 1024 1343 1056 66:
1374 1021 1448 1069 χρὴ
1472 1022 1544 1071 γὰρ
1569 1024 1646 1056 oi'e-

952 1075 1045 1107 σθαι
1068 1074 1132 1105 καὶ
1154 1071 1200 1119 τῇ
1227 1072 1332 1119 Τύχῃ
1354 1074 1506 1106 κεῖσθαι
1523 1074 1562 1106 ἑν
1580 1071 1646 1106 οὗ-

953 1121 1052 1169 ρανῷ
1077 1120 1237 1168 θρόνον,
1271 1124 1305 1154 εἰ
1331 1123 1395 1154 καὶ
1418 1120 1474 1165 μὴ
1499 1123 1539 1156 ἐν
1566 1127 1646 1163 τοῖς

952 1171 1097 1205 δώδεκα
1120 1172 1226 1212 θεοῖς
1250 1168 1472 1217 ἦρίθμηται.
1501 1191 1537 1195 —
1563 1183 1647 1214 qra-

952 1223 1031 1264 tum]
1057 1222 1130 1261 tibi,
1156 1224 1193 1253 ut
1209 1222 1271 1254 Od.
1292 1224 1321 1260 l,
1349 1222 1406 1261 30,
1433 1224 1470 1254 2:
1497 1223 1647 1254 dilectam

953 1273 1103 1312 Cypron,
1126 1272 1162 1302 et
1184 1272 1275 1311 Virg.
1302 1273 1388 1303 Aen.
1415 1272 1454 1310 3,
1481 1272 1538 1303 73:
1564 1282 1649 1313 yra-

952 1322 1079 1353 tissima
1094 1320 1186 1351 tellus
1200 1319 1326 1360 (Delus)
1340 1321 1518 1352 Nereidum
1532 1323 1646 1353 matri.

954 1372 1008 1402 Sie
1047 1370 1141 1402 enim
1183 1369 1276 1401 malo
1321 1369 1496 1411 explicare
1542 1380 1648 1412 quam

955 1428 1198 1451 «amoenum».
1228 1437 1263 1442 —
1288 1418 1433 1460 Antium]
1452 1422 1557 1461 eaput
1572 1420 1650 1452 Vol-

953 1478 1107 1508 scorum,
1126 1468 1231 1500 hodie
1246 1468 1337 1500 Anzo
1351 1469 1517 1509 rovinato,
1537 1478 1649 1511 prope

954 1518 1122 1559 oppidum
1146 1526 1239 1549 nunc
1261 1518 1471 1550 Porto—Anzo
1495 1518 1651 1560 appella-

955 1570 1041 1599 tum.
1061 1566 1185 1598 Strabo
1202 1568 1232 1598 5.
1253 1576 1287 1607 p.
1308 1567 1370 1598 ⁶232
1385 1577 1390 1597 z
1407 1563 1552 1599 Ἄντιον
1568 1569 1652 1601 νυνὶ

956 1612 1101 1648 ἀνεῖται
1117 1619 1198 1655 τοῖς
1223 1612 1410 1658 ἡγεμόσιν
1431 1618 1484 1657 εἰς
1505 1615 1652 1660 σχολὴν

957 1667 1021 1698 καὶ
1037 1662 1169 1697 ἄνεσιν
1184 1663 1259 1696 τῶν
1275 1664 1491 1705 πολιτικῶν,
1510 1662 1574 1699 ὅτε
1590 1665 1654 1698 λά-

957 1715 1065 1755 βοιεν
1088 1712 1223 1760 καιρὸν
1246 1714 1324 1746 κτλ.
1360 1717 1432 1748 Cie.
1457 1716 1503 1748 ad
1526 1718 1593 1748 Att.
1618 1717 1649 1755 4,

958 1766 995 1798 8:
1012 1766 1108 1797 Antio
1120 1765 1200 1796 nihil
1212 1765 1363 1804 quietius,
1381 1766 1463 1796 nihil
1475 1766 1586 1803 alsius,
1605 1768 1655 1798 ni·

958 1815 1003 1847 hil
1014 1815 1193 1846 amoenius.
1211 1815 1250 1847 Ut
1262 1816 1452 1846 Praeneste
1464 1816 1557 1856 (Stat.
1570 1815 1649 1847 Silv.

960 1866 996 1904 4,
1023 1865 1059 1903 3,
1091 1864 1148 1895 80:
1180 1864 1412 1895 Praenestinae
1426 1864 1583 1906 sorores.)
1604 1866 1655 1897 sie

961 1914 1049 1946 Antii
1081 1915 1181 1945 erant
1212 1914 1383 1945 Fortunae
1417 1914 1507 1945 duae
1540 1914 1652 1954 (Suet.

961 1962 1066 2003 Calig.
1093 1963 1178 2003 57.),
1213 1971 1304 2002 quae
1334 1972 1398 2003 per
1426 1965 1539 1995 sortes
1570 1972 1656 1995 eon-

961 2011 1183 2050 sulebantur,
1217 2020 1305 2051 quas
1336 2012 1499 2043 veridicas
1528 2022 1657 2044 sorores

962 2060 1112 2101 appellat
1128 2059 1291 2092 Martialis
1307 2061 1338 2099 5,
1368 2061 1397 2099 l,
1424 2061 1454 2092 3.
1481 2062 1653 2102 Inscripti.

963 2118 1072 2140 mear.
1090 2110 1161 2140 Lat.
1178 2109 1215 2139 N.
1233 2109 1333 2141 4738:
1350 2118 1520 2143 FonTVMS.
1537 2119 1659 2143 werm-

962 2166 1065 2190 σιεγε.
1083 2165 1285 2189 ΑΝΤιΑΠΒνε.
1314 2158 1485 2190 Fortunae
1502 2161 1657 2192 Antiates

964 2215 1152 2248 expressae
1189 2209 1270 2238 sunt
1304 2207 1336 2238 in
1372 2209 1484 2247 gentis
1519 2210 1657 2241 Rustiae

965 2257 1109 2289 denario
1141 2256 1234 2297 apud
1267 2256 1394 2288 Eekhel
1425 2258 1463 2289 D.
1490 2258 1528 2289 N.
1554 2258 1594 2289 V.
1622 2268 1655 2299 p.

964 2307 1038 2338 298.
1074 2306 1188 2337 Rieeio
1219 2307 1265 2337 Μ.
1297 2307 1332 2338 F.
1363 2307 1400 2338 R.
1426 2316 1459 2349 p.
1488 2307 1560 2338 1190.
1589 2307 1656 2339 Csr.

966 2355 1122 2387 Gerhard
1156 2355 1234 2386 Text
1263 2364 1307 2386 zu
1329 2357 1359 2386 cl.
1385 2359 1454 2387 ant.
1479 2356 1595 2387 Biltlw.
1633 2357 1657 2387 1.

965 2415 999 2446 p.
1027 2405 1078 2436 62.
1106 2403 1197 2436 Alias
1229 2405 1459 2436 Fortunarum
1492 2405 1660 2445 imagines

966 2454 1045 2486 vide
1077 2455 1109 2485 in
1142 2454 1250 2485 Musei
1283 2453 1433 2485 Boi-bon.
1462 2455 1515 2485 lll.
1542 2455 1577 2485 T.
1606 2455 1657 2486 ²36.

967 2504 1036 2536 Csr.
1064 2503 1187 2535 schulz
1213 2504 1245 2534 in
1268 2504 1388 2535 Annali
1412 2504 1482 2534 dett·
1509 2505 1581 2535 inst,
1601 2513 1661 2534 ar-

966 2553 1064 2585 clieol.
1091 2554 1127 2584 T.
1155 2554 1208 2585 XI.
1235 2562 1268 2594 p.
1290 2554 1361 2584 lli.
1400 2554 1526 2585 Earum
1548 2552 1661 2584 cultus

968 2602 1114 2635 durasse
1130 2602 1268 2634 videtur
1287 2611 1398 2642 usque
1416 2602 1460 2633 ad
1477 2602 1660 2634 Theodosii

969 2653 1011 2684 M.
1032 2655 1203 2693 tempora.
1231 2651 1383 2684 Mam-01).
1404 2654 1471 2683 Sat.
1493 2653 1522 2686 i.
1541 2652 1593 2683 123.
1615 2654 1657 2692 (p.

969 2702 1004 2733 34
1014 2703 1026 2733 4
1037 2703 1069 2742 .):
1083 2702 1120 2732 Ut
1134 2702 1277 2733 videmus
1289 2702 1378 2741 apud
1389 2702 1519 2733 Antium
1530 2711 1663 2741 promo—

970 2752 1037 2782 veri
1054 2751 1131 2791 (sicli
1150 2754 1313 2782 vorwttrts
1329 2751 1464 2792 beugen)
1482 2751 1660 2783 simulacra
