1997 3219
683 166 758 197 11113.
785 166 838 197 lv.
895 166 932 197 C.

961 165 1014 198 xl.
1561 163 1641 204 599

428 268 570 310 Vincta
601 266 800 310 verbenis
830 275 925 311 avet
958 267 1170 310 immolato

538 348 742 405 Spargier
773 361 881 404 agno
901 363 908 399 3

424 466 583 508 Cuncta
615 465 781 507 festinat
811 479 983 514 manus,
1016 465 1099 508 hue
1129 472 1172 508 et
1203 465 1298 507 illuc

430 545 641 588 Cursitant
670 545 823 588 mixtae
854 545 999 601 pueris
1031 544 1220 601 puellae3

1590 544 1603 586 l
1615 546 1640 585 Ο

427 625 656 668 Sordidum
686 625 883 668 flammae
914 625 1127 682 trepidant
1157 632 1343 668 rotantes

541 707 706 748 Vertice
738 706 911 748 fumum.

426 823 476 866 Ut
507 830 646 865 tamen
675 821 791 864 noris
821 821 978 878 quibus
1009 821 1234 864 advoceris

429 902 624 951 Gaudiis,
658 902 757 944 Idus
788 901 861 944 tibi
892 909 989 944 sunt
1021 902 1233 959 agendae,

432 983 512 1034 Qui
546 982 638 1026 dies
669 996 862 1026 mensem
892 983 1068 1026 Veneris
1098 983 1288 1025 marinae

285 1140 315 1171 9.
341 1140 498 1179 festinant
521 1140 559 1170 N.
587 1139 764 1171 Helnsius.
795 1157 826 1162 —
859 1139 912 1170 44.

203 1292 270 1328 est,
295 1296 433 1329 gramen
457 1295 500 1318 ea:
523 1295 601 1318 arce
623 1295 697 1317 cum
720 1294 783 1317 sua
805 1289 898 1317 terra

201 1338 355 1369 evolsum.
390 1337 545 1368 Donatus
570 1335 615 1367 ad
635 1336 712 1367 Ter.
734 1335 842 1367 Andr.
862 1334 893 1374 4,

202 1386 238 1423 3,
258 1387 292 1417 ii
313 1395 319 1416 :
347 1385 532 1417 verbenae
545 1402 560 1407 -
575 1402 590 1407 -
604 1384 801 1416 redimicula
822 1388 897 1415 sunt

202 1444 355 1466 ararum.
405 1434 503 1466 Cons.
531 1433 575 1465 ad
599 1433 661 1465 Od.
689 1434 724 1473 4,
752 1434 810 1472 49,
840 1433 892 1466 44.

201 1503 235 1506 -
263 1484 442 1524 Sparyier]
484 1484 556 1515 Hoc
584 1491 654 1514 uno
681 1482 758 1514 loeo
782 1484 816 1514 in
840 1482 895 1523 ly-

199 1534 281 1566 ricis
319 1534 426 1565 utitur
461 1533 617 1565 infinitivi
652 1533 764 1564 forma
805 1533 895 1564 anti—

200 1584 342 1623 quiore,
389 1591 456 1622 qua
494 1583 597 1613 nimis
638 1582 735 1613 abuti
781 1581 896 1614 solent

199 1631 299 1673 lyrici
315 1632 423 1663 Latini
441 1632 677 1670 recentiores,
696 1631 801 1663 etiam
818 1632 897 1662 Sar-

198 1681 348 1713 bievius.
365 1700 400 1704 -
415 1682 506 1719 Iam,
526 1681 621 1721 quod
639 1689 816 1713 nonnemo
833 1689 895 1712 ca-

198 1729 335 1763 villatus
359 1732 413 1762 est
437 1739 479 1761 ex
503 1730 668 1762 Varronis
694 1731 892 1763 testimonio

199 1780 293 1820 apud
319 1780 551 1811 Censorinum
575 1780 614 1811 C.
640 1780 683 1810 ⁶2:
722 1780 760 1810 Id
792 1780 895 1811 moris

197 1829 401 1868 institutique
415 1829 558 1859 maiores
578 1829 683 1860 nostri
707 1832 892 1868 tenuerunt,

197 1882 233 1910 ut
255 1888 330 1910 cum
354 1878 404 1909 die
426 1878 531 1909 natali
553 1887 672 1909 munus
692 1879 814 1910 annale
829 1878 894 1910 Ge—

198 1929 252 1959 nio
278 1927 456 1966 solverent,
500 1935 638 1957 manum
670 1936 692 1957 a
725 1928 823 1958 caede
853 1936 894 1958 ac

197 1977 359 2017 sanquine
393 1975 608 2014 abstinerent,
644 1984 684 2007 ne
718 1976 790 2015 die,
826 1984 894 2014 qua

198 2027 260 2066 ipsi
287 2026 393 2058 lucem
426 2026 645 2065 accepissent,
683 2025 759 2056 aliis
785 2025 894 2056 deme—

196 2076 292 2108 rent:
328 2083 514 2107 assensum
540 2075 687 2106 sortasse
712 2076 891 2113 moveret,

199 2126 227 2157 si
250 2124 294 2156 de
320 2125 449 2156 Horatii
474 2125 583 2165 ipsius
608 2124 663 2155 die
689 2123 792 2155 natali
815 2124 849 2154 h.
869 2122 890 2154 l.

198 2176 379 2214 ageretur;
432 2172 513 2205 nihil
563 2175 681 2205 autem
726 2172 891 2211 vetabat,

199 2224 386 2264 quominus
422 2224 633 2255 Maecenatis
676 2221 778 2254 natali
825 2231 892 2253 una

200 2280 262 2312 pro
286 2273 387 2304 amici
412 2271 523 2304 salute
549 2274 583 2304 et
606 2281 670 2314 pro
687 2273 801 2304 semet
817 2272 892 2313 ipso

200 2329 276 2353 rem
311 2322 471 2354 divinam¹
500 2322 594 2354 domi
630 2331 715 2353 suae
747 2321 890 2353 faceret.

200 2371 328 2402 Confer
357 2372 461 2403 etiam
487 2372 550 2404 Od.
577 2372 617 2410 3,
639 2373 698 2410 47,
719 2372 795 2410 45.,
833 2371 892 2403 ubi

200 2423 318 2452 contra
345 2421 438 2453 idem
466 2421 628 2453 Varronis
654 2422 892 2453 testimonium

200 2471 321 2501 Genius
343 2474 484 2501 curatur
504 2479 606 2510 porco
631 2471 783 2502 bimestri.

243 2519 358 2550 9-42.
392 2519 526 2560 manus]
553 2519 699 2551 «familia
725 2529 802 2551 mea
822 2522 891 2552 tota

200 2567 383 2610 diligenter
418 2569 591 2600 ministrat
631 2570 829 2601 convivium
873 2580 891 2600 a

200 2626 257 2649 me
275 2620 470 2659 paratumst»
497 2619 689 2656 Quominus
715 2621 892 2651 vertamus

201 2675 282 2699 cum
325 2667 468 2699 vossio:
530 2668 777 2708 Unyesaumt.
819 2669 893 2699 citt

194 2717 383 2757 jeqtictze
406 2719 541 2750 Hand:
568 2717 728 2758 prohibei
755 2728 783 2749 x.
811 2727 892 2749 cwi—

1589 983 1604 1024 ·‘l
1616 985 1640 1024 5

939 1139 1104 1178 crepitant
1115 1125 1118 1130 ¹
1128 1137 1284 1170 malebat
1307 1137 1494 1170 Bentleius.

945 1288 1009 1317 eta.
1059 1285 1127 1318 Cfr.
1169 1287 1287 1318 Iuven.
1319 1285 1378 1325 44,
1408 1286 1469 1318 59:
1509 1287 1641 1327 Hospite

943 1338 1081 1367 venturo
1095 1334 1231 1367 cessabit
1252 1343 1346 1367 nemo
1369 1338 1520 1374 tuorum,·
1542 1337 1639 1369 Verre

938 1385 1184 1424 pavimentum,
1231 1385 1354 1416 nitidas
1387 1386 1515 1417 ostende
1547 1386 1640 1417 colto-

942 1442 1038 1465 mnas
1050 1443 1060 1471 ;
1099 1434 1204 1465 Arida
1243 1443 1319 1465 ewm
1359 1437 1428 1466 tota
1466 1435 1639 1467 descendat

943 1491 1073 1514 aranea
1095 1483 1160 1514 tela
1183 1483 1250 1514 cet.
1288 1500 1322 1504 —-
1355 1484 1471 1522 pueris
1490 1483 1633 1525 puellae]

944 1532 1091 1563 ministri
1124 1533 1158 1563 et
1187 1531 1344 1563 ancillae.
1378 1533 1418 1564 V.
1440 1533 1571 1572 puellae
1594 1534 1638 1566 de

943 1580 1074 1613 ancillis
1098 1581 1341 1619 rarissimum3
1369 1582 1481 1622 cogita
1498 1582 1542 1614 de
1560 1591 1637 1615 ver-

943 1630 1045 1662 nulis.
1075 1648 1111 1653 —
1137 1630 1330 1671 Sordidum]
1356 1631 1431 1662 den
1457 1632 1638 1673 qualmig]

941 1680 1201 1712 wirbelnden
1218 1680 1362 1711 tzaueh.
1388 1681 1490 1712 Voss.
1513 1699 1548 1704 —
1575 1684 1639 1714 tre-

937 1731 1058 1770 pidant
1081 1728 1238 1769 rotantes]
1265 1729 1421 1760 «sumum
1452 1729 1638 1763 celerrime

943 1781 1150 1820 torquentes
1175 1787 1216 1810 ae
1240 1777 1497 1819 glomerantes,
1532 1781 1577 1811 ita
1601 1783 1639 1812 ut

944 1829 1020 1860 eius
1036 1828 1207 1859 verticem
1231 1826 1426 1870 (Wirbel)
1451 1828 1637 1861 efficiant.»

944 1877 1124 1916 «Quodam
1156 1879 1311 1909 tremore
1335 1878 1473 1917 nigrum
1503 1877 1637 1910 fumum

942 1926 1161 1967 glomeratim
1178 1925 1362 1957 volventes
1379 1927 1413 1957 in
1429 1928 1634 1959 verticem.»

943 1976 1053 2007 Conni.
1074 1976 1176 2011 Cnuo.
1225 1975 1322 2006 Hane
1347 1976 1441 2006 enim
1466 1976 1637 2017 interpre-

942 2024 1109 2055 tationem
1127 2022 1353 2064 praetulerim
1369 2023 1480 2063 alteri,
1508 2034 1550 2056 ex
1567 2034 1636 2066 qua

940 2077 1056 2106 vertex
1065 2075 1119 2105 est
1129 2072 1290 2104 «culmen
1297 2073 1450 2105 aedium.
1459 2086 1473 2101 »
1488 2075 1560 2106 Iam
1573 2076 1637 2107 Lu-

943 2124 1072 2155 eretius
1086 2123 1116 2162 6,
1128 2123 1202 2154 200.
1219 2123 1263 2153 de
1277 2121 1496 2154 fulminibus:
1511 2128 1639 2156 rotant-

943 2182 1004 2214 que
1026 2174 1117 2205 cavis
1137 2174 1309 2214 flammam
1330 2173 1521 2212 fornacibus
1538 2174 1634 2206 intus.

987 2222 1130 2254 43-46.
1171 2221 1287 2261 quibus
1320 2222 1504 2262 advoceris]
1539 2223 1635 2255 Hane

943 2272 1092 2303 sormam
1139 2270 1307 2302 exhibent
1354 2272 1521 2310 quattuor
1565 2274 1634 2305 mei

944 2321 1075 2360 Codd.,
1095 2321 1160 2353 etsi
1177 2329 1241 2361 ego
1260 2329 1401 2361 quoque
1420 2321 1636 2361 praeferrem

943 2372 1101 2403 advocet-e
1123 2373 1157 2403 et
1182 2372 1326 2412 propter
1354 2378 1480 2402 sonum
1502 2373 1537 2401 et
1552 2380 1636 2412 pro-

943 2423 1020 2461 pter
1037 2418 1227 2452 multorum
1244 2419 1353 2451 codd.
1374 2421 1632 2460 auctoritatem,

942 2470 1001 2510 qui
1014 2469 1076 2501 Od.
1094 2469 1126 2508 4,
1142 2470 1194 2508 42,
1215 2470 1265 2500 46.
1291 2469 1453 2501 merebere
1469 2470 1636 2503 exhibent

942 2529 1004 2561 pro
1016 2519 1199 2551 mereberis.
1212 2535 1245 2541 —
1261 2518 1393 2550 Eadem
1404 2521 1636 2552 constructio-

944 2578 986 2601 ne
1005 2568 1142 2608 Quintil.
1164 2570 1197 2600 44
1216 2595 1221 2605 ,
1243 2570 1278 2608 4,
1298 2568 1356 2599 39:
1393 2577 1533 2608 causae,
1559 2571 1635 2609 qui-

943 2619 1000 2650 bus
1022 2620 1236 2650 advocamur.
1268 2637 1299 2640 -
1326 2618 1489 2659 marinae]
1515 2619 1578 2650 od.
1600 2620 1631 2657 3,

943 2670 1002 2707 ²26,
1022 2670 1053 2700 5.
1077 2664 1348 2710 ’Λναδυιῃιίνης
1363 2692 1370 2704 ,
1397 2677 1486 2708 quat·
1512 2677 1633 2701 mense

941 2718 1067 2760 Aprili,
1105 2719 1168 2760 ipsi
1200 2727 1317 2753 ssu-ro,
1357 2727 1374 2749 e
1400 2718 1487 2749 mari
1516 2727 1634 2750 emer-
