1997 3219
317 144 397 186 580
828 144 997 175 IIORATII
1023 143 1246 177 CARMINUM

484 247 771 303 Mavortisque
803 260 936 302 puer,
971 246 1005 287 si
1037 240 1298 288 taciturnitas

487 327 688 371 Obstaret
718 327 878 369 meritis
911 325 1051 369 invida
1082 325 1280 369 Romuli?

487 409 687 464 Ereptum
717 407 875 464 Stygiis
908 406 1106 450 fluctibus
1136 408 1323 449 Aeacum
1706 406 1758 446 25

488 488 627 531 Virtus
660 494 702 530 et
731 487 849 530 favor
880 494 921 529 et
951 487 1094 543 lingua
1123 486 1358 543 potentium

486 570 637 611 Vatum
668 567 869 621 divitibus
900 573 1124 610 consecrat
1154 566 1325 611 insulis..

482 649 666 705 Dignum
696 648 822 691 laude
851 648 989 690 virum
1020 649 1138 689 Musa
1168 653 1282 690 vetat
1310 648 1443 689 mori:

488 729 616 773 Caelo
648 730 767 771 Musa
796 728 908 772 beat.
969 728 1039 771 Sic
1070 728 1180 770 Iovis
1212 728 1387 770 interest

485 810 650 866 Optatis
682 809 820 866 epulis
850 809 1031 866 impiger
1061 808 1288 857 Hercules,
1705 808 1757 849 30

486 890 657 934 Clarum
688 889 956 947 Tyndaridae
988 889 1106 931 sidus
1138 889 1190 931 ab
1222 888 1375 930 infimis

485 973 675 1022 Quassas
706 970 890 1027 eripiunt
920 959 1182 1027 aequoribus
1212 976 1352 1018 rates,

406 1104 458 1137 25.
484 1102 639 1144 Aeacum]
666 1111 808 1142 aequum
832 1103 867 1133 T.
898 1120 933 1124 ——
959 1101 1012 1133 ⁶26.
1034 1110 1144 1142 pavor
1167 1101 1203 1132 T.
1233 1118 1268 1123 -
1295 1100 1347 1132 29.
1373 1100 1495 1132 beatus.
1521 1101 1576 1132 Sic
1600 1102 1634 1132 T.

315 1223 476 1254 maneret
492 1222 598 1253 etiam
614 1219 799 1259 Romulus,
826 1220 892 1252 nIsi
916 1219 1012 1251 cele-

317 1271 440 1303 bratus
466 1272 560 1303 esset
583 1280 603 1302 a
625 1271 760 1311 poetis,
801 1270 1010 1311 praesertim

314 1321 359 1352 ab
377 1321 487 1352 Ennio
504 1320 598 1361 apud
616 1320 687 1351 Cic.
714 1319 757 1351 de
780 1320 863 1361 Rep.
890 1321 924 1359 4,
943 1319 979 1351 41
1001 1328 1007 1350 ;

313 1372 338 1402 O
360 1370 518 1408 Romule,
541 1369 675 1401 Romule
720 1369 791 1408 die,
824 1369 960 1409 Qualem
984 1372 1013 1400 te

307 1420 445 1460 patriae
479 1420 643 1450 custodem·
675 1419 707 1449 αἱ
737 1420 945 1459 qenuerunt!
985 1418 1010 1449 O

309 1473 432 1510 pater,
473 1477 490 1499 o
525 1468 676 1509 genitor!
726 1477 744 1499 ο
779 1477 926 1509 sanguen
961 1469 1010 1499 (lis

311 1519 510 1550 oriundam!
526 1535 563 1540 —
582 1518 626 1548 Ta
639 1518 830 1557 proclaoeisti
845 1527 904 1549 nos
918 1518 1009 1548 intra

313 1568 446 1600 laminis
469 1576 558 1598 oraS.
587 1585 622 1589 —
664 1567 691 1597 si
714 1567 925 1598 taciturnitas
949 1567 1010 1598 Ob-

310 1620 445 1649 staret-
461 1615 585 1656 invida]
613 1616 666 1647 «Si
682 1617 814 1656 posteri
836 1616 942 1648 invidi
964 1616 1008 1648 de

312 1676 355 1699 eo
391 1666 617 1697 tacuissent.»
656 1665 724 1696 Cfr.
755 1665 816 1696 Od.
836 1665 874 1704 4,
893 1666 929 1703 9,
948 1665 1005 1697 33:

311 1716 430 1747 lividas
458 1714 647 1745 Obba-iones.
674 1713 851 1745 Victorem
869 1723 888 1745 a
904 1716 1008 1755 poeta

312 1764 530 1796 celebratum
548 1759 706 1805 σιγαλὸν
721 1759 941 1804 ἀμαχανίαν
953 1759 1010 1809 ἔρ-

310 1825 364 1857 γῳ
388 1810 562 1855 φυγόντα
588 1814 690 1844 vocat
713 1812 881 1845 Pindarus
905 1814 1005 1853 Pyth.

311 1864 350 1901 9,
378 1862 430 1893 92.

353 1912 434 1942 25-
456 1911 508 1942 ⁶27.
555 1910 716 1950 Aeacum]
762 1912 821 1951 qui
859 1911 1007 1943 immor-

311 1960 430 1993 talitati
477 1961 703 1991 consecratus
749 1969 855 2001 saepe
896 1960 1009 1992 laudi-

311 2010 379 2042 bus
396 2008 596 2040 celebratur
612 2017 631 2038 a
648 2009 815 2048 Pindaro,
845 2009 921 2041 loco
942 2010 1008 2042 irn-

310 2059 433 2101 primis
469 2057 610 2089 notabili
653 2058 774 2089 Isthm.
814 2060 832 2089 7
871 2059 923 2099 (al.
962 2060 1005 2100 8),

312 2108 385 2146 23.,
413 2107 472 2138 uhi
491 2107 533 2138 dc
552 2115 594 2138 eo
612 2105 711 2137 dicit:
743 2103 765 2137 ὃ
782 2107 847 2139 καὶ
862 2106 1008 2150 Δαιμό-

311 2166 420 2188 νεσσι
451 2153 558 2195 δίκας
578 2153 775 2199 ἐπείραινε.
809 2173 843 2178 —
885 2157 1005 2199 Virtus]

314 2207 385 2237 «vis
418 2206 563 2246 ingenii,
601 2203 746 2236 facultas
776 2206 947 2245 poetica.»
970 2225 1002 2231 -

307 2254 507 2295 potentium]
545 2255 583 2284 ut
617 2252 679 2284 Od.
706 2253 745 2292 3,
772 2254 830 2293 30,
860 2255 923 2286 2¹2:
967 2264 1009 2287 ως

312 2304 426 2335 humili
439 2306 563 2343 polens.
611 2303 756 2333 Potentes
772 2305 851 2334 sunt
868 2305 1005 2344 poetae,

314 2355 488 2394 quatenus
538 2350 835 2383 immortalitatem
875 2353 1007 2385 donare

313 2403 473 2444 possunt.
503 2420 538 2424 -
565 2401 748 2432 ‹livitibzcs-
767 2402 889 2443 insulis]
917 2402 1009 2434 «sor-

313 2451 474 2483 tunatis».
523 2450 578 2481 Sic
610 2450 679 2481 lam
715 2451 824 2491 Epod.
863 2452 924 2490 116,
953 2452 1005 2484 42.

312 2498 380 2540 τὰς
403 2497 586 2545 μακάρων
614 2497 757 2541 νήσους
787 2502 940 2532 vocarat.
970 2518 1005 2523 —

312 2550 491 2591 consecrat]
511 2551 657 2581 Sanctae
676 2549 769 2580 enim
786 2551 866 2580 sunt
885 2558 1007 2581 omncs

313 2598 419 2639 Elysii
443 2598 602 2630 umbrae.
641 2599 711 2630 Cic.
742 2597 826 2629 Phil.
859 2598 917 2637 41,
944 2600 1004 2630 ’1’2;

313 2649 501 2688 fortissimi,
539 2649 616 2679 dum
638 2648 783 2686 vixistis,
822 2656 908 2679 nunc
930 2656 1008 2679 vero

315 2697 413 2729 ctiam
436 2698 630 2729 sanclissimi
657 2697 780 2728 milites.
809 2697 940 2729 Seneca
964 2697 1007 2728 ilo

1060 1219 1198 1251 Provid.
1215 1220 1252 1251 2:
1278 1220 1370 1252 Mors
1385 1220 1456 1251 illos
1471 1223 1658 1259 consecrat,
1678 1229 1755 1259 quc-

1060 1278 1136 1300 rum
1165 1270 1292 1300 emtam
1319 1273 1349 1300 et
1377 1270 1432 1308 qut
1462 1270 1574 1301 timent
1603 1270 1752 1301 laudant.

1103 1318 1145 1350 28
1161 1336 1180 1341 -
1196 1317 1248 1350 34.
1274 1322 1363 1350 vetat
1377 1319 1479 1360 mori]
1506 1319 1606 1350 «Eius
1623 1328 1753 1351 nomen

1061 1367 1202 1398 interire
1225 1376 1405 1407 nunquam
1423 1368 1536 1400 sinit.»
1558 1384 1593 1390 —-
1625 1368 1721 1400 Caelo
1738 1386 1756 1391 -

1060 1416 1142 1456 beat]
1181 1417 1235 1448 «in
1271 1416 1368 1448 caelo
1401 1416 1611 1449 collocatum
1640 1417 1755 1449 reddit

1058 1465 1238 1497 beatum.»
1265 1467 1351 1507 Epp.
1372 1467 1403 1505 4,
1424 1466 1476 1505 48,
1496 1467 1554 1498 75:
1572 1468 1710 1499 Munere
1726 1471 1755 1499 te

1054 1524 1163 1555 parvo
1187 1515 1263 1546 beet.
1306 1515 1414 1555 (Ovid.
1443 1525 1483 1547 ex
1512 1517 1620 1547 Ponto
1649 1516 1689 1555 4,
1720 1517 1752 1554 8,

1059 1566 1099 1597 55
1117 1574 1122 1595 :
1148 1566 1192 1596 Di
1209 1574 1336 1604 quoque
1351 1565 1569 1604 carminibus,
1594 1566 1621 1596 εἰ
1635 1565 1688 1605 fas
1710 1570 1754 1597 est

1058 1614 1306 1655 elicere,fiun!.)
1333 1631 1367 1637 -
1397 1614 1462 1653 Sic]
1488 1623 1553 1655 per
1569 1616 1754 1655 poetarum

1059 1663 1225 1694 carmina.
1255 1680 1290 1685 —
1329 1663 1471 1702 Optatis]
1499 1663 1564 1694 «ab
1590 1663 1753 1695 omnibus

1058 1713 1140 1744 viris
1175 1713 1374 1752 generosis,
1427 1713 1486 1753 qui
1531 1713 1640 1745 rebus
1679 1715 1751 1746 suis

1059 1763 1166 1802 gestis
1184 1762 1228 1793 ad
1246 1761 1545 1794 immortalitatem
1562 1763 1752 1803 aspirant.»

1060 1812 1281 1844 Hermannus
1316 1812 1349 1842 in
1379 1820 1468 1843 nova
1501 1820 1563 1844 sua
1589 1813 1754 1845 carminis

1060 1862 1323 1894 constitutione:
1352 1861 1485 1892 Oblatis.
1514 1879 1549 1884 -—
1588 1862 1752 1904 Hercules]

1059 1910 1334 1943 Pulcherrimam
1357 1910 1544 1950 imaginem
1558 1911 1715 1943 Herculis
1734 1920 1754 1943 a

1058 1961 1138 1992 Iove
1154 1961 1188 1992 et
1200 1960 1349 1991 Victoria
1368 1960 1401 1990 in
1420 1959 1515 1991 caelo
1528 1961 1661 2001 recepti
1673 1960 1752 1992 vide

1059 2009 1153 2050 apud
1171 2009 1328 2040 Gerhard
1345 2010 1479 2049 Vasenq.
1495 2010 1536 2040 II.
1557 2010 1593 2041 T.
1611 2010 1750 2041 CXLIII.

1061 2077 1096 2082 -—
1137 2059 1360 2098 Tyndaridae]
1395 2058 1519 2090 Castor
1553 2060 1587 2090 et
1613 2058 1750 2099 Pollux,

1056 2108 1179 2148 fratres
1211 2108 1369 2146 Helenae,
1396 2107 1506 2138 lucida
1529 2108 1657 2147 sidera,
1688 2108 1750 2140 Od.

1059 2158 1071 2188 11
1090 2183 1096 2196 ,
1117 2157 1154 2196 3,
1172 2158 1203 2188 2.
1234 2175 1268 2179 —-
1295 2156 1336 2188 ab
1361 2157 1489 2197 infimis]
1515 2157 1647 2188 Eadem
1672 2166 1754 2189 con-

1058 2207 1202 2238 structio
1239 2206 1344 2237 etiam
1379 2206 1413 2236 in
1441 2214 1548 2246 prosa
1581 2207 1749 2238 oratione.

1058 2255 1201 2287 Rutilius
1226 2256 1310 2296 Lup.
1337 2256 1376 2293 ⁶2,
1403 2254 1444 2286 4:
1484 2258 1521 2286 ut
1550 2264 1582 2286 se
1612 2265 1634 2286 a
1657 2256 1752 2287 calu—

1058 2304 1275 2335 mniatoribus
1298 2304 1458 2343 eripiatis.
1507 2304 1604 2336 Idem
1626 2305 1662 2344 ⁵2,
1687 2305 1749 2337 116:

1058 2354 1160 2384 socios
1182 2357 1310 2384 nostros
1332 2355 1369 2384 (Ie
1392 2354 1545 2386 servitute
1560 2355 1749 2393 eripuimus.

1062 2421 1096 2424 -
1124 2403 1278 2442 eripiunt]
1305 2403 1450 2434 Theocr.
1478 2403 1539 2442 022,
1571 2404 1626 2434 47:
1665 2400 1752 2434 Ἀλλ’

1059 2447 1181 2493 ἔμπας
1220 2448 1327 2493 ὑμεῖς
1364 2462 1405 2494 γε
1443 2452 1507 2483 καὶ
1546 2451 1587 2484 ἐκ
1625 2451 1749 2490 βυθοῦ

1059 2495 1183 2532 ἕλκετε
1220 2499 1314 2540 νᾶας
1348 2498 1529 2533 Αὐτοῖσιν
1569 2500 1751 2546 ναύτῃσιν

1059 2546 1252 2591 ὀϊομένοις
1266 2549 1483 2582 θανέεσθαι.
1500 2549 1747 2591 Eu1·ip.Elect1·.

1058 2599 1142 2630 990:
1182 2596 1338 2644 κούροιν
1361 2597 1451 2639 Διός
1465 2623 1474 2639 ,
1500 2599 1538 2630 οἳ
1559 2596 1750 2643 φλογερὰν

1058 2647 1176 2693 αἰθέρ’
1202 2646 1242 2680 ἐν
1265 2644 1422 2694 ἄστροις
1444 2648 1623 2685 Ναίουσι,
1656 2647 1750 2691 ,890-

1058 2694 1131 2728 τῶν
1167 2696 1206 2729 ἐν
1241 2694 1334 2737 ἁλὸς
1357 2693 1505 2742 ῥοθίοις
1529 2693 1648 2739 Τιμὰς
1673 2707 1749 2728 σω-
