1997 3219
815 155 979 187 llORATll
1008 155 1174 187 EPoDoN

751 493 1062 532 GARMEN
1102 493 1200 531 x:-

387 618 510 668 Petu,
545 617 644 659 nihil
676 631 743 660 me
774 618 884 660 sicut
914 624 1038 659 antea
1068 617 1183 658 iuvat

442 698 639 741 Scribere
669 697 905 741 versiculos
937 710 1082 739 amore
1113 710 1368 753 percussum
1398 697 1541 753 gravi.

384 781 557 827 Amore,
590 779 662 834 qui
694 791 762 820 me
794 784 965 834 praeter
996 791 1144 819 omnes
1176 777 1334 833 expetit

441 858 634 901 Mollibus
665 858 705 898 in
736 858 883 914 pueris
915 864 987 899 aut
1017 857 1058 898 in
1088 857 1241 913 puellis
1274 871 1411 907 urere.

386 939 462 982 Hic
492 938 640 981 tertius
671 937 933 986 December3
968 951 1020 979 ex
1052 951 1137 993 quo
1170 937 1309 980 destiti
1689 952 1713 977 ι)

358 1070 413 1101 ΧΙ.
439 1070 547 1101 Inscr.
573 1068 663 1108 volg.
700 1069 750 1100 Ad
771 1068 911 1100 Pettium
932 1066 988 1099 vel
1011 1068 1176 1106 Pectiwn,
1203 1069 1237 1099 et
1261 1068 1311 1100 sic
1328 1076 1358 1099 c.
1380 1085 1415 1091 —
1442 1069 1548 1100 Pectie
1564 1069 1671 1100 amico

320 1128 378 1151 suo
401 1119 542 1150 invisam
565 1118 625 1150 sibi
645 1119 794 1158 poeticen
817 1126 882 1150 esse
911 1118 945 1149 in
967 1117 1094 1148 cubitus
1118 1118 1187 1158 (sic)
1212 1127 1286 1149 suos
1308 1119 1543 1158 irrumpentem
1566 1119 1603 1149 B.
1632 1135 1666 1140 —

316 1169 346 1200 »1.
371 1169 456 1200 Pecti
477 1167 617 1206 BSTd‚F
651 1168 730 1207 (non
754 1167 824 1206 hc).
865 1183 899 1188 —
938 1167 968 1198 2.
1001 1166 1194 1206 perculsum
1217 1165 1292 1208 λμ,
1329 1164 1453 1206 Aldus,
1480 1168 1585 1199 LCtF.
1622 1168 1671 1207 (Ut

314 1226 398 1255 nos,
424 1216 589 1254 BbSTcd⁷
616 1217 702 1248 Pott.
731 1217 765 1253 4,
793 1216 858 1256 45.)
887 1232 921 1237 -
960 1215 989 1247 li.
1019 1219 1078 1247 aut
1095 1216 1210 1255 pueris
1234 1215 1389 1248 malebat
1412 1215 1599 1249 Bentleius.
1631 1233 1664 1238 —

318 1267 349 1298 5.
377 1266 553 1298 decembris
577 1265 611 1297 d.

314 1383 369 1414 XI.
406 1383 558 1422 Lycisci,
584 1383 685 1423 pueri
709 1383 829 1420 amati,
867 1390 967 1413 arro—

271 1432 386 1472 gantia
399 1440 440 1463 ac
453 1431 619 1472 superbia
630 1440 858 1472 summopere
872 1440 968 1463 com-

271 1480 405 1520 motus,
432 1480 592 1512 dolenter
608 1481 734 1519 Pettio,
761 1480 871 1512 sodali
888 1489 963 1519 suo7

272 1530 400 1562 fatetur
411 1531 577 1562 miseram
591 1538 692 1561 suam
703 1531 846 1566 sortem,
875 1538 966 1569 quae

270 1580 389 1620 ipsum
419 1579 587 1611 discussis
620 1578 818 1611 sanioribus
849 1579 967 1610 consi-

272 1628 324 1660 liis
360 1629 465 1668 atque
501 1627 802 1668 obiurgationibus
833 1629 968 1659 amico-

271 1686 351 1708 rum
375 1678 540 1708 continuo
565 1677 713 1715 amoris,
741 1677 775 1708 et
800 1678 875 1708 eius
893 1677 968 1717 qui-

272 1727 354 1758 dem
379 1735 504 1767 parum
519 1726 698 1766 prosperi,
724 1725 858 1765 laqueis
876 1726 966 1756 irre-

272 1777 343 1808 tiat.
384 1776 432 1807 Ex
466 1784 596 1806 nnrscu.
644 1774 822 1806 Adversus
858 1782 964 1814 quem

271 1827 388 1866 ipsum
412 1825 641 1864 interpretem
665 1823 767 1854 nobis
790 1822 893 1854 liceat
915 1823 966 1854 af-

271 1874 431 1911 firmare,
464 1873 579 1904 onmia
610 1872 665 1903 hic
694 1873 765 1903 tam
790 1872 962 1910 iuvenilia,

272 1923 486 1964 praefracta,
512 1930 596 1953 vere
622 1922 774 1952 Romana
793 1930 891 1961 esse⁷
918 1923 967 1953 atf-

272 1981 340 2013 que
365 1972 409 2002 ad
432 1971 534 2002 unius
560 1971 688 2002 Horatii
713 1979 903 2011 personam
919 1971 965 2001 ita

272 2021 411 2058 referri,
445 2021 483 2050 ut
506 2020 619 2050 metro
645 2021 791 2059 excepto
817 2018 908 2050 nulla
933 2019 966 2050 in

271 2073 344 2103 toto
370 2069 525 2101 carmine
557 2069 638 2100 insit
672 2069 817 2100 imitatio
844 2069 965 2100 Graeci

272 2119 415 2152 alicuius
451 2118 627 2149 carminis.
675 2118 830 2158 Scriptus
864 2118 966 2149 vide-

272 2171 328 2201 tur
361 2168 496 2209 epodus
538 2176 629 2199 anno
671 2168 744 2199 720.
790 2167 844 2198 vel
889 2168 963 2199 721.

273 2219 341 2251 Csr.
368 2219 512 2250 Franke.
550 2217 719 2248 Kircliner
754 2216 884 2248 rettulit
922 2217 965 2248 ad

272 2278 302 2299 a.
334 2268 408 2299 7¹17.

316 2318 346 2348 4.
373 2318 404 2348 2.
443 2315 534 2356 Petti]
568 2316 621 2346 Sic
647 2323 776 2346 nomen
801 2314 967 2345 scribitur

273 2366 377 2397 etiam
411 2366 444 2396 in
479 2365 651 2404 Inscriptt.
678 2372 719 2395 ac
753 2364 913 2394 firmatur
947 2372 965 2394 a

272 2415 378 2447 Mario
413 2414 588 2445 Victorino
624 2422 658 2453 p.
685 2412 759 2443 235.
798 2412 899 2444 Gaisi'.
933 2414 967 2443 et

271 2462 371 2495 Atilio
411 2463 655 2494 Fortunatiano
696 2471 730 2502 p.
768 2461 842 2493 362.
880 2461 963 2493 ibid.

272 2511 335 2543 Alii
350 2513 453 2551 Pet-li,
478 2514 516 2543 ut
536 2512 671 2550 Vocatus,
700 2511 865 2542 Veclienus
881 2520 963 2551 pro:

276 2562 396 2592 Vettius
430 2562 495 2592 cet.
543 2562 709 2592 Ceterum
743 2561 880 2600 ignotus
914 2562 967 2591 est

273 2610 329 2641 liic
348 2611 476 2641 Horatii
501 2608 640 2641 sodalis.
663 2627 698 2632 —
725 2609 874 2640 Scribere
890 2618 966 2640 rer-

271 2659 399 2698 sae'culos]
432 2660 505 2690 Non
530 2659 603 2690 sine
632 2659 747 2690 taedio
773 2658 816 2689 de
847 2659 964 2699 priore

274 2716 338 2738 suo
367 2707 481 2739 studio
510 2707 671 2748 loquitur.
702 2726 735 2729 ——
759 2707 962 2747 percussum]

1018 1380 1216 1424 πληγέντα,
1243 1383 1425 1422 tamquam
1448 1381 1557 1422 flagro
1581 1382 1636 1414 vel
1656 1383 1715 1414 sti·

1018 1430 1123 1462 mulo.
1171 1430 1367 1463 Archiloch.
1395 1431 1428 1461 in
1453 1431 1562 1471 Epod.
1579 1432 1631 1462 Fr.
1659 1432 1710 1463 77.

1017 1481 1129 1520 Bergk
1151 1489 1185 1521 p.
1212 1480 1291 1512 484:
1317 1478 1514 1521 Δύστηνος
1538 1476 1709 1523 ἕγκε-ιλιιαι

1018 1527 1144 1572 πόθῳ,
1169 1525 1363 1571 Ἄψυχος,
1398 1528 1588 1575 χαλεπῇσι
1615 1528 1714 1562 θεῶν

1018 1574 1198 1624 ὀδύνῃσιν
1236 1574 1341 1620 ἕκητι
1384 1579 1633 1623 Πεπαρμένος
1670 1577 1713 1611 δι’

1018 1624 1172 1659 ὀστέων.
1224 1627 1340 1667 Virgil.
1376 1629 1435 1659 Ge.
1465 1629 1501 1666 ⁵2,
1540 1628 1620 1660 476:
1660 1629 1713 1659 in-

1016 1678 1104 1717 genti
1123 1685 1298 1716 percussus
1321 1685 1444 1707 amore.
1474 1678 1560 1708 Aen.
1579 1678 1610 1717 9,
1630 1678 1709 1709 1197:

1016 1734 1137 1766 magno
1151 1726 1287 1756 laudum
1297 1734 1472 1764 percussus
1487 1735 1611 1765 (rmore,
1638 1735 1714 1758 cer-

1017 1775 1088 1805 tam
1132 1774 1376 1805 auctoritatem
1418 1776 1617 1816 praestante
1649 1776 1714 1806 Lu-

1017 1825 1102 1854 cret.
1130 1824 1168 1861 11,
1195 1823 1276 1854 922:
1313 1823 1385 1854 acri
1414 1825 1574 1855 Percussit
1602 1825 1712 1863 thyrso

1016 1874 1123 1904 laudis
1154 1881 1224 1911 spes
1256 1881 1382 1912 mayna
1415 1881 1523 1904 meum
1555 1882 1631 1912 cor,
1670 1874 1713 1905 Et

1016 1923 1113 1953 simul
1136 1922 1269 1953 incussit
1299 1931 1431 1954 suavem
1454 1923 1500 1953 mi
1536 1924 1569 1954 in
1598 1926 1713 1962 pectus

1017 1980 1163 2002 amorem
1195 1972 1381 2003 Musarum.
1431 1972 1584 2003 Nimium
1618 1972 1652 2003 h.
1687 1972 1708 2004 l.

1017 2020 1107 2052 foret
1138 2021 1328 2059 perculsum
1367 2020 1451 2052 Cod.
1493 2020 1638 2062 Guelph.
1676 2024 1711 2053 et

1017 2068 1106 2101 Atilii
1136 2068 1157 2100 l.
1184 2068 1205 2100 l.
1247 2068 1325 2110 (cfr.
1353 2069 1488 2100 Lucret.
1524 2070 1559 2108 6,
1597 2070 1708 2110 3444,

1018 2118 1112 2160 quod
1145 2118 1270 2150 dicitur
1300 2118 1344 2150 de
1379 2119 1578 2150 vehementi
1616 2121 1707 2157 ictu,

1015 2168 1110 2199 velut
1142 2169 1195 2199 est
1231 2167 1433 2206 electi-icus,
1476 2169 1534 2208 qui
1571 2169 1710 2200 intimos

1016 2216 1071 2249 vel
1105 2218 1262 2258 corporis
1286 2215 1341 2248 vel
1366 2217 1471 2248 animi
1496 2226 1622 2249 nervos
1647 2227 1715 2258 pe—.

1017 2268 1131 2298 netrat
1161 2269 1303 2306 tamque
1334 2267 1462 2297 acriter
1489 2270 1706 2305 commovet,

1018 2317 1055 2347 ut
1078 2325 1186 2357 prope
1205 2316 1367 2347 attonitos
1388 2324 1451 2347 nos
1476 2315 1610 2347 reddat.
1639 2316 1706 2347 Csr.

1018 2365 1127 2405 Epod.
1155 2365 1192 2403 7,
1230 2365 1281 2396 46.
1323 2364 1535 2405 (Percussum
1569 2365 1711 2396 exhibet

1018 2422 1099 2445 cum
1131 2414 1257 2445 nostris
1288 2413 1372 2445 Cod.
1400 2415 1544 2454 Franeq.
1572 2415 1607 2445 et
1638 2414 1710 2445 Ma—

1019 2464 1088 2495 rius
1107 2463 1304 2494 Victorinus
1322 2462 1342 2494 1,
1362 2462 1382 2494 l.
1411 2463 1478 2494 Csr.
1499 2464 1640 2494 omnino
1658 2462 1711 2494 El-

1018 2512 1113 2544 lcndt
1136 2512 1179 2543 ad
1205 2513 1275 2543 Cic.
1303 2511 1346 2543 de
1372 2512 1426 2543 Or.
1446 2513 1483 2550 2,
1504 2513 1564 2550 70,
1583 2513 1656 2543 ⁶285.
1677 2514 1711 2542 et

1019 2564 1130 2594 Haase
1166 2563 1199 2592 in
1235 2562 1349 2593 Diario
1382 2560 1521 2593 llalensi
1554 2561 1647 2593 4842.
1674 2569 1706 2601 p.

1018 2610 1106 2650 774..)

1061 2659 1092 2690 3.
1120 2658 1149 2690 4.
1185 2662 1318 2698 praeter
1340 2658 1462 2699 omnes]
1493 2657 1601 2689 «ultra
1626 2656 1710 2688 alios

1018 2716 1177 2740 omnes.»
1203 2708 1321 2739 Senon.
1346 2708 1468 2740 Cicero
1487 2707 1708 2747 frequenter:
