1997 3219
739 201 816 232 ΜΒ.
850 200 904 231 lll.

953 199 989 230 C.
1017 199 1086 231 Vll.
1552 195 1632 236 395

545 303 643 345 Plus
677 303 786 344 iusto
817 302 1006 358 placeat,
1039 314 1169 349 eave,

428 407 631 459 Quamvis
663 420 744 448 non
778 406 885 448 alius
917 405 1090 448 sseetere
1121 418 1280 461 equum
1311 404 1451 447 sciens

425 489 573 544 Aeque
604 487 865 543 conspicitur
894 486 1084 542 gramine
1114 485 1282 531 Martio,

478 570 565 611 Nee
595 568 825 624 quisquam
855 567 962 609 citus
994 579 1132 622 aeque

537 649 673 690 Tusco
705 647 877 689 denatat
907 645 1044 689 alveo.

425 753 565 794 Prima
595 758 717 794 noete
749 750 922 793 domum
953 749 1104 794 claude
1137 763 1278 805 neque
1309 750 1349 791 in
1379 750 1470 792 vias

428 832 516 874 Sub
547 838 673 874 cantu
704 830 912 887 querulae
944 829 1121 886 despice
1152 829 1309 878 tibiae,

1585 829 1638 869 30

481 913 530 955 Et
559 919 599 954 te
630 924 761 967 saepe
791 910 958 954 vocanti

541 993 702 1034 Duram
732 990 914 1034 difficilis
944 1004 1082 1034 mane.

201 1121 267 1151 sint
285 1118 463 1150 novissimi
479 1117 633 1148 ludorum
648 1116 801 1157 magistri
814 1117 896 1147 Ger-

201 1169 310 1206 mani,
337 1165 542 1199 incredibile
559 1168 623 1198 est..
643 1164 783 1197 Scilicet
797 1173 898 1206 pror-

201 1226 262 1250 sus
287 1217 394 1257 ignari
419 1217 501 1247 sunt
518 1216 624 1253 vitae,
652 1223 759 1255 quam
775 1215 897 1245 vivunt

201 1265 449 1298 meridionales
484 1264 601 1306 populi
641 1264 741 1295 nobis
787 1262 896 1295 multo

202 1318 236 1348 et
260 1316 479 1347 ardentiores
504 1317 538 1345 et
561 1313 829 1345 licentiosiores.

243 1366 359 1397 25-28.
388 1363 554 1404 Quamvis]
573 1364 635 1395 llie
652 1362 779 1400 nullus,
799 1361 894 1402 quod

202 1415 327 1451 sciam,
367 1414 486 1445 Codex
513 1415 740 1453 Quamquam,
771 1412 892 1443 contra

204 1464 266 1495 Od.
302 1464 339 1501 3,
367 1464 409 1499 9,
436 1463 488 1494 21.
531 1462 651 1493 Codex
675 1470 776 1493 meus
811 1461 832 1491 S
864 1461 899 1492 et

204 1512 406 1545 Potum-iia.
429 1511 460 1544 4.
487 1513 517 1543 5.
546 1512 575 1543 6.
603 1512 634 1543 8.
663 1510 899 1549 l5.Quam1;is

201 1571 265 1603 pro
291 1563 512 1600 Quamquam.
541 1560 609 1592 Csr.
634 1559 773 1591 Luhker
796 1558 840 1589 ad
859 1558 894 1590 h.

202 1610 221 1642 l.
259 1628 293 1632 —
326 1612 454 1651 flectere
484 1609 614 1650 equum]
646 1608 831 1649 Equitandi
864 1608 896 1638 in

203 1660 335 1699 Campo
360 1659 481 1690 Martio
507 1660 541 1690 et
563 1667 628 1699 per
657 1657 811 1690 Tiberim
834 1665 898 1688 na—

204 1707 298 1739 tandi
330 1707 464 1739 artibus
496 1706 741 1739 adolescentes
772 1704 897 1747 puellis

202 1757 247 1788 ad
272 1765 431 1788 amorem
463 1757 583 1796 pronis
607 1764 686 1788 sese
711 1763 892 1787 commen-

203 1805 348 1838 dabant:
376 1804 534 1837 similiter
557 1805 618 1837 Od.
647 1806 683 1844 1,
709 1805 747 1842 8,
774 1804 804 1836 6.
832 1802 893 1834 Od.

203 1856 238 1893 3,
275 1856 331 1893 12,
364 1855 394 1886 7.
433 1855 599 1885 Ceterum
635 1854 679 1885 ad
713 1862 743 1884 v,
767 1855 896 1894 flectere

203 1903 265 1936 esr.
291 1903 389 1935 Ovid.
417 1904 497 1935 Her.
525 1902 563 1941 4,
588 1903 649 1934 79:
683 1902 759 1934 Sive
779 1902 898 1942 ferocis

205 1953 279 1991 equi
307 1953 467 1983 luctantia
493 1953 578 1983 colla
600 1960 774 1990 recurva-s,
810 1951 897 1982 Eici-

205 2010 270 2042 yuo
291 2003 396 2041 [leros
420 2001 524 2031 miror·
546 2001 579 2031 ἰη
603 2001 678 2032 orbe
696 2001 805 2040 pedes.
846 1999 894 2031 ld.

208 2051 246 2082 A.
273 2052 311 2081 A.
339 2050 375 2087 3,
402 2049 482 2081 38-1ῑ
519 2050 551 2080 in
574 2058 675 2090 (mres
698 2049 746 2080 ire
768 2051 900 2080 coactus

205 2108 316 2139 equus,
357 2099 461 2130 Tacit.
497 2100 613 2129 Germ.
649 2098 687 2129 6:
727 2098 793 2129 Nec
826 2097 900 2136 equi

204 2150 340 2180 variare
375 2157 476 2189 ειμι-οε
514 2149 546 2178 in
584 2156 708 2179 morem
752 2150 901 2178 nostrum

208 2199 376 2229 docentur.
406 2215 441 2219 -
477 2196 595 2236 Aeque]
632 2198 706 2234 Quo
733 2196 901 2227 inuuere-

208 2247 354 2279 turliuic
373 2246 502 2278 notioni
522 2245 647 2284 lector,
671 2244 830 2277 consulto
848 2244 902 2276 bis

209 2296 362 2336 ponitur,
401 2297 434 2326 et
467 2295 610 2335 quidem
646 2294 739 2325 initio
769 2296 802 2325 et
834 2294 901 2325 line

208 2353 342 2376 versus.
362 2361 394 2365 —
422 2344 514 2384 citus]
534 2345 580 2375 De
601 2344 667 2374 lioc
686 2352 717 2374 v.
737 2343 840 2374 docte
858 2342 901 2373 ad

209 2394 240 2424 Ιι.
276 2392 294 2424 l.
331 2393 481 2434 disputat
520 2392 657 2424 Lijbker
691 2402 768 2434 pag.
807 2392 900 2428 4117..

209 2452 250 2474 ne
277 2442 358 2482 quid
386 2444 436 2480 te,
470 2441 619 2481 benigne
651 2441 776 2480 lector,
809 2440 903 2472 cele-

209 2500 304 2523 mus:
332 2492 465 2523 celerem
491 2501 588 2529 esse,
625 2492 682 2523 cler
706 2493 766 2522 das
791 2492 903 2522 inner-

208 2541 269 2572 (ich
287 2542 338 2572 (lie
355 2542 450 2581 Krasl
466 2542 524 2572 det·
537 2542 720 2581 Bewcsluny
739 2541 902 2577 llabeude,

208 2590 259 2621 (lie
293 2591 521 2631 Schnclliylceil
557 2591 589 2621 in
625 2591 689 2621 sir-h
726 2590 902 2630 tt-ayende,

209 2639 307 2670 ristun
333 2642 453 2671 contra
478 2641 526 2671 ein
553 2640 655 2670 durch
678 2639 747 2671 ciue
770 2639 905 2670 schnellc

944 1117 1130 1156 Bewequny
1165 1114 1496 1155 Hervoryebrachces,
1545 1115 1640 1145 rasch

943 1166 1192 1198 Entstandenes.
1238 1164 1312 1195 Hoc
1342 1162 1418 1195 loeo
1449 1172 1534 1195 sane
1558 1164 1641 1195 citus

946 1223 1029 1247 eum
1052 1213 1241 1254 significat,
1273 1214 1332 1253 qui
1355 1213 1498 1254 proprio
1523 1213 1639 1252 vigore

947 1263 1118 1304 impulsus
1134 1263 1281 1294 celeriter
1305 1262 1448 1294 denatat
1471 1261 1583 1293 alveo.
1602 1277 1636 1283 —

949 1314 1046 1344 Tusco
1063 1330 1081 1335 -
1097 1312 1200 1352 alveo]
1225 1311 1288 1343 Od.
1316 1312 1351 1350 1,
1382 1312 1420 1350 2,
1452 1311 1511 1342 ’13ῑ
1551 1311 1641 1342 Tibe-

947 1363 1013 1393 rim
1029 1379 1047 1384 -
1063 1362 1172 1392 Litore
1194 1361 1344 1392 Etrusco.

990 1411 1042 1443 29.
1069 1410 1122 1441 30.
1159 1410 1273 1442 Prima
1300 1409 1402 1450 nocte]
1437 1409 1535 1440 Ovid.
1562 1410 1638 1442 Am.

946 1462 980 1500 2,
997 1460 1054 1498 19,
1070 1460 1129 1491 38;
1156 1459 1264 1498 Incipe
1280 1459 1348 1490 iam
1359 1459 1475 1498 prima
1490 1459 1643 1490 claudere

945 1513 1038 1542 nocte
1058 1510 1174 1550 forem.
1204 1526 1240 1530 —
1273 1509 1307 1539 in
1328 1509 1402 1539 vias
1425 1508 1505 1549 eet.]
1526 1509 1641 1540 «Neve

946 1568 1010 1600 per
1035 1559 1208 1591 fenestras
1231 1558 1266 1589 in
1294 1556 1448 1598 plateam
1473 1557 1642 1589 deorsum

946 1607 1068 1640 oeulos
1078 1608 1211 1640 eoniice
1225 1608 1370 1647 propter
1381 1607 1550 1647 Enipeum
1565 1615 1643 1638 sua-

946 1666 1008 1689 ves
1031 1657 1270 1697 querimonias
1288 1655 1392 1686 tibiae
1410 1657 1513 1686 cantu
1531 1655 1644 1696 expri-

947 1708 1137 1739 mentem.»
1170 1703 1541 1750 Παρακλαυσίθυρον
1555 1705 1644 1736 eius—

948 1756 1043 1788 modi
1062 1757 1205 1788 cantum
1222 1755 1397 1786 vocabant
1411 1755 1545 1786 Graeci.
1573 1754 1641 1786 Csr.

946 1808 1072 1838 Dissen
1100 1805 1144 1836 ad
1171 1804 1293 1837 Tibull.
1319 1806 1344 1836 Ι.
1371 1813 1448 1845 pag.
1470 1804 1581 1836 LXXI.
1606 1820 1639 1825 -

948 1864 1080 1895 neque-
1095 1872 1110 1877 -
1125 1853 1260 1894 despice]
1286 1855 1336 1885 De
1359 1853 1427 1884 hoe
1448 1853 1644 1893 imperatixi

948 1914 1015 1937 usu
1033 1906 1112 1946 post
1134 1913 1236 1944 neque
1260 1901 1404 1935 consule
1427 1902 1525 1934 Iland
1539 1902 1637 1932 Turs.

947 1954 1001 1986 IV.
1013 1963 1047 1995 p.
1066 1955 1138 1986 120.
1157 1972 1192 1976 —
1209 1953 1391 1993 querulae·
1406 1952 1516 1992 tibiae]
1535 1950 1645 1983 Flebi-

948 2003 1019 2035 lem
1036 2003 1140 2034 tibiae
1155 2004 1297 2034 cantum
1306 2002 1403 2034 Pind.
1420 2001 1520 2041 Pyth.
1540 2001 1596 2038 12,
1612 2000 1642 2030 7.

950 2049 1146 2096 Γοργόνων
1164 2046 1296 2084 οὔλιον
1317 2049 1459 2095 θρῆνον
1476 2050 1643 2081 nominat.

992 2102 1044 2133 32.
1071 2103 1202 2133 Duram
1221 2100 1300 2141 cet.]
1325 2102 1424 2132 Dura
1436 2101 1505 2138 est,
1526 2112 1541 2126 «
1555 2107 1645 2138 quae

950 2152 1045 2183 omni
1076 2151 1206 2182 amoris
1236 2158 1343 2181 sensu
1376 2150 1520 2185 caret»;
1557 2147 1646 2187 diffi-

949 2200 1020 2231 cilis
1043 2200 1077 2232 h.
1106 2199 1126 2231 l.
1156 2208 1266 2240 «quae
1290 2200 1436 2239 propter
1460 2197 1566 2228 sidem
1591 2195 1645 2227 alii

951 2250 1162 2291 promissam
1198 2248 1242 2279 ab
1278 2247 1343 2279 alio
1379 2248 1535 2278 amatore
1567 2253 1647 2276 cor—

952 2299 1066 2340 rumpi
1100 2307 1137 2330 se
1171 2307 1238 2329 non
1271 2298 1392 2328 sinit.»
1448 2296 1507 2327 Est
1542 2303 1643 2333 ergo.

954 2346 1203 2380 «lnexorabilis
1228 2356 1330 2378 mane
1356 2348 1389 2376 et
1415 2345 1593 2376 introitum
1617 2353 1646 2373 ei

955 2398 1163 2437 denegato.»
1207 2415 1241 2419 -
1284 2396 1430 2435 Propter
1468 2402 1647 2425 summum

955 2447 1113 2487 leporem
1149 2448 1254 2486 atque
1291 2445 1468 2484 egregiam
1501 2442 1648 2474 eviden-

955 2497 1056 2534 tiam,
1091 2496 1154 2527 etsi
1180 2497 1249 2526 tota
1275 2503 1381 2526 scena
1406 2502 1445 2523 ae
1472 2495 1543 2523 tres
1567 2500 1648 2532 per—

955 2554 1062 2578 sonae
1087 2555 1105 2575 a
1131 2547 1233 2585 poeta
1271 2544 1371 2574 fictae
1407 2544 1503 2579 sunt,
1545 2550 1648 2581 prac—

954 2594 1174 2626 stantissiniis
1193 2593 1319 2625 Horatii
1341 2590 1556 2622 ‹ai-minibus
1575 2599 1650 2621 rer-

956 2646 987 2675 te
1013 2644 1079 2675 hoc
1105 2646 1159 2676 est
1182 2640 1499 2674 adnunieramluni.
