1997 3219
652 182 726 212 ΜΒ.
755 182 806 212 IV.
858 181 893 211 C.

399 286 506 326 inter
538 285 668 327 iocosi
700 298 877 326 munera
908 283 1046 326 Liberi

458 365 562 407 Cum
592 365 712 421 prole
744 364 1032 421 matronisque
1066 366 1239 408 nostris.

514 446 601 488 Rite
635 446 740 488 deos
771 445 889 501 prius

395 551 552 593 Virtute
585 552 747 593 functos
778 564 895 593 more
926 558 1090 607 patrum
1123 550 1255 593 duces

399 630 528 688 Lydis
560 631 737 673 remixto
769 632 954 673 carmine.
992 631 1103 673 tibiis

922 179 989 211 ΧΥ.
1528 179 1607 219 (ὶὲἶό

921 446 1135 501 apprecati
1151 481 1157 493 ,

1556 632 1608 671 :30

452 712 705 766 Troiamque
737 718 778 753 et
807 711 1017 754 Anchisen
1047 719 1089 753 et
1119 711 1254 753 almae

513 791 764 845 Progeniem
796 793 970 834 Veneris
1003 805 1218 834 canemus.

173 954 305 985 lebrata
339 955 402 984 est.
433 969 467 974 —
495 952 603 994 Lydis]
630 952 738 993 Epod.
764 953 800 990 9,
833 954 864 984 5.

173 1004 288 1043 Eurip.
307 1002 434 1034 Bacch.
459 1002 535 1033 ¹26:
560 997 642 1033 Ἀνὰ
659 999 698 1032 δὲ
721 998 867 1040 βάκχια

172 1049 345 1093 συιτόνω
379 1051 431 1082 Kc?
413 1060 555 1096 ρασαν
592 1047 740 1094 ἤτ’διβόᾳ
769 1051 866 1097 Φου-

172 1103 262 1144 ’,νίων
285 1098 417 1133 Αὐλῶν
433 1110 500 1131 :we
505 1110 629 1142 ιιιατι.
656 1099 750 1132 Plato
768 1099 863 1132 Polit.
890 1101 893 1154 Ι

171 1129 202 1183 3.
221 1160 255 1192 p.
287 1150 360 1182 398.
381 1150 438 1182 Ε.
477 1150 580 1189 Τίνες
605 1159 673 1181 οιν
695 1148 893 1218 ιιαὶακαιἸ

171 1200 290 1232 τεκαὶ
306 1197 357 1241 ξι
345 1200 535 1230 ιιποτικαὶ
553 1196 627 1230 τῶν
646 1194 862 1243 ἁοιιονιων,

169 1246 294 1287 Ιαστί,
321 1261 344 1291 ⁷7
369 1248 399 1280 6
426 1245 482 1289 ὅς
509 1249 571 1280 καὶ
595 1247 753 1287 λυδιστί,
771 1239 893 1283 ain—i

170 1309 232 1339 νες
255 1297 418 1343 χαλαοαὶ
444 1297 562 1330 καλοῖ
557 1307 661 1329 νται.
704 1295 867 1338 Ταύταις

171 1349 259 1388 οὑν,
285 1349 314 1379 ω’
339 1347 444 1388 φίλε,
474 1348 535 1380 ἐπὶ
559 1345 774 1389 πολεμικῶν
798 1344 866 1379 ἀν-

171 1396 268 1444 δοῶν
305 1394 384 1429 ἐ”σθ
420 1393 442 1429 ὅ
477 1407 511 1429 τι
547 1407 704 1442 χοησει,·
744 1393 866 1430 Οὐδα-

171 1446 253 1490 ιεὼς
313 1443 413 1489 ἔφη,
450 1443 546 1477 ἀὶλὰ
570 1444 778 1479 κινδυνεύει
802 1456 865 1479 σοι

171 1496 321 1542 δωριστὶ
355 1495 392 1527 λς
383 1495 552 1528 ίπεσθαι
584 1497 649 1528 καὶ
673 1498 862 1541 φρυγιστί.

171 1547 275 1578 Arist.
294 1544 432 1577 polit.
422 1560 446 1583 ι,
461 1546 492 1583 8
508 1546 547 1576 7:
576 1544 643 1576 Δεῖ
654 1544 728 1577 τῶν
743 1543 868 1578 τοιού·
890 1551 894 1611 l

171 1605 244 1628 των
260 1591 455 1640 &nuova-312
481 1590 573 1626 ἅπτε
563 1595 671 1627 σθαι
686 1614 705 1619 -
721 1615 740 1620 -
757 1592 810 1627 ἔτι
826 1594 866 1628 δὲ

171 1644 208 1676 δι”
218 1645 274 1684 τίς
291 1646 371 1676 ε’στι
386 1641 544 1686 τοιαύτη
566 1643 641 1676 τῶν
657 1640 863 1690 ἁρμονιῶν

172 1691 195 1736 ἢ
228 1704 294 1739 noe
299 1703 360 1726 πει
388 1691 433 1739 τῇ
466 1694 540 1725 τῶν
571 1692 713 1726 παίδων
738 1691 866 1737 ἡλικία

171 1741 232 1776 διὰ
256 1741 300 1775 τὸ
324 1741 513 1775 δύνασθαι
536 1741 687 1785 κόσιιον
708 1745 739 1776 ’τ’
763 1740 866 1783 ἐχειν

171 1789 255 1825 ἅιια
289 1793 353 1825 καὶ
388 1792 579 1831 παιδείαν,
623 1790 706 1825 οἷον
739 1790 763 1836 ἡ
799 1792 866 1826 λυ-

172 1842 271 1875 ὁιστὶ
308 1843 485 1882 φαίνεται
522 1843 752 1876 πεπονθέναι
789 1841 866 1885 ,ιιά-

173 1891 283 1924 λιστα
306 1890 380 1924 τῶν
403 1889 609 1937 ἁρμονιῶν.
636 1893 767 1933 Lydiae
783 1893 867 1924 har-

173 1942 310 1975 moniae
346 1950 433 1973 usus
472 1944 547 1973 erat
584 1943 795 1983 praesertim
833 1942 867 1973 in

173 1990 496 2033 supplicationibus.
538 1991 634 2022 Pind.
662 1990 799 2032 Olymp.
826 1991 865 2030 5,

175 2041 232 2073 119:
269 2039 359 2078 Ζεῦ,
378 2037 582 2080 --Ἰκότας
614 2040 726 2072 σέθεν
754 2036 868 2086 ἔρχο-

172 2101 240 2132 μαι
279 2089 429 2130 Λυδίοις
468 2086 601 2121 ἀπύων
642 2090 682 2122 ἐν
720 2086 864 2129 αὐλοῖς.

174 2141 335 2172 Carmina
363 2143 479 2173 tamen
505 2139 559 2171 ina
585 2141 616 2171 in
643 2139 783 2172 laudem
803 2149 868 2171 ve·

176 2192 290 2221 terum
325 2190 456 2221 ducum
493 2190 730 2221 Romanorum
760 2189 868 2229 Lydia

174 2239 354 2270 harmonia
380 2239 537 2270 canenda
562 2239 616 2270 vix
647 2239 739 2270 serio
764 2239 866 2277 dixit,

176 2290 210 2319 ut
243 2288 359 2320 multis·
391 2289 546 2325 xidetum
583 2288 647 2320 sed
671 2289 768 2327 Lydis
792 2297 869 2320 mc·-

176 2345 254 2368 rum
279 2340 330 2369 est
347 2338 522 2370 ἐπίθετον
546 2339 734 2379 poeticum.
765 2339 868 2370 Poeta
893 2357 895 2375 ,

297 2806 414 2833 uonm
440 2814 508 2833 vor.
536 2806 552 2832 1,
599 2814 646 2833 ιιι,
674 2814 770 2834 usion
796 2806 827 2832 ΙΙΙ

918 954 1011 985 enim
1028 954 1172 985 minime
1191 953 1353 991 curabat,
1379 962 1449 994 quo
1467 955 1611 992 tandem

918 1004 1083 1043 quattuor
1110 1003 1372 1035 harmoniarum
1397 1006 1610 1036 Graecarum

917 1061 1047 1093 genere
1083 1053 1216 1084 cantica
1251 1053 1315 1085 ista
1339 1053 1541 1085 citarentur.
1573 1073 1607 1076 —

916 1102 1070 1142 remixto]
1095 1103 1134 1136 A.
1160 1103 1195 1134 P.
1222 1103 1302 1134 454:
1339 1103 1386 1134 sic
1407 1103 1494 1134 veris
1523 1103 1612 1144 falsa

915 1151 1074 1183 remiscet.
1115 1151 1189 1183 Hoc
1213 1160 1355 1192 quoque
1378 1161 1412 1183 v.
1433 1151 1490 1183 tali
1508 1153 1612 1193 signi-

917 1200 1078 1232 ficatione
1109 1209 1173 1241 pro
1202 1201 1397 1240 permiscere
1421 1200 1516 1234 solus
1540 1203 1611 1234 Ho—

916 1250 1024 1281 ratius
1056 1257 1142 1281 usus
1173 1249 1323 1281 videtur.
1378 1251 1511 1282 Seneca
1546 1251 1609 1292 Ep.

916 1299 970 1330 71¹.
996 1300 1142 1339 usurpat
1172 1307 1236 1340 pro
1260 1307 1376 1331 rursus
1397 1300 1543 1332 miscere.
1573 1318 1607 1324 —-

916 1348 1036 1387 almae]
1066 1350 1279 1389 perpetuum
1308 1349 1456 1381 Veneris
1485 1348 1612 1382 ἐπίθε-

917 1406 993 1429 τον.
1034 1398 1172 1430 Lucret.
1205 1398 1240 1437 11,
1278 1399 1308 1429 2.
1349 1417 1383 1421 —
1419 1400 1612 1440 Proyeniem

920 1447 1060 1488 Veneris]
1085 1448 1241 1479 Aeneam
1265 1456 1307 1479 ac
1336 1449 1445 1480 totam
1469 1451 1611 1489 gentem

916 1495 1037 1528 Iuliam
1053 1505 1072 1527 a
1089 1495 1179 1536 Iulo,
1205 1497 1352 1528 Veneris
1377 1499 1525 1538 nepote,
1552 1506 1612 1529 or-

916 1547 999 1577 tam.
1040 1564 1075 1568 —
1112 1546 1230 1577 Venus
1264 1546 1440 1578 Anchisen
1479 1548 1513 1578 in
1553 1547 1611 1578 {da

915 1595 1036 1626 monte
1060 1595 1178 1627 visens
1203 1595 1418 1636 conspicitur
1448 1596 1482 1628 in
1507 1605 1611 1636 egre—

917 1645 970 1684 gio
1002 1652 1111 1685 opere
1143 1645 1276 1677 caelato
1309 1645 1404 1686 apud
1437 1644 1612 1686 Millingen

915 1693 993 1725 Anc.
1018 1695 1108 1725 Mon.
1135 1694 1174 1725 11.
1208 1695 1259 1726 ⁴2.
1297 1694 1485 1734 Inghirami
1522 1695 1608 1728 Gall.

917 1743 987 1774 Om.
1013 1743 1039 1774 Ι.
1066 1744 1101 1774 T.
1121 1742 1174 1775 54.
1204 1762 1239 1766 -
1278 1744 1445 1776 Ceterum
1468 1745 1613 1785 Augusti

916 1791 1038 1825 laudes
1067 1792 1112 1824 ab
1143 1793 1286 1825 Horatio
1314 1794 1513 1834 propositas
1539 1793 1612 1826 ele—

916 1843 1038 1883 gauter
1054 1842 1100 1874 ita
1117 1842 1321 1883 complexus
1339 1844 1393 1875 est
1415 1844 1450 1875 in
1466 1851 1611 1876 nummo

916 1900 980 1923 suo
993 1892 1029 1924 L.
1044 1892 1231 1924 Mescinius
1253 1892 1358 1924 Rufus
1384 1894 1506 1925 HLVir
1522 1893 1615 1935 apud

916 1941 1032 1973 Riecio
1062 1942 1108 1972 M.
1136 1941 1172 1972 F.
1201 1942 1239 1972 R.
1268 1950 1302 1982 p.
1334 1941 1415 1973 445:
1452 1943 1476 1974 I.
1503 1943 1538 1974 Ο.
1564 1944 1611 1974 Μ.

917 1991 950 2022 S.
969 1991 1003 2022 P.
1025 1991 1060 2030 Q.
1084 1991 1120 2022 R.
1152 1991 1185 2022 V.
1205 1991 1238 2022 S.
1257 1991 1318 2023 PR.
1346 1992 1380 2023 S.
1406 1993 1490 2023 IMP.
1519 1992 1609 2024 ΘΑΕ.

919 2040 1045 2080 QVOD.
1079 2040 1170 2072 PER.
1203 2041 1270 2072 EV.
1299 2041 1335 2072 Β.
1369 2042 1403 2073 P.
1429 2042 1485 2073 IN.
1510 2041 1609 2073 AMP.

917 2089 1009 2130 ATQ.
1048 2089 1168 2121 TRAN.
1207 2090 1240 2121 S.
1275 2090 1312 2122 Ε.
1374 2091 1453 2131 (Iovi
1490 2091 1611 2130 optimo

917 2139 1068 2170 maximo
1100 2139 1242 2170 Senatus
1261 2140 1465 2179 populusque
1487 2140 1612 2171 Roma-

918 2197 998 2228 nus,
1036 2192 1110 2220 volo
1133 2192 1278 2228 suscepto
1297 2198 1362 2229 pro
1386 2189 1489 2220 salute
1512 2190 1613 2229 impe-

919 2239 1044 2269 ratoris
1059 2238 1231 2277 Caesaris,
1259 2240 1345 2278 quod
1364 2247 1426 2278 pet·
1449 2233 1523 2270 cum
1545 2248 1612 2270 νοε-

915 2287 1050 2328 publica
1095 2287 1128 2318 in
1175 2288 1336 2328 ampliore
1381 2292 1481 2327 alque
1515 2292 1611 2320 tran—

920 2337 1019 2377 quillo
1042 2340 1130 2369 statu
1154 2338 1227 2377 est.)
