1997 3219
677 212 752 243 LlB.
781 213 832 243 lll.

329 316 556 356 Parcentes
587 328 666 369 ego
698 314 894 357 dexteras

883 214 919 243 (Ζ.
948 214 1029 244 xix.

1518 214 1597 255 453

383 393 485 436 Odi:
519 407 672 450 sparge
704 408 847 443 1·osas;
881 396 1024 437 audiat
1061 396 1226 438 invidus

327 474 575 515 Dementcm
608 475 829 530 strepitum
863 477 1003 532 Lycus

382 555 429 595 Et
457 554 594 596 vicina
625 555 715 597 seni
747 569 830 597 non
860 555 1011 598 habilis
1042 557 1170 613 Lyco.

326 659 471 715 Spissa
502 666 542 702 te
571 659 749 702 nitidum
780 674 920 709 coma,
1543 664 1597 704 ‘25

379 740 490 781 Puro
523 747 562 782 te
593 739 793 789 similem,
827 740 1032 796 Telephe,
1066 742 1275 797 Vespero,

326 820 591 875 Tempestiva
621 819 725 876 petit
755 819 920 863 Rhode:

243 939 294 969 ³21.
318 939 482 969 Pascenlis
505 939 550 977 B,
574 939 743 970 Parcentis
766 939 801 970 T.
830 957 865 961 —
892 938 945 971 24.
971 939 1071 971 habili
1088 940 1172 971 Cod.
1192 939 1348 973 Blandin.
1368 943 1549 983 antiquiss.

200 1005 233 1008 —
257 987 306 1018 27.
324 987 418 1019 Chloe
439 987 506 1018 Sed
532 990 566 1019 et
589 988 740 1019 Pettierii
764 986 941 1028 plerique,
968 989 1052 1021 item
1069 990 1139 1021 LCt
1156 990 1236 1031 (non
1252 990 1342 1030 BbT,
1368 990 1548 1033 γκλμψ.);

196 1037 306 1068 Rhoda
331 1047 344 1067 ι
369 1045 470 1068 «cum
495 1036 653 1069 Lambini
678 1036 924 1077 quibusdam.»

154 1141 232 1172 126:
268 1138 395 1173 αὐλῶν
427 1139 557 1173 ,ταιᾶιί
573 1143 793 1187 -συρίγγων
819 1142 845 1173 τ’

155 1185 354 1232 τῦφθόγγῳ
379 1189 500 1234 ([ωνᾷ.

191 1240 244 1271 20.
273 1241 364 1271 «Cur
382 1241 501 1279 pendet
526 1241 558 1271 in
584 1241 726 1280 parietis
744 1239 843 1272 clavo

149 1288 262 1320 fistula
300 1290 457 1330 (proprie
498 1292 698 1329 pastorum,
739 1290 773 1321 h.
805 1290 840 1327 l.‚

148 1339 184 1368 ut
208 1338 364 1376 videtur,
402 1339 504 1370 unius
530 1338 652 1369 calami
678 1340 842 1371 acutioris

147 1387 247 1425 soni,)
267 1396 347 1418 eum
365 1387 439 1427 lyra
457 1388 613 1419 noudum
631 1387 771 1429 pulsae»
790 1389 844 1419 Fi-

147 1436 234 1467 stula
258 1445 339 1467 cuin
364 1437 445 1468 tibia
471 1438 622 1477 iungitur
646 1438 751 1469 etiam
776 1437 837 1468 Od.

148 1484 182 1523 li,
212 1486 245 1522 l,
274 1485 323 1517 24.

189 1534 242 1565 21.
281 1535 332 1565 22.
371 1535 561 1576 Parcentes]
602 1536 750 1567 «Servos
782 1545 839 1567 res

147 1583 191 1614 ad
215 1584 414 1616 convivium
440 1585 678 1622 necessarias,
704 1585 836 1623 vinum,

144 1632 268 1670 flores,
295 1635 488 1672 unguenta,
523 1634 663 1673 parcius
688 1632 839 1664 admini—

144 1682 296 1712 strantes
321 1681 516 1713 detestor.»
538 1699 573 1704 -
591 1690 711 1722 sparfse
733 1681 837 1722 rosas]

143 1731 292 1770 Propter
320 1730 452 1770 frigora
483 1729 538 1761 illa
567 1731 702 1770 Peligna
736 1730 839 1762 intel-

143 1777 208 1818 lige
245 1778 429 1817 hibernas,
467 1788 558 1820 quae
594 1780 628 1810 in
659 1778 753 1810 Italia
786 1779 838 1810 fa—

143 1827 268 1859 cillime
309 1831 382 1859 arte
423 1827 488 1859 coli
529 1830 706 1869 poterant,
757 1838 836 1860 cum

143 1877 350 1917 Karthagine
389 1878 574 1918 Hispaniae
614 1878 731 1909 hieme
767 1879 837 1909 tota

142 1935 334 1967 praecoces
360 1928 479 1958 essent
504 1928 592 1958 teste
607 1926 715 1958 Plinio
736 1928 776 1958 Η.
795 1929 834 1959 N.

144 1975 203 2012 ei,
230 1974 268 2013 4,
296 1976 347 2006 40.

184 2023 237 2054 ⁵23.
264 2023 379 2064 Lycus]
406 2025 443 2056 L't
469 2024 555 2054 sitin
573 2024 839 2064 compotationi-

141 2073 224 2110 bus,
256 2074 292 2103 ut
317 2073 448 2103 sensim
473 2072 681 2103 delabamur
704 2073 747 2104 ad
773 2073 837 2104 de-

142 2121 308 2153 ridendos
333 2121 385 2152 vel
410 2121 549 2162 probris
573 2122 753 2153 vexandos
772 2123 837 2153 lio-

141 2172 254 2202 mines
290 2170 390 2202 nobis
428 2171 574 2210 invisos,
615 2171 648 2202 h.
679 2170 700 2202 1.
727 2171 835 2203 illudit

140 2229 312 2261 personae
330 2220 449 2258 lictae,
475 2221 570 2260 Lyco
586 2221 718 2259 vicino,
746 2222 833 2260 seni,

139 2271 285 2310 propter
316 2270 498 2301 avaritiam
530 2268 647 2301 invido
679 2271 834 2301 convivis

140 2320 172 2350 in
197 2318 362 2350 laetitiam
379 2319 499 2351 effusis
515 2321 620 2360 atque
641 2320 834 2352 immanem

141 2368 325 2407 strepitum
351 2367 599 2406 excitantibus,
637 2369 695 2408 qui
722 2369 833 2410 (quod

140 2416 324 2448 ridiculum
350 2419 434 2457 crat)
468 2417 521 2448 vel
555 2419 586 2449 in
612 2419 833 2450 matrimonio

141 2466 294 2497 habebat
318 2465 372 2497 wel
398 2466 539 2498 amabat
564 2468 729 2499 seminam
746 2469 833 2499 ado—

140 2514 351 2551 lescentem,
386 2516 439 2546 eui
465 2525 529 2556 par
554 2517 626 2556 ipse
653 2526 721 2547 non
746 2520 830 2548 erat.

139 2564 272 2595 Deinde
314 2565 501 2595 revertitur
540 2565 583 2595 ad
619 2565 830 2606 Telephum,

141 2612 242 2643 huius
267 2621 421 2652 suosque
447 2621 586 2644 amores
612 2614 830 2654 praedicans.

182 2661 234 2693 24.
270 2662 391 2702 vicina]
425 2662 546 2693 «nobis
575 2663 640 2693 hac
669 2663 700 2693 in
727 2663 832 2694 domo

139 2710 372 2750 potantibus.»
423 2712 570 2751 Longius
601 2712 692 2743 enim
725 2713 830 2753 petita

139 2758 277 2791 videtur
301 2761 468 2801 Rutgersii
487 2760 686 2801 explicatio:
716 2762 831 2799 «Quae

896 1143 1024 1175 intacta
1060 1152 1176 1184 neque
1209 1143 1309 1176 aliter
1340 1154 1447 1186 quam
1478 1147 1591 1179 vicina

896 1201 977 1223 eum
1000 1193 1129 1231 vicino,
1157 1202 1239 1224 eum
1263 1195 1356 1234 Lyco
1381 1196 1506 1227 marito
1527 1196 1593 1228 de-

895 1241 975 1280 git»;
991 1250 1055 1282 pro
1072 1240 1140 1282 qu'a
1158 1242 1269 1274 attulit
1284 1243 1436 1275 lux-enai.
1452 1245 1488 1283 6,
1507 1246 1588 1277 509:

893 1290 973 1321 vivit
1006 1293 1179 1329 tamquam
1211 1292 1321 1322 vicina
1350 1294 1489 1324 marito:
1523 1295 1592 1326 IIoo

892 1339 959 1369 solo
980 1340 1156 1379 proprior,
1189 1342 1275 1379 quod
1298 1342 1422 1373 amicos
1444 1344 1593 1384 coniuyis

893 1389 969 1419 odit.
1003 1389 1112 1429 Digna
1138 1391 1209 1427 est,
1237 1398 1329 1429 quae
1355 1392 1588 1432 examinetur,

893 1438 1068 1469 Bosschae
1091 1439 1348 1478 interpretatio:
1379 1440 1519 1471 «Vicina
1537 1443 1591 1473 est

893 1487 966 1527 ipsa
991 1486 1045 1517 illa
1064 1487 1203 1525 Rhode,
1231 1496 1322 1527 quae
1340 1489 1519 1521 assidebat
1534 1490 1588 1522 vel

891 1535 1037 1567 fortasse
1063 1536 1299 1568 accumbebat
1324 1538 1417 1576 seni,
1444 1539 1509 1570 sed
1527 1540 1589 1571 Te-

890 1584 1033 1625 lephum
1058 1585 1288 1625 deperibat»,
1324 1587 1429 1627 atque
1469 1588 1586 1619 auclIto

889 1634 991 1665 vieini
1017 1635 1162 1665 convivii
1189 1635 1347 1675 strepitu,
1375 1637 1431 1668 cui
1456 1637 1588 1669 invidet

889 1692 1014 1721 senex,
1063 1682 1151 1714 illico
1187 1683 1379 1724 Telephum
1414 1686 1512 1726 petit.
1547 1704 1583 1709 —-

889 1741 953 1763 non
975 1732 1102 1772 habilis]
1129 1728 1220 1764 «οὐκ
1238 1729 1583 1779 εὖμεταχείριστος,

890 1781 919 1811 ei
952 1781 1067 1812 minus
1104 1781 1183 1813 ideo
1219 1783 1452 1822 conveniens,
1490 1785 1585 1824 quod

889 1831 1027 1862 inversa
1043 1831 1176 1862 ratione
1192 1830 1247 1862 ille
1265 1832 1398 1863 amicae
1415 1832 1470 1864 vel
1488 1835 1586 1864 uxori

888 1880 1033 1919 propter
1057 1880 1195 1911 senium
1220 1881 1335 1912 minus
1362 1883 1463 1922 aptus
1481 1883 1583 1914 estin

888 1937 926 1959 re
966 1938 1118 1960 venerea
1129 1939 1163 1966 »3
1212 1929 1306 1961 unde
1352 1930 1462 1962 Codd.
1502 1931 1582 1972 aliq.

887 1977 982 2018 apud
1006 1979 1112 2018 Cruq.
1139 1977 1230 2009 male
1254 1979 1366 2010 habili.

930 2045 983 2075 25.
1009 2045 1141 2086 Spissa]
1175 2046 1215 2078 Ut
1238 2045 1393 2078 calvities
1416 2055 1481 2088 pro
1506 2048 1581 2079 tur-

888 2094 1031 2134 pissimo
1057 2093 1147 2125 malo
1173 2094 1388 2134 habebatur,
1415 2096 1461 2127 ita
1483 2096 1582 2129 densi

887 2141 999 2183 capilli
1028 2142 1294 2183 pulchritudinis
1324 2152 1449 2184 magna
1481 2154 1580 2186 pars,

886 2192 1093 2231 praesertim
1118 2192 1151 2223 in
1175 2191 1448 2224 adolescentulo.
1475 2210 1511 2216 -
1529 2195 1583 2224 ηἰ-

885 2240 1004 2281 lidum]
1038 2241 1071 2272 h.
1099 2239 1119 2271 l.
1148 2243 1269 2272 natura
1301 2242 1434 2282 potius,
1473 2251 1579 2282 quam

886 2290 1092 2330 «unguentis
1115 2290 1396 2331 splendentem.»
1430 2292 1484 2322 Sic
1506 2292 1581 2323 Pin-

885 2340 990 2371 darus
1015 2340 1113 2371 Nem.
1142 2340 1177 2378 1¹,
1205 2340 1256 2371 68.
1295 2340 1496 2380 Gigantibus
1519 2341 1581 2371 tri-

885 2389 960 2420 buit
983 2387 1170 2429 φαιδίμαν
1194 2386 1331 2430 κόμαν.

928 2456 980 2487 ⁶26.
1021 2456 1175 2497 Vespero]
1215 2465 1304 2497 «per
1335 2464 1462 2497 purum
1496 2466 1578 2488 cae-

885 2504 974 2542 lum,
1000 2514 1066 2546 per
1089 2506 1216 2537 sudum
1242 2506 1428 2539 inicantiz»
1455 2507 1489 2536 ut
1512 2506 1573 2537 Od.

884 2554 920 2592 3,
947 2554 985 2593 9,
1010 2555 1070 2585 ⁶21:
1098 2555 1203 2586 sidere
1221 2555 1402 2594 pulchrior.

927 2615 977 2646 27.
993 2616 1046 2647 28.
1069 2616 1277 2656 Tempeslira]
1297 2618 1462 2656 «Propter
1477 2617 1576 2648 iuxe-

883 2663 989 2696 nilcm
1007 2667 1178 2703 aetatem,
1206 2674 1272 2705 qua
1293 2667 1323 2696 te
1341 2668 1487 2705 aequat,
1515 2666 1573 2696 tibi

883 2714 997 2754 apta.»
1034 2714 1096 2745 Od.
1125 2715 1159 2751 1,
1186 2716 1246 2751 23,
1274 2715 1329 2745 »12ῑ
1361 2715 1576 2754 Tempesliva·

883 2764 971 2801 viro,
1005 2762 1141 2795 nubilis¹
1180 2782 1211 2784 -.
1245 2763 1362 2804 munte]
1395 2764 1480 2796 lluic
1512 2772 1576 2794 no-
