1997 3219
718 167 793 197 ΗΒ.
824 166 875 196 lv.
925 166 961 196 C.
988 165 1056 196 ΧΗ.
1590 164 1669 203 (303

709 476 1019 516 omnm
1057 476 1185 516 xn.

406 578 489 618 lam
520 576 631 618 veris
663 576 858 625 comites,
892 590 1003 632 quae
1038 591 1154 619 mare
1184 584 1442 633 temperant,

321 696 390 727 ΧΗ.
416 697 523 726 Inser.
550 693 638 735 volg.
676 695 724 726 Ad
752 694 933 735 Virgilium.
974 713 1010 717 —-
1051 695 1140 726 Veris
1173 696 1346 734 descriptio
1380 696 1424 726 ad
1456 695 1627 737 Virgilium

280 745 339 775 BS.
369 762 403 766 —
441 744 490 775 Ad
518 744 690 784 Virgilium
713 744 860 782 loquitur
883 745 1045 783 quendam
1068 746 1326 786 unguentarium
1349 745 1383 777 b.
1414 763 1448 768 -—
1484 746 1533 778 Ad
1560 747 1630 778 Vir-

278 794 393 835 gilium
418 794 655 835 neyotiatorem.
679 793 830 826 Oberlini
855 795 892 825 B.
922 813 956 816 —
984 794 1058 826 Om.
1086 795 1121 825 T.

322 899 390 930 ΧΗ.
431 899 482 930 Ad
522 907 559 930 se
594 898 771 939 Virgilium
811 899 927 930 iocose
982 899 1154 940 Virgilium
1176 900 1434 941 unquentarium
1455 899 1511 932 vel
1540 909 1671 933 merea—

236 948 355 979 invitat
379 957 419 980 ea
444 947 666 986 condicione,
702 949 740 979 ut
763 948 929 989 unguenti

236 997 411 1037 onychem
437 997 535 1038 quasi
560 996 638 1028 cadi
661 997 866 1029 mercedem
883 997 930 1028 at-

236 1047 342 1084 t'crat;
383 1055 473 1087 quae
509 1045 669 1078 condicio
706 1047 735 1078 si
773 1045 926 1087 placeat,

235 1096 353 1127 statim
377 1096 493 1128 missis
517 1095 698 1134 omnibus,
728 1104 819 1135 quae
844 1104 929 1127 con-

235 1145 365 1176 vivium
389 1147 565 1176 moratura
583 1145 666 1183 sint,
694 1144 851 1184 advolet,
870 1144 930 1176 ad—

236 1195 352 1229 iectis.
380 1203 470 1235 quae
488 1194 532 1226 ad
556 1195 624 1226 hoc
647 1193 845 1235 impellant,
871 1203 929 1226 ar—

235 1244 426 1283 gumentis,
463 1252 482 1274 a
506 1244 653 1275 sicciore
683 1244 762 1275 anni
791 1245 930 1284 tempe-

235 1294 323 1325 state
339 1293 503 1334 vitaeque
529 1292 700 1324 brevitate
719 1292 926 1333 desumptis.

235 1344 308 1374 Iam
334 1351 414 1374 cum
439 1341 630 1383 probabilis
646 1343 690 1374 sit
713 1350 835 1373 eorum
853 1342 929 1383 opi-

234 1393 303 1429 nio,
330 1392 389 1432 qui
406 1392 523 1424 omnia
546 1392 648 1423 huius
672 1390 750 1423 libri
772 1391 929 1422 carmina

236 1441 316 1473 inde
333 1441 377 1473 ab
395 1450 426 1473 a.
443 1450 477 1472 u.
494 1450 524 1473 c.
543 1441 618 1472 736.
638 1441 831 1481 composita
849 1449 927 1472 esse

235 1492 382 1523 censent
428 1491 514 1531 (hoc
543 1499 562 1521 a
592 1490 782 1521 Kirchnero
817 1490 929 1522 reser-

235 1542 291 1571 tur
320 1540 363 1571 ad
393 1549 424 1571 a.
450 1539 549 1579 740.,
586 1549 605 1571 a
630 1539 852 1571 Grotesendio
884 1539 929 1571 ad

235 1598 366 1621 annum
384 1590 490 1629 739.)‚
517 1588 571 1620 vel
587 1591 775 1630 propterea
798 1598 867 1621 non
885 1588 929 1620 ad

236 1638 415 1680 Virgilium
450 1640 630 1671 Maronem
667 1640 808 1680 poetam
847 1639 931 1670 scri-

236 1690 334 1729 ptum
359 1697 438 1720 esse
453 1690 588 1729 potest,
615 1688 745 1729 quippe
762 1688 821 1728 qui
838 1696 931 1719 mor-

236 1740 307 1769 tem
331 1737 459 1769 obierit
481 1746 512 1768 a.
538 1745 572 1769 u.
592 1746 622 1769 c.
642 1737 716 1769 735.
743 1739 929 1770 Praeterea

237 1788 338 1827 poeta
378 1786 556 1826 quomodo
594 1786 660 1818 sub
694 1787 786 1818 vitae
820 1787 928 1819 finem

239 1836 306 1867 dici
323 1836 477 1877 potuerit
492 1837 645 1867 iuvenum
661 1837 817 1868 nobilium
833 1837 931 1868 eliens

237 1885 374 1917 difficile
393 1887 444 1917 est
461 1885 618 1926 protecto
635 1885 828 1925 intellectu,
848 1895 928 1918 cum

237 1935 380 1975 Augusti
414 1935 522 1975 ipsius
558 1937 593 1966 et
630 1935 743 1966 Liviae
779 1936 928 1967 amicitia

236 1986 396 2015 uteretur
411 2009 417 2021 ,
444 1992 515 2015 non
532 1984 674 2023 Augusti
690 1984 929 2024 privignorum

238 2033 291 2065 vel
335 2036 503 2074 nepotum
548 2033 668 2064 nescio
707 2034 760 2064 cui
800 2032 928 2065 tutelae

237 2092 315 2115 sese
341 2082 561 2124 applicasset.
600 2082 732 2114 Deinde
751 2082 928 2122 quomodo

238 2132 291 2164 vel
322 2131 535 2163 ludibundus
567 2133 710 2163 stadium
741 2132 825 2162 lucri
848 2134 931 2172 poe-

239 2185 292 2214 tae
319 2181 474 2212 tribuere
500 2182 666 2222 poterat?
704 2182 761 2221 qui
787 2181 929 2221 quidem

238 2232 357 2269 iocus,
385 2232 422 2261 ut
438 2231 552 2261 iocum
569 2240 648 2263 esse
667 2230 871 2271 largiamur,
898 2230 930 2260 in

239 2279 342 2311 talem
371 2280 484 2311 xirum
516 2281 625 2312 iactus
655 2289 761 2311 sensu
786 2288 930 2321 prorsus

239 2329 411 2360 caruisset
451 2338 566 2368 neque
611 2329 774 2369 cuiquam
823 2329 929 2361 risum

240 2378 417 2409 movisset.
461 2378 574 2409 «Nihil
599 2378 751 2419 denique
777 2379 832 2410 liic
857 2380 930 2409 est»

240 2428 346 2465 (recte
373 2427 483 2467 inquit
507 2428 715 2466 Gcsnerus),
745 2427 857 2467 «quod
884 2429 932 2458 ta-

240 2476 309 2507 lem
333 2477 442 2516 spiret
474 2477 683 2515 amicitiam,
722 2476 813 2517 quali
846 2485 932 2508 con-

239 2526 376 2556 ium-tus
411 2534 491 2556 cum
518 2526 657 2557 Marone
685 2526 827 2558 Flaccus
858 2527 929 2564 tuit,

240 2575 378 2615 quodve
405 2576 513 2614 magis
537 2575 579 2605 ail
606 2578 746 2616 poetam
764 2584 868 2616 quam
888 2576 930 2607 ad

240 2624 400 2664 quvmxis
417 2624 520 2655 alium
537 2625 663 2655 lloratii
682 2624 838 2656 sodalem
856 2634 933 2666 per-

240 2674 380 2704 tineat„
410 2690 443 2695 -
487 2674 660 2705 nidis-ulae
686 2675 827 2714 quinti-m
852 2678 930 2706 sunt

242 2722 350 2754 (jodd.
381 2725 412 2754 ct
443 2722 556 2755 schol.
588 2724 855 2764 inscriptiones:
889 2726 932 2755 ml

978 951 1081 980 torem
1095 947 1151 981 vel
1166 950 1425 990 neqotiatorem,
1442 950 1571 991 petitae
1588 959 1672 991 par—

979 998 1041 1030 tim
1070 1006 1112 1029 ex
1142 999 1241 1029 nardi
1277 997 1332 1030 illo
1364 999 1503 1039 onyche,
1543 1001 1670 1040 partim

979 1056 1021 1078 ex
1059 1047 1164 1079 studio
1208 1048 1303 1079 lueri.
1372 1049 1569 1089 speciosior
1606 1048 1669 1080 alia

979 1098 1015 1128 et
1044 1096 1190 1130 fortasse
1219 1106 1261 1128 ex
1292 1098 1443 1138 antiquis
1466 1099 1672 1139 Interpreti-

977 1146 1045 1178 bus
1069 1146 1276 1187 desumpta:
1303 1148 1348 1178 ad
1373 1147 1546 1187 Virgilium
1567 1149 1672 1180 medi-

977 1204 1052 1227 cum
1073 1196 1253 1227 Neronum.
1293 1196 1373 1237 (Cfr.
1398 1196 1533 1228 Weber
1557 1198 1672 1229 Hor-az

978 1253 1056 1286 pag.
1076 1244 1164 1284 234.)
1190 1245 1329 1276 Poterat
1352 1246 1470 1277 autem
1495 1254 1574 1278 esse
1594 1247 1671 1278 Vir·

979 1293 1046 1334 gilii
1070 1294 1221 1326 Maronis
1256 1295 1424 1334 cognatus
1460 1294 1582 1336 aliquis
1616 1294 1672 1327 vel

979 1342 1102 1382 cliens⁷
1128 1344 1265 1384 poterat
1286 1352 1365 1376 esse
1389 1352 1500 1385 nepos
1525 1344 1672 1377 sortasse

979 1393 1016 1424 C.
1052 1392 1182 1433 Virgilii
1222 1402 1250 1425 s.
1288 1392 1428 1434 Vergilii
1473 1395 1669 1435 praetoris,

979 1442 1157 1474 Ciceronis
1181 1443 1296 1474 amici.
1323 1443 1424 1481 Quod
1448 1444 1592 1484 quidem
1608 1453 1672 1476 nos

978 1490 1083 1529 latet;
1109 1491 1177 1523 hoc
1200 1500 1309 1523 unum
1333 1493 1471 1524 eertum
1495 1495 1563 1532 est,
1590 1496 1674 1534 po‘e-

979 1542 1049 1571 tam
1074 1541 1123 1572 sie
1148 1541 1193 1571 ad
1210 1542 1509 1582 compotationem
1534 1543 1672 1574 invitari

979 1598 1159 1630 nunquam
1182 1591 1339 1631 potuisse
1364 1591 1408 1622 ab
1426 1591 1568 1623 Horatio
1593 1601 1670 1625 suo.

979 1640 1016 1670 In
1040 1638 1166 1671 eadem
1183 1641 1237 1671 est
1253 1640 1426 1671 sententia
1443 1641 1622 1673 Weberus
1639 1645 1673 1674 et

978 1689 1078 1720 Estrc
1102 1689 1185 1720 Hor.
1203 1690 1256 1720 Pr.
1274 1698 1353 1730 pag.
1372 1689 1446 1722 455.
1497 1691 1572 1731 (Qui
1588 1701 1672 1724 vero

979 1738 1022 1769 de
1057 1737 1196 1778 Virgilio
1241 1740 1343 1779 pocta
1385 1743 1585 1781 exponunt,
1636 1744 1674 1774 ut

978 1796 1091 1829 nuper
1113 1787 1358 1829 Dillenburgor
1380 1798 1459 1830 pag.
1490 1790 1542 1823 94..
1561 1816 1567 1830 ‚
1605 1792 1673 1823 hoe

979 1846 1122 1869 carmen
1159 1837 1305 1870 fortasse
1342 1839 1410 1870 iam
1445 1848 1476 1871 a.
1507 1839 1580 1872 744.
1619 1840 1673 1873 vel

979 1887 1053 1917 71¹5.
1091 1887 1327 1927 compositum
1361 1889 1481 1920 nescio
1520 1898 1589 1930 quo
1614 1892 1674 1922 aut

980 1934 1122 1966 consilio
1135 1938 1194 1966 aut
1206 1944 1290 1968 casu
1303 1937 1448 1969 demum
1460 1940 1541 1978 post
1553 1948 1585 1970 a.
1596 1939 1669 1971 736.

980 1983 1114 2015 editum
1130 1992 1209 2016 esse
1227 1986 1459 2025 contendunt,
1487 1988 1582 2027 quod
1600 1990 1674 2028 qui—

980 2032 1062 2064 dem
1086 2041 1211 2074 parum
1237 2035 1290 2065 est
1314 2035 1388 2066 veri
1411 2035 1549 2076 simile.)

1025 2083 1036 2113 ·1
1059 2099 1077 2104 -
1093 2082 1123 2114 4.
1149 2083 1235 2113 veris
1248 2084 1390 2124 comites]
1416 2085 1489 2116 Non
1514 2086 1670 2126 zephyri,

980 2134 1017 2163 ut
1041 2131 1184 2172 quidam
1208 2131 1412 2172 voluerunt,
1446 2134 1509 2166 sed
1544 2135 1674 2175 aquilo-

982 2190 1054 2213 nes.
1109 2182 1355 2214 l'seudaristot.
1393 2183 1436 2214 de
1469 2184 1597 2216 Mundo
1629 2184 1669 2216 43

983 2230 1020 2261 οἱ
1043 2228 1082 2262 δὲ
1107 2226 1293 2275 Ὄρνιθίαι
1319 2230 1549 2274 καλούμενοι
1571 2233 1674 2278 ἐαρι-

982 2280 1042 2312 νοί
1079 2289 1176 2319 τινες
1222 2276 1328 2321 ὄντες
1363 2276 1498 2323 ἄνεμοι
1540 2281 1673 2328 βορέαι

983 2329 1056 2361 εἰσὶ
1079 2327 1129 2372 τῷ
1153 2331 1262 2372 γένει.
1312 2330 1445 2363 Colum.
1474 2333 1508 2363 Η
1527 2357 1533 2369 ‚
1552 2333 1588 2366 ⁶2,
1608 2333 1642 2364 ’21
1666 2344 1670 2363 ;

980 2380 1067 2411 venti
1082 2381 1358 2419 septentrionales,
1372 2398 1390 2403 -
1402 2398 1420 2403 —
1433 2382 1602 2413 Ornilhiae
1613 2391 1675 2421 per

982 2430 1048 2461 dies
1070 2430 1165 2461 XXX.
1193 2439 1257 2462 esse
1279 2430 1403 2468 solenc‚·
1429 2434 1497 2461 lum
1513 2435 1541 2462 e!
1557 2431 1674 2463 hirun-

983 2480 1023 2510 do
1045 2480 1188 2511 advenit.
1271 2480 1464 2519 ieamer-ant]
1491 2480 1676 2521 «tranquil-

983 2527 1088 2560 lant.»
1124 2530 1233 2561 Comi.
1262 2531 1389 2565 Cut'Q.:
1432 2529 1597 2567 «faciunt,
1639 2532 1675 2562 ut

983 2577 1152 2619 placidius
1177 2579 1219 2610 sit
1244 2587 1339 2610 mart¹
1365 2586 1470 2617 quam
1496 2587 1560 2619 per
1584 2581 1674 2611 tcm-

983 2636 1048 2668 pus
1065 2627 1251 2659 hibernum
1269 2638 1297 2663 ;»
1327 2637 1416 2668 quae
1435 2629 1673 2669 interpretatio

983 2677 1095 2718 aptior
1112 2679 1180 2716 cst,
1208 2679 1392 2718 propterea
1419 2677 1512 2718 quod
1530 2678 1563 2709 lii
1582 2679 1673 2709 venti

983 2727 1224 2767 navigantibus
1242 2727 1386 2758 secundi
1403 2729 1500 2765 sunt,
1528 2729 1561 2759 ut
1580 2729 1672 2768 patet
