1997 3219
305 277 386 318 356
815 275 985 308 nonnil
1010 274 1233 308 CARMINUM

474 381 620 424 Celent
650 379 826 426 inultae,
861 385 941 420 stet
971 377 1223 434 Capitolium

528 460 709 515 Fulgens
740 457 1094 514 triumphatisque
1124 456 1259 513 possit

583 542 716 582 Roma
746 539 863 581 ferox
895 538 998 580 dare
1030 538 1122 579 iura
1153 537 1298 579 Medis.

472 644 693 688 Horrenda
723 644 805 686 late
837 656 992 685 nomen
1024 642 1063 684 in
1094 641 1262 684 ultimas
1692 641 1744 682 45

471 725 678 767 Extendat
707 738 822 772 oras,
856 722 1140 780 quamedius
1170 721 1311 778 liquor

528 805 720 848 Secernit
749 805 949 860 Europen
980 803 1033 845 ab
1063 803 1178 852 Afro,

584 887 679 937 Qua
708 884 896 927 tumidus
927 884 1033 940 rigat
1065 896 1166 925 arva
1195 882 1332 932 Nilus,

469 992 629 1032 Aurum
662 990 917 1045 irrepertum
948 995 990 1030 et
1019 988 1081 1030 sic
1111 987 1262 1029 melius
1294 987 1440 1036 situm,

472 1072 577 1114 Cum
609 1078 720 1113 terra
751 1069 879 1118 celat,
917 1082 1122 1125 spernere
1155 1067 1301 1110 sortior
1693 1067 1745 1106 50

527 1152 665 1201 Quam
696 1163 851 1206 eogere
874 1149 1082 1210 humanos
1115 1149 1155 1190 in
1186 1158 1291 1190 usus

389 1282 440 1315 49.
467 1283 671 1322 inrepertum
695 1281 803 1313 bSTc.

300 1400 342 1431 Et
365 1397 572 1431 a'ccubabzmt
594 1399 629 1429 in
650 1397 757 1428 medio
781 1397 850 1428 eius
868 1404 996 1436 =(weges,

302 1457 412 1479 omnes
435 1448 555 1479 bestiae
577 1447 744 1487 gentium;
769 1463 787 1468 -
803 1464 821 1468 —
838 1447 998 1485 quomodo

300 1498 392 1537 facta
409 1501 454 1528 est
469 1498 503 1528 in
520 1498 693 1534 desertum,
711 1495 814 1526 cubile
828 1495 997 1535 ferarum!

301 1546 396 1578 Iliad.
422 1544 454 1585 δ,
482 1547 561 1578 476ῑ
589 1545 662 1577 Καί
686 1545 729 1576 κε’
751 1554 807 1584 τις
823 1537 886 1575 ὧδ’
904 1543 998 1588 ἐρέει

303 1593 440 1640 Τρώων
479 1591 811 1640 ὑπερηνορεόντων
856 1591 997 1636 Τύμβῳ

300 1642 549 1689 ἐπιθρώσκων
562 1640 756 1675 Μενελάου
770 1641 998 1684 κυδαλίμοιο

300 1692 379 1725 κτλ.
406 1694 524 1734 Eurip.
544 1693 592 1725 El.
611 1693 686 1725 327.
709 1693 896 1733 Aegisthus
912 1693 1001 1732 Aga—

302 1744 503 1775 memnonis
527 1740 733 1788 ἐνθρῴσκει
757 1739 881 1785 τάφῳ.

345 1817 398 1849 42.
446 1817 655 1858 Capitolium]
702 1825 867 1847 summam
914 1816 999 1847 Iovis

301 1867 426 1898 culmen
445 1865 557 1906 (Silius
575 1866 613 1904 3,
640 1866 742 1905 540),
762 1867 900 1897 certum
916 1864 999 1896 illud

303 1915 518 1946 aeternitatis
537 1916 572 1945 et
588 1915 726 1954 signum
743 1916 777 1946 et
792 1915 916 1955 pignus
935 1915 1002 1946 Ro-

303 1964 429 1996 manis.
456 1963 518 1995 Od.
546 1963 582 2002 3,
609 1963 667 2002 30,
694 1964 724 1995 8.

348 2037 401 2069 43.
429 2036 482 2068 44.
524 2037 605 2068 dare
626 2038 721 2078 iura]
758 2036 872 2078 «leges
890 2038 1001 2078 impo-

306 2095 426 2118 nere.»
452 2086 523 2117 Liv.
544 2086 556 2117 l
572 2111 578 2124 ,
597 2086 633 2117 8:
653 2085 819 2119 Romulus
831 2090 1002 2118 vocata--

304 2135 512 2167 multitudine
527 2151 546 2156 —
557 2152 575 2157 —
589 2135 668 2166 iura
684 2136 780 2166 dedit.
805 2136 898 2176 Virg.
913 2137 998 2167 Aen.

306 2184 338 2223 3,
355 2184 434 2215 ⁴37:
453 2184 533 2214 Iura
547 2184 720 2223 domosque
733 2184 865 2215 dabam.
882 2202 917 2206 —-
929 2185 1004 2215 Pos-

305 2234 347 2265 sit
363 2234 481 2264 autem
498 2234 578 2264 dare
593 2233 688 2271 iura,
707 2234 746 2264 ut
762 2232 884 2264 Tibull.
905 2234 917 2264 4
935 2258 942 2271 ,
961 2234 999 2271 7,

307 2282 326 2314 3
340 2292 346 2312 :
372 2282 558 2321 Aquitanas
574 2283 629 2321 qui
648 2285 757 2321 posset
770 2283 907 2322 fundere
921 2291 1003 2322 yen-

307 2335 363 2362 tes.
411 2331 487 2362 Non
517 2332 570 2362 est
599 2330 747 2371 simplex
774 2331 875 2362 verbi
899 2331 1002 2376 περί-

307 2389 462 2425 φρασις,
489 2379 553 2411 sed
577 2379 765 2419 significat:
794 2379 929 2411 «valeat
951 2380 1003 2412 le-

308 2437 369 2469 ges
394 2428 478 2459 dare
499 2436 540 2459 ac
558 2427 618 2459 det
633 2436 671 2459 re
692 2436 810 2459 vera.»
832 2446 867 2450 —
885 2428 1001 2469 Medis]

310 2479 420 2515 Sane,
456 2478 494 2508 ut
523 2476 654 2517 ubique
691 2476 783 2517 apud
807 2478 1002 2517 Horatium,

308 2525 545 2566 intelliguntur
595 2526 710 2557 Parthi
727 2551 733 2564 ,
787 2535 1004 2567 quamquam

311 2575 417 2606 etiam
440 2577 523 2606 tunc
541 2575 631 2607 Medi
648 2575 788 2616 proprie
810 2575 906 2615 dicti,
926 2578 1006 2608 Par-

310 2624 378 2655 this
402 2625 521 2655 tamen
545 2632 687 2665 semper
704 2624 863 2663 obnoxii,
890 2624 933 2656 ab
951 2626 1004 2656 his

311 2672 624 2712 distinguebantur.
659 2674 834 2712 Augustus
858 2674 890 2704 in
913 2674 1002 2705 Mon.

312 2722 441 2761 Ancyr.
467 2730 501 2762 p.
528 2722 579 2753 36.
607 2722 733 2753 Franz:
768 2722 795 2753 A
820 2730 872 2753 me
897 2726 1006 2762 gentes

311 2770 509 2801 Parthorum
533 2773 563 2802 et
578 2771 751 2802 Medorum
768 2771 934 2809 petierunt
944 2780 1006 2810 per

310 2819 475 2858 principes
512 2828 628 2850 earum
665 2819 810 2860 yenliam
851 2828 1006 2860 reyesquc

1047 1404 1100 1427 eos
1123 1399 1335 1435 acceperunt,
1359 1397 1473 1428 Parthi
1500 1397 1662 1429 Vononem
1678 1415 1696 1420 -
1712 1415 1741 1436 -,

1046 1446 1134 1477 Medi
1157 1445 1431 1477 Ariobarzanem.

1090 1494 1144 1526 45.
1179 1495 1369 1535 Horrenda]
1407 1496 1540 1527 «Roma
1574 1494 1743 1527 bellicosa

1048 1544 1083 1574 et
1117 1543 1282 1575 terribilis
1316 1543 1443 1584 opibus
1482 1545 1554 1576 suis
1593 1543 1747 1575 debellet

1047 1593 1195 1625 Parthos
1227 1594 1437 1633 ceterosque
1469 1593 1618 1634 populos
1650 1593 1745 1624 orbis

1049 1643 1260 1674 extremos.»
1314 1642 1420 1681 Iunge
1457 1642 1624 1673 horrenda
1660 1643 1741 1680 late,

1048 1691 1206 1723 similiter
1230 1692 1335 1731 atque
1360 1691 1422 1722 Od.
1450 1691 1487 1729 3,
1515 1692 1573 1730 47,
1599 1691 1633 1722 9:
1664 1691 1745 1722 Late

1048 1745 1221 1780 tyrannas.
1247 1741 1339 1781 Virg.
1366 1742 1452 1772 Aen.
1480 1742 1514 1778 4,
1541 1742 1603 1773 24:
1633 1751 1745 1781 popa-

1049 1792 1116 1823 lnm
1139 1791 1204 1822 late
1226 1799 1353 1831 reyenu
1382 1799 1453 1822 non
1477 1799 1558 1822 cum
1582 1790 1656 1823 aliis
1681 1791 1746 1822 late

1050 1842 1223 1878 emendam
1260 1840 1295 1871 id
1329 1840 1425 1880 quod
1457 1841 1592 1881 respuit
1621 1848 1746 1872 versus

1051 1898 1197 1920 caesura
1222 1891 1256 1920 et
1278 1889 1454 1929 pedestris
1484 1891 1537 1921 est
1565 1889 1744 1920 orationis.

1094 1937 1146 1969 4ss.
1178 1947 1245 1977 qua
1266 1939 1392 1969 medius
1420 1938 1540 1978 liquor]
1566 1937 1742 1969 «medium

1050 1988 1140 2018 inter
1177 1989 1289 2018 terras
1328 1988 1549 2019 continentes
1593 1987 1745 2027 spatium

1051 2044 1228 2076 occupans
1252 2045 1366 2077 usque
1392 2037 1437 2067 ad
1467 2036 1599 2074 Gades,
1635 2036 1748 2067 Euro-

1046 2094 1129 2126 pam
1162 2086 1364 2125 Libyamque
1398 2094 1512 2126 rapam
1544 2085 1600 2116 ubi
1634 2085 1748 2116 dividit

1051 2135 1152 2166 unda.
1193 2134 1316 2174 (Poeta
1348 2134 1441 2175 apud
1466 2135 1537 2166 Cic.
1566 2135 1606 2166 N.
1636 2135 1676 2166 D.
1706 2133 1746 2172 3,

1054 2183 1140 2222 40.)»
1187 2184 1388 2224 Aegyptum
1416 2185 1535 2215 autem
1561 2184 1595 2215 et
1621 2183 1748 2223 Hispa-

1053 2233 1147 2264 niam
1171 2232 1361 2264 debellavit
1382 2234 1572 2273 Augustus.

1096 2281 1212 2313 lia-5¹2.
1241 2282 1334 2313 «Hoc
1356 2291 1442 2314 vero
1459 2281 1555 2313 orbis
1573 2283 1747 2313 terrarum

1053 2331 1241 2370 imperium
1265 2331 1373 2362 Roma
1399 2339 1439 2362 ea
1463 2330 1644 2362 dumtaxat
1661 2339 1748 2361 con-

1054 2380 1190 2411 dicione
1223 2378 1453 2420 adipiscetur,
1490 2380 1528 2410 ut
1558 2379 1678 2410 fortior
1705 2379 1749 2410 sit

1054 2428 1099 2460 ad
1127 2428 1367 2469 spernendum
1397 2437 1523 2460 aurum
1553 2436 1659 2468 quam
1683 2436 1748 2459 cu-

1054 2477 1168 2518 pidior
1212 2478 1287 2509 eius
1330 2478 1487 2518 cogyendi,
1535 2475 1748 2517 congerendi

1054 2525 1209 2566 undique
1242 2527 1277 2557 et
1307 2526 1463 2567 quolibet
1500 2526 1606 2557 modo
1642 2526 1748 2557 etiam

1054 2574 1187 2614 illicito,
1222 2575 1312 2606 adeo
1343 2576 1382 2606 ut
1411 2575 1590 2616 rapiantur
1618 2572 1673 2605 vel
1706 2582 1748 2605 ex

1056 2623 1194 2664 templis
1226 2624 1370 2655 donaria
1403 2632 1526 2661 aurea,
1563 2631 1605 2653 ex
1635 2623 1747 2662 iisque

1056 2673 1215 2704 conflatis
1247 2682 1331 2704 vasa
1363 2673 1406 2704 ad
1437 2680 1540 2704 usum
1562 2671 1746 2712 profanum

1056 2722 1227 2754 destinata
1263 2722 1524 2754 conficiantur.»
1570 2720 1630 2752 Alii
1669 2722 1748 2752 iun-

1056 2773 1159 2812 gunt:
1186 2780 1301 2811 coyere
1321 2772 1482 2802 humanos
1507 2770 1539 2801 ἱη
1562 2779 1656 2807 asns3
1683 2769 1745 2801 sed

1056 2821 1106 2851 sic
1131 2819 1259 2851 tollitur
1287 2820 1458 2861 oppositio
1488 2819 1668 2851 manifesta
1695 2819 1746 2849 in—
