1997 3219
316 191 397 232 470

828 194 997 225 HORATII
1022 194 1244 226 CARMINUM

537 298 627 338 Non
659 301 907 351 sumptuosa
938 295 1134 338 blandior
1166 295 1303 338 hostia

593 375 765 418 Mollivit
795 389 970 418 aversos
1001 376 1185 418 Penates·

400 508 450 539 49.
477 506 615 539 Mollibil
635 506 784 545 bc‚LCt,
814 506 951 538 Molliril
982 505 1154 546 Cuningh.
1183 514 1201 537 e
1227 506 1312 537 Cod.
1339 507 1482 547 Gogav.‚
1510 508 1591 539 item
1617 517 1706 539 unus

357 558 462 596 Feae,
502 558 589 588 Pott.
615 556 652 594 7,
679 556 709 588 8.
747 556 798 595 (Ut
821 563 904 593 nos,
931 555 991 594 ST,
1016 565 1049 594 ν,
1074 564 1129 596 pr.
1154 564 1195 593 κ,
1226 555 1416 596 Cruquiani
1440 558 1529 594 tres,
1569 557 1704 588 Bersm.

354 614 464 645 unus,
491 605 600 638 Pulm.
628 607 663 638 et
686 605 809 637 Gitanii
832 612 941 643 unus,
967 605 1057 636 Pott.
1085 605 1218 643 ceteri.)

310 725 362 763 τί,
399 723 495 755 velut
524 724 640 763 plenus
676 724 756 763 (Sat.
785 724 821 761 ⁶2,
851 722 890 760 2,
923 721 1003 761 4-3.)‚

310 774 427 804 avidus
444 772 519 813 (Oct.
538 773 570 811 t,
595 772 649 811 28,
673 772 753 812 118.),
780 773 815 803 et
837 772 953 812 ipsum
969 779 1002 802 v.

310 823 465 854 immunis
502 822 634 853 omisso
675 830 714 852 «a
748 820 930 852 laboribus
964 828 1006 851 ac

310 870 582 903 certaminibus»
600 870 695 912 apud
715 871 794 902 Sen.
815 870 917 901 Herc.
936 869 1002 901 fur.

307 921 388 952 2116:
425 920 585 959 numquid
607 920 762 951 immunis
782 919 846 960 fuit
867 919 1007 960 Infantis

311 969 491 1010 (Herculis)
517 968 651 1000 aetas?:
689 970 739 1000 sic
762 969 830 1000 hoc
861 977 1004 1009 quoque

309 1018 387 1051 loco
413 1019 607 1060 genItivum
630 1018 686 1050 vel
711 1017 903 1050 ablativum
919 1018 1006 1049 omi-

308 1069 353 1100 sit
369 1069 531 1100 Horatius
543 1093 550 1106 ,
574 1068 678 1099 nimis
697 1069 814 1099 certus
830 1066 1005 1109 lectorum

309 1118 489 1149 neminem
507 1117 750 1149 dubitaturum
767 1117 811 1148 de
828 1116 1005 1156 significa-

308 1168 421 1206 tione,
451 1176 542 1208 quae
567 1166 632 1198 alia
656 1175 735 1198 esse
760 1167 882 1207 nequit
897 1174 1003 1206 quam

310 1217 518 1255 «innocens,
544 1217 698 1248 insons.»
724 1214 877 1256 (Puram,
904 1211 1005 1256 quasi

308 1274 365 1298 me
396 1266 630 1304 refutaturus‚
668 1266 920 1306 interpretatus
951 1266 1005 1296 est

307 1315 459 1347 Liibker.
508 1315 577 1347 Sed
612 1315 697 1356 quid
731 1315 876 1346 tandem
910 1314 1004 1347 aliud

307 1364 505 1404 volebanl‘P)
523 1366 599 1396 Non
617 1365 710 1396 enim
723 1365 886 1396 Horatius
902 1372 1005 1405 prae-

307 1414 395 1445 vidit
427 1413 520 1452 fore,
560 1415 600 1444 ut
631 1413 818 1454 aliquando
851 1413 1005 1454 explica-

309 1464 406 1494 rent:
448 1464 548 1494 «sine
583 1463 725 1502 hostiis,
762 1471 912 1502 vacua»,
947 1462 1003 1494 vel

309 1512 405 1553 quod
427 1513 529 1553 peius
554 1513 659 1544 etiam
691 1515 763 1551 est,
802 1522 934 1544 «vacua
958 1512 1002 1544 ab

309 1570 417 1603 opere
441 1563 590 1601 rustico,
616 1562 772 1593 seriata.»
794 1581 828 1584 —
848 1563 1003 1603 Opponi-

309 1612 367 1642 tur
383 1608 532 1656 πονηρά
548 1612 643 1656 χείρ.
681 1611 798 1652 Eurip.
814 1612 887 1642 Ion.
904 1611 999 1643 4315:

310 1656 397 1692 οὐδὲ
421 1657 493 1705 γὰρ
515 1658 659 1701 ψαύειν
674 1659 793 1692 καλὸν
810 1659 914 1692 Θεῶν
931 1670 1003 1692 πο-

308 1707 429 1755 νηρὰν
451 1713 572 1755 χεῖρα.
601 1729 637 1733 -
663 1711 689 1741 si
713 1711 831 1751 tetigyit]
863 1711 943 1742 thus
968 1711 1003 1741 et

307 1758 439 1791 molam
455 1759 586 1791 salsam
602 1759 773 1797 offerens3
799 1756 999 1804 ἀορίστως,

306 1809 469 1849 perpetui
516 1809 684 1849 temporis
724 1809 976 1848 significatione
992 1835 999 1849 ,

308 1865 416 1897 quam
432 1866 501 1889 non
519 1859 752 1897 agnoscentes
769 1858 907 1889 mollivit
922 1867 1003 1890 mu-

310 1907 427 1937 tarunt
450 1907 484 1937 in
506 1907 658 1945 mollit-il,
693 1907 747 1938 alii
771 1909 871 1948 peius
897 1909 1002 1940 etiam

308 1956 342 1987 in
364 1956 511 1987 mollibit.

353 2005 405 2036 48.
437 2005 512 2036 Non
534 2006 735 2047 sumptuosa]
760 2007 890 2038 Veram
915 2014 1003 2037 con-

310 2054 540 2086 structionem
573 2056 665 2086 hanc
700 2056 878 2087 existimo:
917 2058 1003 2088 «Im-

308 2104 417 2134 manis
438 2113 557 2135 manus
584 2105 722 2136 mollivit
744 2114 875 2137 aversos
895 2107 1004 2137 Pena-

309 2156 354 2184 tes
375 2154 470 2193 farre
487 2154 545 2193 pio
562 2155 693 2185 elmlea
709 2155 803 2193 salis,
830 2164 893 2186 non
913 2155 1005 2187 blan-

310 2203 383 2233 dior
408 2203 550 2242 (sutura,
578 2202 704 2243 oblata)
730 2208 920 2243 sumptuosa
943 2206 1003 2237 ho-

308 2252 373 2283 stia
396 2251 561 2292 (ablat.)»;
588 2255 622 2283 et
646 2255 742 2284 recte
767 2254 836 2285 iam
862 2255 1003 2285 Lambi-

310 2310 375 2332 nus
400 2301 614 2342 explanavit:
648 2302 773 2334 «nihilo
802 2305 933 2343 gratior
961 2305 1001 2335 iis

309 2350 423 2382 t'utura
453 2360 518 2392 per
545 2352 791 2392 sumptuosam
814 2353 1000 2385 hostiam.»

308 2399 400 2431 Alias
436 2402 697 2441 proposuerunt
731 2402 811 2433 has:
851 2403 1003 2442 11>«N0n

307 2450 445 2481 mollivit
472 2449 624 2481 blandior
654 2449 837 2492 (blandius)
871 2461 1003 2484 aversos

306 2500 440 2530 Penates
475 2500 581 2530 hostia
621 2503 813 2539 sumptuosa
853 2501 999 2542 (ablat.)

308 2557 416 2589 quam
452 2549 546 2588 farre
578 2549 669 2588 pio.»
716 2549 745 2589 2)
787 2550 847 2581 «Si
884 2560 1003 2583 mamis

307 2597 460 2628 immunis
485 2598 643 2638 (innoxia)
669 2608 767 2630 aram
791 2600 910 2639 teligit,
941 2600 1002 2631 ho-

307 2647 371 2677 stia.
387 2651 577 2686 sumptuosa
598 2648 790 2688 (nominat.)
808 2658 872 2679 non
889 2651 1000 2687 magis

308 2696 443 2727 mollivi!
474 2705 606 2728 aversos
631 2698 781 2735 Penates,
817 2706 917 2736 quam
944 2699 1002 2738 far

305 2745 439 2784 piumz»
472 2745 525 2778 vel
551 2747 587 2778 ut
612 2745 787 2778 Bentleius
820 2746 996 2779 similiter:

1056 721 1151 761 Esto,
1183 725 1219 753 ul
1241 730 1350 753 vacua
1371 731 1491 753 mamis
1513 732 1611 754 aram
1635 725 1748 764 leliye-

1054 771 1116 802 ric:
1140 774 1331 811 sumptuosa
1353 771 1459 802 hostia
1477 772 1670 812 (nominat.)
1685 783 1750 804 ¹non

1054 820 1192 852 mollivit
1213 821 1348 852 Penates
1362 820 1513 852 blandior
1533 822 1628 861 farre
1646 822 1718 861 ρέος
1734 836 1748 849 »

1055 870 1084 910 3)
1112 870 1168 902 «Si
1189 878 1309 902 manus
1334 870 1490 902 immunis
1512 880 1531 902 a
1555 870 1750 902 sceleribus

1055 920 1158 960 tetigit
1169 929 1267 951 aram
1278 923 1469 959 sumptuosa
1483 920 1589 951 hostia
1605 920 1707 959 (ablat
1715 922 1733 959 ,ξ
1741 946 1747 957 ,

1054 977 1094 1000 ea
1116 977 1235 1000 manus
1256 978 1322 1000 non
1343 969 1482 1001 mollivit
1497 978 1629 1001 aversos
1644 971 1751 1001 Pena-

1054 1020 1099 1048 tes
1136 1017 1288 1049 blandior
1319 1018 1378 1057 pio
1415 1019 1550 1059 farre.»
1610 1019 1746 1059 (Senor.

1056 1067 1174 1107 CRUQ.)
1207 1068 1270 1105 Qui
1294 1070 1540 1108 simplicem--
1555 1068 1661 1100 hostia
1686 1077 1750 1099 no—

1055 1116 1240 1148 minativos
1269 1125 1349 1148 esse
1376 1117 1611 1156 contendunt,
1648 1117 1752 1158 sylla-

1054 1165 1122 1197 bae
1164 1174 1203 1196 sa
1246 1165 1517 1206 productionem
1558 1167 1751 1199 defendunt

1056 1216 1116 1245 aut
1138 1215 1202 1246 Od.
1228 1214 1265 1254 3,
1291 1216 1327 1255 5,
1355 1215 1414 1246 117:
1458 1216 1495 1247 Si
1529 1225 1596 1248 non
1625 1217 1750 1256 periret

1055 1263 1314 1304 immiserabilis,
1350 1265 1415 1297 sed
1447 1265 1542 1307 apud
1567 1266 1751 1297 Horatium

1054 1313 1256 1354 ubicunque
1292 1312 1522 1356 syllabaper
1556 1323 1595 1347 se
1629 1314 1749 1347 brevis

1056 1371 1205 1394 caesura
1253 1363 1485 1404 producitur,
1538 1364 1573 1395 in
1621 1372 1751 1396 conso-

1054 1414 1216 1451 nantem,
1253 1421 1324 1443 non
1347 1413 1382 1443 in
1404 1412 1566 1445 vocalem
1590 1414 1675 1453 exit,
1712 1415 1752 1445 ut

1055 1462 1117 1494 Od.
1145 1462 1181 1500 t,
1213 1461 1249 1500 3,
1281 1461 1341 1493 36:
1380 1462 1535 1502 Perrupit
1565 1462 1749 1495 Acheronta

1052 1512 1229 1543 Herculeus
1255 1511 1359 1543 labor.
1406 1511 1495 1543 Ibid.
1525 1512 1537 1543 ΑΙ
1556 1537 1563 1551 ,
1593 1512 1652 1551 45,
1685 1512 1747 1544 36;

1052 1561 1141 1602 anis
1155 1561 1277 1592 Iliacas
1300 1562 1422 1592 domos.
1463 1562 1526 1593 Od.
1554 1561 1587 1600 3,
1617 1562 1655 1601 5,
1688 1563 1746 1593 47:

1052 1611 1088 1642 Si
1112 1620 1177 1642 non
1202 1611 1328 1650 periret
1359 1610 1615 1649 immiserabilis,
1651 1611 1747 1651 quod

1052 1661 1168 1701 ipsum
1193 1661 1333 1691 nostrae
1358 1660 1658 1700 interpretationis
1685 1660 1750 1692 fir-

1052 1710 1250 1741 missimum
1290 1710 1343 1740 est
1381 1711 1647 1749 argumentum,
1688 1713 1748 1742 aut

1053 1759 1247 1791 defendunt
1269 1759 1383 1797 hiatu,
1408 1760 1447 1789 ut
1471 1759 1533 1790 Od.
1553 1759 1589 1797 2,
1609 1760 1668 1797 20,
1694 1760 1744 1791 13:

1051 1811 1122 1841 Iam
1137 1808 1305 1840 Daedaleo
1322 1808 1413 1839 ocior
1427 1809 1539 1847 Icaro,
1570 1810 1630 1840 aut
1645 1808 1750 1849 sylla-

1052 1859 1137 1890 bam
1171 1866 1210 1888 sa
1243 1858 1390 1898 produci
1422 1857 1544 1889 dicunt
1574 1859 1747 1899 positione

1052 1908 1113 1940 litt.
1144 1907 1185 1938 bl.
1216 1908 1290 1938 lloc
1325 1909 1420 1938 certe
1456 1909 1577 1939 contra
1616 1909 1748 1939 Horatii

1053 1966 1176 1993 usum;
1204 1956 1265 1987 cfr.
1284 1957 1323 1987 A.
1343 1957 1378 1987 P.
1399 1956 1478 1988 395:
1505 1960 1535 1987 et
1544 1966 1643 1996 prece
1658 1958 1749 1989 blan-

1053 2008 1108 2038 da.
1133 2006 1195 2038 Od.
1215 2006 1252 2044 3,
1278 2005 1314 2044 4,
1341 2006 1399 2037 50:
1432 2006 1570 2038 horrida
1592 2006 1745 2039 brachiis.

1053 2056 1115 2088 Od.
1135 2055 1166 2094 3,
1186 2056 1217 2093 11,
1234 2055 1289 2086 113:
1318 2055 1416 2086 turba
1431 2056 1607 2088 clientium.
1635 2057 1697 2089 Od.
1713 2056 1745 2095 3,

1053 2105 1084 2144 6,
1105 2105 1161 2136 49:
1190 2105 1343 2137 derivata
1358 2105 1476 2136 clades.
1503 2105 1565 2136 Od.
1585 2105 1616 2144 3,
1637 2106 1688 2145 ii,
1708 2106 1744 2137 9:

1051 2155 1127 2185 latis
1149 2163 1234 2194 equa
1257 2155 1359 2185 trima
1381 2155 1516 2194 eampis.
1539 2173 1574 2177 —-
1592 2155 1645 2186 Ad
1663 2164 1747 2186 sen-

1052 2205 1196 2236 tentiam
1231 2203 1292 2235 ct‘r.
1328 2205 1482 2244 Euripid.
1518 2204 1613 2245 apud
1645 2205 1746 2236 Orio-

1052 2262 1132 2285 nem
1158 2253 1373 2285 Schneidow.
1391 2263 1426 2294 p.
1445 2254 1503 2284 55:
1529 2246 1585 2285 Εὖ
1602 2251 1676 2284 ἴσθ’
1693 2248 1746 2284 ὅτ’

1050 2297 1098 2334 ἄν
1126 2313 1181 2342 τις
1212 2298 1382 2341 εὐσεβῶν
1404 2300 1482 2347 θύῃ
1507 2302 1630 2342 θεοῖς,
1663 2299 1746 2335 Κᾶν

1049 2349 1168 2397 μικρὰ
1200 2349 1295 2398 θύῃ,
1332 2349 1510 2395 τυγχάνει
1541 2353 1741 2397 σωτηρίας.

1050 2403 1266 2443 Antiphanes
1297 2402 1330 2434 in
1361 2403 1466 2434 Grotii
1499 2403 1581 2434 Exe.
1607 2412 1641 2444 p.
1669 2403 1742 2434 647.

1051 2451 1095 2482 de
1137 2452 1257 2482 thure:
1307 2448 1359 2482 Τὸ
1396 2449 1437 2483 δὲ
1473 2448 1611 2496 μικρὸν
1649 2447 1744 2483 αὐτὸ

1051 2498 1150 2532 τοῦτ’
1190 2497 1355 2546 ἀρεστὸν
1391 2503 1473 2541 τοῖς
1510 2501 1628 2541 θεοῖς.
1680 2501 1743 2532 Dio

1051 2551 1177 2590 Chrys.
1204 2552 1261 2581 Or.
1289 2550 1339 2582 113.
1366 2560 1401 2592 p.
1423 2551 1499 2583 264.
1518 2552 1636 2592 Emp.:
1663 2544 1743 2592 ὅσῳ

1049 2595 1099 2630 ἂν
1134 2595 1406 2645 εὐσεβέστερον
1439 2600 1503 2631 καὶ
1538 2596 1743 2643 ὁσιωτερον

1050 2649 1231 2691 γένησθε,
1258 2645 1431 2692 τοσούτῳ
1455 2647 1618 2681 ἐλάττων
1635 2644 1740 2680 ἔσται

1050 2699 1134 2743 παρ’
1171 2695 1261 2740 ὑμῖν
1295 2695 1316 2729 ὁ
1352 2695 1562 2737 λιβανωτὸς
1595 2698 1658 2729 καὶ
1696 2694 1742 2728 τὰ

1051 2745 1276 2789 θυμιάματα
1299 2748 1360 2779 καὶ
1384 2745 1428 2780 τὰ
1446 2745 1739 2788 στεφανώματα,
