1997 3219
728 266 803 296 mn.
833 265 883 296 lV.

933 266 969 295 C.

999 265 1020 295 ι,
1559 262 1640 302 3323

373 370 513 411 Duces
547 369 687 412 thura.
724 369 928 426 lyraeque
961 375 999 409 et
1031 367 1309 423 Berecyntiae

320 448 597 492 Delectabere
629 450 755 492 tibiae

372 531 507 572 Mixtis
540 529 798 572 carminibus
831 544 912 571 non
945 531 1034 572 sinc
1067 528 1229 574 fistula:

319 634 403 676 lllie
434 634 499 676 bis
532 635 651 691 pueri
684 634 751 676 die

369 715 532 756 Numen
567 728 663 757 cum
696 714 853 756 teneris
887 713 1119 769 xirginibus
1152 722 1266 755 tuum

317 794 557 836 Laudantes
588 793 699 850 pede
732 793 913 837 candido

371 875 416 915 In
447 887 609 916 morem
641 873 800 916 Salium
831 881 895 916 ter
925 874 1114 930 quatient
1146 873 1331 916 humum.

293 970 341 1000 22.
370 968 421 1000 ΞΒ.
449 969 606 1007 lyraeque
629 972 657 1000 ee
681 968 894 1007 Berecyntiae
909 968 1023 999 -libia
1050 968 1120 1007 (sie)
1147 968 1179 1006 S,
1206 968 1346 1007 lyraque
1361 971 1390 999 et
1405 968 1599 1007 Berecyntia

247 1037 263 1041 -
288 1018 366 1049 libia
392 1017 532 1049 «Codex
557 1018 699 1057 Cruquii
722 1016 924 1049 Blandinius
948 1018 1104 1049 omnium
1129 1018 1386 1049 vetustissimus
1404 1026 1484 1049 cum
1502 1019 1601 1050 Lam-

246 1067 315 1099 bini
340 1066 551 1108 quibusdam
576 1069 610 1099 et
633 1067 838 1098 Bersmanni
867 1076 970 1105 uno»,
997 1068 1021 1099 C
1048 1068 1082 1098 et
1098 1066 1285 1099 Bentleius.
1308 1084 1342 1089 -
1368 1067 1421 1098 Q8,
1448 1069 1600 1105 qualium

250 1117 336 1153 BbS,
361 1115 410 1158 βγ
435 1117 534 1157 (teste
559 1116 749 1148 Kirehnero
773 1125 806 1157 p.
826 1116 899 1154 36.)

203 1197 328 1228 darint.
363 1198 433 1230 Una
452 1196 579 1228 cedrus
597 1197 723 1237 Cypria
746 1197 899 1228 immen-

203 1256 263 1278 sae
285 1245 533 1286 magnitudinis
556 1248 774 1277 memoratur
796 1254 815 1276 a
832 1244 900 1277 Pli—

205 1297 262 1328 nio
281 1297 320 1328 1⁷1.
337 1297 376 1328 N.
397 1296 449 1334 46,
465 1295 517 1328 40.
536 1305 543 1333 3
570 1295 694 1327 Strabo
708 1296 827 1327 autem
845 1295 896 1327 44.

207 1348 318 1383 extr..
359 1345 420 1376 ubi
455 1344 497 1376 de
536 1345 642 1385 Cypri
672 1343 766 1376 silvis
789 1344 896 1376 verba

204 1395 299 1432 lacit,
326 1393 408 1426 nihil
433 1394 536 1425 tradit
560 1393 603 1425 dc
629 1394 754 1426 cedris.
794 1394 899 1426 Cete-

207 1453 286 1476 rum
321 1443 364 1475 de
401 1444 489 1484 liquo
522 1444 622 1475 citreo
658 1445 738 1475 ante
774 1452 898 1475 omnes

204 1492 440 1525 consulendus
472 1495 525 1525 est
552 1493 695 1533 Mongez
717 1492 819 1524 Acad.
846 1493 899 1524 des

204 1543 303 1574 Inscr.
340 1543 382 1574 N.
420 1542 454 1574 S.
492 1543 546 1574 111.
573 1551 607 1583 p.
634 1542 712 1581 34.,
749 1541 896 1582 quide-

204 1593 437 1623 monstratum
473 1592 533 1623 ivit
566 1592 672 1623 fuisse
710 1591 899 1630 iuniperum

203 1641 441 1681 Hispanicam3
474 1639 528 1672 alii
552 1642 680 1672 vocant
703 1641 817 1680 thytan
839 1649 899 1679 cy-

201 1691 430 1730 pressoeae'den3
479 1691 577 1722 certe
613 1698 682 1721 non
715 1691 769 1721 est
791 1690 900 1721 malus

204 1741 345 1772 Medica.
368 1758 403 1762 -
430 1740 578 1771 Omnino
603 1738 827 1779 cogitandum
852 1739 899 1779 (ut

205 1791 238 1822 in
262 1790 355 1830 Virg.
383 1788 489 1822 Catal.
517 1789 556 1828 6,
575 1790 605 1820 5.
633 1790 756 1830 Georg.
777 1789 815 1827 3,
832 1788 896 1829 43.)

205 1839 248 1871 de
279 1838 409 1880 templo
442 1848 484 1870 ex
513 1837 624 1870 libera
649 1839 774 1880 poetae
799 1848 899 1877 φαν-

204 1889 319 1931 τασίᾳ
343 1886 573 1925 exstruendo,
610 1888 642 1919 in
669 1896 738 1928 quo
764 1886 899 1928 quaeli—

206 1937 264 1969 bet
288 1936 343 1968 vel
366 1937 617 1978 pretiosissima
642 1937 788 1968 materia
813 1939 900 1978 po'e-

207 1988 273 2019 tico
320 1985 401 2018 luxu
443 1985 538 2026 large
573 1984 737 2026 profundi
771 1988 898 2026 potest.

250 2037 285 2068 2¹
310 2054 327 2058 -
344 2034 396 2067 24.
433 2035 521 2076 Illic]
558 2033 647 2066 «Illic
673 2034 813 2066 assidue
841 2043 903 2067 co-

211 2086 316 2117 leris:
370 2083 510 2125 plurimi
561 2083 622 2115 tibi
668 2083 903 2116 adolebuntur

208 2135 360 2170 odores;
398 2142 612 2174 semperque
636 2131 756 2172 lyrae,
796 2133 901 2166 tibiae

207 2184 436 2223 Berecyntiae
462 2183 563 2223 (quac
589 2183 728 2224 proprie
754 2185 807 2214 est
829 2183 904 2215 Ma—

206 2235 266 2266 tris
291 2232 398 2264 deum
428 2240 598 2273 magnae,
637 2242 654 2261 a
689 2232 901 2271 Berecynto,

207 2284 377 2323 Phrygiae
406 2283 561 2321 monte),
602 2280 738 2314 fistulae
765 2282 811 2322 (ut
838 2282 900 2314 Od.

207 2334 244 2366 3.
277 2334 334 2370 19,
365 2332 431 2372 ⁶20.)
458 2333 579 2363 cantus
605 2332 732 2363 mixtus
756 2340 903 2363 resona-

207 2382 290 2413 hit.»
337 2382 387 2412 De
423 2383 495 2412 toto
530 2381 675 2413 Veneris
711 2379 805 2412 cultu
839 2381 900 2412 csr.

208 2429 459 2471 Empedoclem
495 2430 590 2471 apud
623 2430 749 2461 Athen.
786 2430 843 2466 42,
872 2430 900 2460 1.

209 2489 239 2521 p.
267 2480 330 2511 510
354 2479 401 2510 d:
430 2476 573 2525 Κύπρις
598 2477 798 2518 βασίλεια·
826 2475 903 2520 Τὴν

208 2528 290 2571 οἵγ’
310 2525 553 2567 εὐσεβέεσσιν
577 2524 795 2571 ἀγάλμασιν
820 2524 902 2560 ἱλα’-

208 2588 364 2609 σκονται
382 2603 389 2616 ,
441 2578 624 2623 Γραπτοῖς
665 2576 704 2610 δὲ
747 2575 875 2619 ζώοισι
892 2603 901 2617 ,

207 2625 364 2671 μύροισί
379 2637 417 2658 τε
440 2624 727 2669 δαιδαλεόδμοις
744 2654 749 2665 ,
777 2625 901 2673 Σμύρ-

209 2688 275 2719 νης
300 2678 328 2708 τ’
354 2673 523 2721 ἀκρήτου
558 2676 711 2716 θυσίαις
742 2675 900 2716 λιβάνου

208 2736 245 2757 rc
268 2724 458 2766 θυώδους,
485 2724 646 2758 Ξανθῶν
673 2736 710 2758 τε
735 2724 902 2768 σπονδὰς

208 2774 367 2816 μελίτων
405 2772 597 2821 ῥίπτοντες
632 2775 668 2816 ἐς
709 2770 833 2816 οὖδας.
866 2797 897 2799 v-

210 2824 355 2857 Ablativi
382 2827 519 2866 lyraque
544 2829 609 2857 eet.
639 2827 668 2858 in
696 2826 811 2858 (Iodd.
839 2826 900 2859 ali-

924 1127 956 1147 κ.
986 1116 1065 1155 (non
1090 1117 1132 1156 e.)

950 1198 1054 1238 quot,
1092 1196 1221 1238 quibus
1253 1196 1402 1237 volgaris
1427 1198 1643 1230 constructio

951 1238 1159 1278 lloratianae
1195 1245 1436 1285 substituitur,
1474 1247 1539 1278 orti
1564 1255 1641 1279 esse

949 1295 1112 1327 videntur
1128 1295 1309 1327 dumtaxat
1325 1304 1367 1327 ex
1381 1304 1489 1336 prava
1506 1304 1645 1327 accom-

950 1344 1150 1377 modatione
1173 1345 1217 1376 ad
1240 1354 1272 1376 v,
1296 1345 1515 1384 delectabere3
1540 1346 1644 1377 unice

949 1395 1035 1426 recti
1053 1394 1176 1432 dativi,
1203 1396 1242 1426 ut
1258 1393 1367 1435 Epod.
1388 1395 1418 1433 9,
1438 1395 1475 1426 5:
1501 1396 1646 1426 sonante

948 1444 1093 1475 ‘marcum
1116 1443 1202 1475 tibiis
1223 1452 1358 1475 carmen
1383 1444 1469 1482 lyra.
1508 1443 1645 1477 Utrobi—

950 1502 1018 1535 que
1035 1494 1190 1524 carmina
1207 1493 1403 1533 significant
1419 1492 1545 1525 modos
1569 1493 1641 1533 (Od.

948 1543 986 1582 3,
1007 1544 1041 1574 Μ
1060 1569 1066 1582 ,
1086 1543 1143 1583 7.),
1162 1544 1356 1574 concentus
1373 1543 1500 1574 horum
1517 1543 1646 1575 instru—

948 1593 1167 1630 mentorum,
1187 1590 1407 1630 συναυλὶαν,
1426 1588 1496 1633 τὴν
1512 1588 1644 1624 αὐλῶν

948 1638 1042 1686 πρὸς
1058 1638 1174 1686 λύραν
1190 1642 1403 1673 κοινωνίαν.
1425 1642 1561 1682 (Athen.
1584 1641 1642 1674 44.

948 1691 992 1730 9.)
1038 1691 1088 1722 De
1120 1690 1335 1723 carminibus
1366 1691 1512 1732 proprie
1545 1691 1646 1723 dictis

947 1748 1026 1771 mox
1052 1739 1218 1780 loquitur.

1011 1790 1065 1821 ⁶25.
1101 1790 1187 1831 Illic]
1215 1789 1305 1821 «lllie
1329 1789 1383 1821 his
1415 1788 1475 1821 tibi
1501 1788 1645 1830 singulis

949 1838 1075 1871 diebus
1116 1839 1290 1871 ducentur
1331 1839 1450 1877 chori,
1493 1839 1645 1879 hymnos

950 1888 1011 1920 tibi
1035 1889 1235 1920 canentes.»
1265 1906 1298 1910 —
1327 1887 1390 1929 bis]
1415 1886 1537 1919 Tibull.
1559 1888 1644 1927 4,3,

952 1938 1009 1969 30¹:
1051 1938 1169 1977 Bisque
1200 1938 1250 1969 die
1278 1937 1424 1969 resolata
1453 1946 1566 1969 comas
1591 1937 1647 1969 tibi

952 1987 1058 2019 dicere
1091 1987 1204 2018 laudes
1237 1987 1378 2028 Insiym‘s
1409 1987 1507 2018 turba
1535 1986 1646 2019 debeat

953 2038 983 2068 in
1018 2036 1163 2074 Pharia,
1206 2044 1309 2068 mane
1344 2037 1457 2077 prima
1494 2037 1577 2068 hora
1614 2040 1644 2068 et

952 2093 1101 2126 vespere
1127 2085 1214 2116 hora
1238 2086 1373 2116 octava.

996 2134 1049 2166 28.
1080 2135 1117 2165 In
1140 2142 1264 2166 morem
1287 2134 1427 2176 Salium]
1454 2135 1491 2166 ut
1514 2134 1576 2166 Od.
1606 2136 1616 2165 l
1638 2161 1643 2171 ,

954 2184 1011 2222 36,
1050 2184 1100 2215 42.
1146 2183 1356 2215 adjectivum
1391 2184 1505 2224 potius
1540 2192 1647 2224 quam

955 2232 1041 2274 plur.
1066 2242 1129 2274 pro
1150 2233 1331 2265 Saliorum.
1370 2232 1438 2265 Csr.
1464 2232 1560 2264 Varr.
1581 2233 1643 2264 LL.

954 2283 992 2321 7,
1020 2283 1059 2313 4:
1097 2283 1193 2314 Salia
1226 2283 1382 2314 carmina
1416 2283 1649 2322 interpretatus

953 2335 999 2364 est
1022 2332 1056 2364 C.
1081 2331 1190 2364 Aelius
1213 2333 1306 2363 Stilo.
1350 2350 1384 2354 —-
1426 2332 1490 2373 ter]
1523 2333 1559 2363 ut
1582 2331 1644 2363 Od.

954 2381 993 2420 3,
1014 2381 1072 2420 48,
1092 2382 1143 2413 46.
1172 2382 1237 2413 «im
1253 2381 1519 2421 Drittelschlagy.»
1545 2381 1644 2413 Voss.

957 2447 990 2452 —
1019 2433 1154 2469 quatere
1171 2434 1297 2463 terram
1319 2430 1362 2461 de
1386 2429 1584 2468 saltatione,
1612 2433 1646 2461 ut

951 2480 1105 2521 pulsare,
1127 2481 1250 2521 pellere
1279 2482 1419 2512 terram.
1460 2479 1531 2520 (od.
1554 2480 1587 2518 l,
1616 2479 1645 2517 4,

953 2530 998 2569 7.)
1038 2529 1155 2571 Eurip.
1187 2530 1309 2562 Troad.
1341 2529 1422 2562 544:
1469 2528 1587 2568 Λίβυς
1610 2538 1648 2560 τε

953 2576 1072 2619 λωτὸς
1100 2577 1250 2612 ἐκτύπει
1274 2576 1414 2624 Φρύγιά
1442 2588 1478 2610 τε
1501 2576 1617 2620 μέλεα
1632 2604 1640 2616 ,

954 2629 1136 2674 παρθένοι
1169 2627 1197 2660 δ’
1229 2625 1369 2673 Ἀίριον
1400 2625 1476 2659 α’νὰ
1510 2625 1647 2673 κρότον

953 2676 1078 2710 ποδῶν
1102 2676 1206 2710 Roda·
1230 2680 1259 2710 τ’
1283 2676 1447 2720 ἔμελπον
1464 2674 1645 2723 εὔφρονα.

955 2729 1092 2760 Lucian.
1107 2727 1278 2760 deSaltat.
1297 2729 1346 2759 46:
1368 2726 1509 2759 παίδων
1522 2730 1644 2773 χοροί,

953 2775 1203 2817 συνελθόντες
1225 2777 1264 2809 ἓν
1288 2773 1390 2820 αὐλῷ
1417 2778 1456 2809 οἱ
1477 2777 1547 2819 μὲν
1564 2776 1647 2816 ἱκό-

952 2837 1080 2872 (ιευον,
1109 2824 1357 2873 ὑπωρχοῦντο
1375 2826 1412 2860 δὲ
1432 2827 1470 2859 οῖ
1484 2823 1643 2873 ἄριστοι.
