1997 3219
871 151 1039 183 HonATu
1063 152 1230 184 EPODON

486 254 533 295 Et
571 252 774 309 Esquilini
812 253 996 309 pontifex
1033 254 1211 296 veneliei

487 335 662 389 Impune
690 340 735 375 ut
770 333 926 376 Urbem
960 334 1130 376 nomine
1162 333 1350 390 impleris
1386 349 1480 377 meo
1494 337 1512 376 ἱ)

484 414 595 465 Quid
631 413 1022 469 proderatditasse
1055 413 1250 469 Pelignas
1279 428 1409 457 anus.

1707 418 1759 456 ou

485 494 733 537 Velociusve
765 494 991 536 miscuisse
1029 494 1249 536 toxicum?

483 575 567 617 Sed
601 574 788 621 tardiora
818 574 901 616 sata
931 581 971 616 te
1003 574 1113 616 votis
1146 582 1338 616 manent:

485 657 650 712 Ingrata
680 655 837 697 misero
868 654 952 696 vita
984 654 1182 697 ducenda
1214 662 1278 697 est
1315 655 1355 696 in
1390 654 1489 700 hoe.

482 736 610 777 Novis
642 742 687 776 ut
715 748 856 790 usque
893 741 1096 790 suppetas
1128 734 1359 777 laboribus.

483 817 612 871 Optat
648 814 838 870 quietem
868 813 1038 869 Pelopis
1067 814 1183 856 infidi
1220 822 1363 869 pater,

1707 820 1731 857 (j
1737 818 1760 857 {j

400 930 452 962 58.
478 928 651 967 Exquilini
676 928 708 959 F.
732 946 766 949 —
793 927 845 958 59.
871 927 997 966 inpane
1017 927 1053 957 T.
1076 944 1109 949 —
1137 926 1189 957 60.
1211 927 1363 966 proderit
1378 926 1445 965 lJT,
1472 929 1559 959 Pott.
1587 937 1711 960 omnes

357 980 498 1020 praeter
521 978 682 1015 tertium,
709 977 813 1008 LCtF.
844 976 893 1016 (Ut
917 985 998 1012 nos,
1028 977 1091 1014 BC,
1118 986 1179 1018 γυ,
1207 985 1258 1017 pr.
1286 978 1332 1016 κ.)
1361 995 1395 999 —-
1423 977 1474 1008 62.
1501 978 1537 1008 Si
1561 979 1712 1009 tardiora

355 1030 427 1069 faia
453 1032 482 1059 te
504 1029 586 1059 votis
619 1027 754 1068 (devotis
777 1036 868 1058 eorr.
895 1027 929 1066 T)
954 1024 1117 1058 manent?
1151 1025 1217 1063 bT,
1246 1026 1397 1057 Pottierii
1422 1035 1546 1058 omnes
1571 1029 1712 1067 praeter

358 1079 515 1116 sextum,
553 1078 657 1108 LCtF.

700 1077 751 1117 <Ut
782 1085 866 1116 nos,
898 1077 964 1115 Bc,
990 1085 1043 1117 pr.
1070 1086 1108 1113 κ,
1136 1075 1216 1115 alii.)
1253 1092 1287 1097 —
1326 1075 1379 1107 64.
1405 1076 1571 1107 doloribus
1593 1078 1713 1113 T‚L‹:t.

359 1128 409 1167 (Ut
433 1136 513 1164 nos,
540 1126 633 1164 Bbe,
652 1127 698 1169 γ.)
721 1143 755 1148 -
783 1126 835 1158 65.
862 1126 982 1167 infidus
1003 1135 1073 1164 νχ,
1100 1134 1190 1157 eorr.
1218 1124 1284 1159 κλ.
1312 1127 1386 1157 LtF.
1414 1126 1463 1166 (Ut
1487 1135 1566 1165 nos,
1594 1127 1712 1162 Bth,

359 1176 466 1207 ceteri
492 1174 655 1213 Bentleii,
682 1176 740 1216 qui
764 1176 933 1213 restituit,
960 1175 1017 1214 M.)

314 1278 388 1306 tuni
412 1276 598 1316 praesente
616 1275 818 1313 sacerdote,
845 1276 880 1306 in
903 1275 1012 1307 hono-

315 1332 391 1356 rem
415 1324 523 1363 deae,
565 1333 672 1365 quam
697 1325 864 1356 Thraciae
889 1326 1011 1365 gentes

314 1375 426 1414 Cotyn
480 1373 536 1405 vel
590 1374 730 1414 Cotytto
774 1373 978 1415 appellanti?
994 1385 1009 1401 »

315 1424 383 1455 Csr.
410 1424 598 1454 Buttmann
630 1422 774 1463 Mythol.
801 1425 840 1455 II.
872 1433 907 1464 p.
934 1424 1007 1455 1159.

314 1472 455 1503 Lobeck
479 1471 646 1513 Aglaoph.
672 1481 707 1512 p.
735 1473 830 1503 4042.
861 1473 1008 1504 etthl7.

316 1522 480 1554 Manetlio
518 1521 556 1560 i,
594 1522 656 1552 59:
689 1517 758 1552 Ἢν
791 1520 831 1553 δὲ
866 1519 1012 1566 Κύπρις

313 1569 499 1616 μερόπων
523 1568 731 1615 (ὁροσκόῑτα
754 1571 898 1613 φέγγεα
926 1567 1012 1602 λεύ-

314 1630 364 1665 σῃ
381 1639 400 1643 -
416 1638 436 1644 -
452 1616 611 1658 Τούτοις
644 1617 809 1661 θηλειῶν
838 1616 1012 1652 πιστεύε-

315 1679 374 1700 ται
407 1665 518 1714 ὄργια
549 1666 709 1714 κρυπτά·
728 1689 746 1693 -
763 1665 910 1701 -”Ἐνι9α
935 1679 1011 1708 φυ-

312 1720 517 1763 γαρσενίης
539 1716 733 1763 μυστήρια
756 1717 895 1757 τεύχεϊ
912 1715 1011 1750 ἄπυ-

314 1779 398 1800 στα.
433 1785 467 1790 -
509 1769 620 1809 liberi]
669 1770 785 1800 «omni
822 1769 1010 1809 pudicitiae

313 1818 389 1858 lege
406 1817 508 1849 soluti
526 1826 567 1848 ae
583 1818 885 1858 petulantissimi.»

358 1869 411 1899 58.
452 1868 504 1898 59.
540 1868 711 1908 pomifer]
753 1869 792 1900 Ut
826 1867 1010 1907 pontifices

313 1916 495 1958 praesides
538 1918 643 1956 atque
693 1916 814 1947 arbitri
853 1917 1011 1947 omnium

314 1966 414 1997 erant
438 1964 664 2004 religionum,
692 1965 737 1996 ita
761 1965 931 1997 invidiose
949 1965 1013 1996 Ca-

314 2015 405 2046 nidia
430 2015 626 2052 inimicum,
654 2015 711 2054 qui
740 2013 872 2045 arbiter
899 2014 1012 2046 fuerat

313 2064 472 2096 veneficii
503 2064 547 2095 ab
579 2073 619 2095 ea
643 2064 676 2095 in
695 2063 857 2104 Esquiliis
879 2072 1012 2104 perpe-

314 2114 391 2145 trati
429 2114 510 2153 (Cir.
549 2112 658 2153 Epod.
693 2114 724 2144 5.
763 2114 831 2144 sat.
865 2113 907 2151 4,
939 2112 1008 2151 8.),

314 2162 475 2194 eiusdem
508 2162 607 2202 quasi
635 2162 822 2202 pontificem
846 2161 1007 2201 appellat,

315 2213 351 2243 ut
375 2212 445 2243 Cic.
472 2220 536 2252 pro
561 2211 672 2242 Sestio
699 2211 750 2242 47.
785 2212 821 2242 Ρ.
849 2210 1009 2242 Clodium

313 2265 504 2300 sinproram
549 2262 751 2292 sacerdotem
800 2260 845 2291 ob
893 2260 1009 2291 Bonae

314 2312 408 2342 Deae
427 2319 525 2341 saera
542 2309 672 2351 polluta
689 2312 801 2341 vocat.
830 2311 867 2340 In
884 2310 1011 2350 Esqui-

315 2359 366 2391 liis
390 2361 508 2390 autem
532 2361 633 2390 antea
651 2358 913 2399 sepeliebantur
927 2367 1011 2398 pau—

316 2418 419 2449 peres
445 2418 485 2440 ac
510 2409 613 2440 serti.
643 2427 677 2431 —-
717 2409 844 2439 nomine
869 2408 1012 2447 impleris

316 2459 397 2497 meo]
424 2457 657 2489 «carminibus
683 2458 748 2488 tuis
773 2457 950 2489 famosis.»

359 2507 474 2538 fiii-05„
497 2507 760 2547 Qaidprocleral]
778 2507 830 2537 «Si
845 2508 877 2537 te
893 2505 1010 2537 ulcisci

317 2565 384 2587 non
400 2564 563 2596 possum,
585 2555 668 2596 quid
685 2556 830 2595 prodest
847 2555 929 2585 milii
947 2554 1012 2586 lar-

316 2614 357 2644 gn
376 2605 542 2636 mercede
560 2604 752 2636 obtinuisse
771 2614 788 2635 a
813 2604 902 2643 sagis
921 2603 1011 2635 Peli—-

317 2655 409 2691 gnis,
445 2656 480 2685 ut
505 2654 703 2685 reconditas
727 2662 809 2684 suas
834 2655 927 2684 artes
952 2662 1008 2684 me

318 2703 509 2741 docerent}
543 2702 625 2743 quid
661 2703 753 2733 iuxat
779 2711 834 2734 ine
860 2702 1008 2742 peritam
1031 2735 1033 2739 ,

1058 1283 1137 1307 esse
1169 1283 1307 1306 venena
1340 1274 1511 1307 miscendi
1553 1274 1757 1307 efficacissi-

1059 1332 1116 1355 ma
1141 1325 1176 1355 et
1197 1325 1415 1364 praesentia,
1442 1333 1533 1364 quae
1558 1324 1674 1356 statim
1699 1324 1755 1356 vel

1060 1373 1277 1404 dementiam
1301 1372 1357 1404 vel
1381 1374 1533 1404 mortem
1561 1373 1755 1405 afferant&

1060 1421 1189 1462 Peligni
1213 1423 1335 1454 Marsis
1358 1423 1462 1453 vieini
1483 1422 1634 1463 ideoque
1651 1431 1759 1454 vene-

1060 1471 1117 1502 fici
1141 1473 1177 1502 et
1199 1471 1263 1511 ipsi
1287 1470 1407 1502 habiti.
1436 1489 1472 1493 -
1502 1471 1660 1512 Velocius]
1699 1480 1759 1502 so-

1059 1518 1130 1550 lito.
1164 1537 1199 1541 —
1226 1519 1390 1560 toa-icam]
1431 1519 1524 1551 Italis
1560 1523 1665 1559 tosco,
1702 1529 1755 1560 pr.

1060 1577 1239 1600 venenum
1252 1567 1380 1609 τόξοις
1394 1568 1527 1601 illitum.
1545 1587 1582 1592 —
1597 1570 1661 1601 Sed
1673 1569 1757 1609 eet]

1062 1618 1335 1650 «Verumtamen
1365 1618 1494 1649 diutius
1525 1619 1622 1649 vives
1647 1627 1755 1658 quam

1061 1668 1133 1697 tute
1170 1675 1262 1697 nune
1296 1668 1412 1706 optas,
1450 1668 1555 1706 atque
1590 1667 1659 1697 vita
1697 1666 1757 1697 tibi

1061 1715 1189 1746 misera
1224 1715 1453 1755 producenda
1490 1716 1543 1746 est
1577 1715 1621 1746 ad
1663 1715 1757 1746 hune

1061 1764 1186 1803 finem,
1236 1766 1274 1796 ut
1315 1772 1459 1804 semper
1493 1765 1540 1796 sis
1577 1765 1756 1805 expositus

1060 1815 1159 1845 novis
1184 1813 1397 1845 eruciatibus
1422 1814 1534 1853 iisque
1558 1814 1758 1854 perpetien—

1061 1862 1114 1894 dis
1150 1862 1338 1894 suffieias.»
1377 1881 1412 1884 —
1449 1861 1604 1894 Alteram
1634 1862 1757 1894 lectio-

1061 1921 1160 1950 nem,
1197 1912 1317 1952 utique
1344 1911 1453 1943 multo
1485 1911 1754 1951 languidiorem,

1061 1962 1125 1993 etsi
1150 1970 1168 1992 a
1193 1960 1458 2001 Dillenburgero
1482 1960 1694 2002 praelatam,
1720 1962 1757 1992 Si

1060 2011 1214 2042 tardiora
1237 2010 1286 2042 sie
1313 2009 1486 2050 explicant
1503 2009 1575 2041 alii:
1603 2010 1755 2048 «Quodsi

1061 2060 1189 2091 diutius
1224 2060 1331 2090 vitam
1367 2059 1519 2090 extrahis
1554 2068 1662 2099 quam
1694 2059 1754 2091 tibi

1061 2110 1125 2150 ipsi
1150 2118 1272 2141 earum
1298 2110 1369 2147 ost,
1408 2108 1485 2140 ideo
1516 2108 1572 2147 fit,
1610 2110 1647 2140 ut
1670 2118 1755 2149 sup—

1060 2160 1161 2199 petas
1178 2160 1268 2190 cet.»
1294 2157 1356 2189 Alii
1381 2158 1527 2197 iungunt
1551 2167 1631 2190 cuin
1654 2167 1757 2199 prae-

1061 2208 1187 2239 cedd.:
1239 2207 1348 2245 «Quid
1382 2207 1549 2247 proderat
1584 2209 1676 2247 cet,
1725 2208 1754 2239 si

1061 2257 1192 2289 tardius
1228 2256 1388 2287 morieris
1422 2257 1512 2287 votis
1543 2257 1686 2288 meisi»
1716 2273 1750 2278 —

1061 2308 1117 2338 «In
1140 2307 1218 2345 hoc,
1254 2307 1288 2337 in
1313 2307 1360 2344 id,
1396 2306 1430 2337 in
1454 2307 1532 2345 qaid
1556 2306 1754 2345 significant

1060 2366 1154 2395 rem,
1191 2357 1336 2396 propter
1366 2364 1473 2395 quam
1504 2355 1635 2396 aliquid
1659 2355 1752 2387 fiat.»

1061 2407 1154 2437 liixxn
1193 2406 1292 2437 Turs.
1329 2406 1383 2436 111.
1427 2414 1504 2445 pag.
1547 2405 1646 2442 3¹20..
1696 2404 1755 2435 ubi

1060 2454 1303 2496 exemplorum
1328 2454 1470 2485 affatim.
1498 2454 1556 2485 Est
1581 2453 1644 2484 «ad
1662 2454 1755 2485 hune

1061 2505 1299 2546 potissimum,
1338 2504 1445 2535 imino
1475 2512 1584 2534 unum
1610 2503 1752 2539 finem,»

1061 2554 1239 2586 efficacius
1265 2552 1439 2593 aliquanto
1459 2561 1565 2592 quam
1592 2552 1756 2592 «propter

1061 2604 1174 2640 hoe»,
1207 2606 1244 2634 ut
1275 2601 1447 2642 explicant
1472 2602 1576 2632 etiam
1600 2599 1757 2631 Scholia-

1062 2654 1146 2683 stae.
1179 2670 1211 2673 —-
1239 2651 1414 2691 laboribus]
1443 2650 1653 2684 «aerumnis,
1682 2649 1757 2688 qui-

1062 2701 1127 2732 bus
1146 2701 1232 2732 meis
1252 2700 1384 2731 artibus
1403 2700 1544 2740 magicis
1563 2698 1759 2730 asiicierem'
