1997 3219
696 171 772 202 ini.
801 170 837 201 n.
887 170 923 199 (ι.
952 168 1034 200 xiii.
1510 157 1583 199 ⁶28!

620 461 928 502 cmm·
965 460 1123 499 xnl.

382 576 452 618 llle
487 582 528 616 et
559 574 718 616 nefasto
751 581 790 615 te
821 572 962 629 posuit
992 570 1084 618 die,

380 656 634 710 Quicunque
666 653 863 709 primum,
900 658 941 693 et
972 649 1178 706 sacrilega
1210 663 1334 691 manu

436 734 660 781 Produxit‚
693 732 841 780 arbos,
875 732 916 772 in
947 737 1148 786 nepotum

244 849 327 880 xlll.
377 848 484 878 lnscr.
512 845 600 885 volg.
637 846 671 876 In
697 844 871 882 arborem,
907 843 1000 874 cuius
1033 851 1113 873 casa
1136 842 1170 872 in
1193 850 1277 882 a9ro
1301 840 1422 872 Sabino
1441 849 1549 880 paene

201 904 370 936 oppressus
392 899 447 927 est.
486 912 520 917 -
556 895 604 925 ,411
627 893 779 925 arborem
802 893 865 924 BT.
907 910 941 914 —
978 892 1027 923 Ad
1049 891 1202 922 arborem
1224 891 1317 921 cutus
1339 899 1419 920 casa
1436 899 1544 929 paene

198 947 367 985 perierat.
405 956 425 975 u.
449 954 515 984 qua
539 952 709 984 oppressus
732 951 806 974 eam
829 944 1022 973 exsecratur
1045 940 1080 972 b.
1121 959 1155 963 —
1196 940 1245 971 Aa
1268 939 1422 970 arborem
1445 948 1550 978 apen—

202 995 262 1025 !ice
286 995 368 1033 isio:
411 993 444 1024 id
469 995 543 1031 est,
580 989 816 1034 ἆπευκτική.)
851 990 1022 1023 teo-aeolos
1045 990 1078 1020 S.
1118 1007 1153 1011 —
1192 989 1242 1020 Ad
1276 988 1429 1019 arborem
1459 988 1552 1019 cuius

203 1052 281 1074 casu
302 1052 407 1083 paene
426 1043 573 1082 perierat
598 1051 628 1074 c.
670 1061 704 1064 —
746 1042 775 1073 4.
801 1042 919 1079 Illum,
953 1043 982 1071 et
1004 1039 1128 1078 nefasto
1152 1039 1192 1069 N.
1220 1037 1404 1075 Heinsius,
1440 1037 1548 1069 Illum.

204 1105 240 1127 ω,
267 1094 390 1132 nefasto
414 1091 522 1123 Bentl.
549 1092 657 1129 coni,
684 1092 794 1129 Illum,
819 1092 945 1131 nefasto
968 1091 1209 1122 Buttmannus.

204 1197 287 1228 Xlll.
335 1198 408 1228 Non
439 1197 513 1228 sine
546 1196 666 1229 festiva
699 1196 851 1237 quadam
902 1195 1008 1227 Hehr.
1029 1203 1062 1235 p.
1091 1193 1163 1225 453.
1191 1194 1246 1225 ed.
1264 1191 1475 1225 Rosenmiill.
1495 1192 1593 1230 ratio,

162 1245 355 1286 liyperbola
408 1245 572 1277 arborem
625 1247 848 1283 exsecratur,

163 1296 262 1326 cuius
297 1304 379 1326 casu
415 1303 526 1335 paene
557 1303 746 1335 oppressus
779 1296 853 1325 erat
896 1292 1012 1333 pagi),

163 1346 195 1375 in
220 1352 302 1383 agro
318 1352 380 1375 suo
398 1343 524 1374 sabino
541 1353 547 1380 ;
574 1343 700 1374 deinde
726 1344 852 1374 immo-

166 1394 260 1423 ratur
284 1393 316 1423 in
341 1392 511 1423 sententia
536 1392 580 1423 de
604 1392 744 1423 incertis
761 1392 850 1423 vitae

163 1440 302 1473 casibus
319 1440 514 1480 desinitque
531 1441 563 1471 in
581 1439 850 1481 contemplanda

162 1490 298 1529 piorum
323 1488 556 1527 beatitudine,
591 1490 741 1520 maxime
769 1498 851 1521 cum

161 1548 263 1571 aures
287 1538 459 1580 praebent
486 1538 602 1570 Alcaei
634 1541 669 1571 et
693 1540 851 1580 Sapphus

162 1587 386 1619 carminibus.
436 1588 500 1618 Ter
525 1590 643 1620 autem
667 1590 851 1629 praeterea

161 1636 247 1668 illius
264 1636 406 1677 periculi
425 1637 640 1668 mentionem
658 1637 759 1668 facit:
787 1637 849 1668 Od.

164 1686 364 1723 2,17,27.
413 1685 475 1716 Od.
506 1686 544 1723 3,
576 1685 612 1724 4,
644 1687 696 1717 27.
729 1688 763 1718 et
787 1685 848 1717 Od.

161 1734 198 1769 3,
216 1734 247 1771 8,
266 1734 295 1765 8.
329 1735 529 1775 Scriptionis
553 1737 692 1775 tempus
717 1735 853 1766 definiri

163 1784 292 1823 nequit.
340 1783 516 1821 Nonnulli,
544 1786 581 1815 ut
604 1783 850 1822 Wfflckenaer,

165 1831 376 1863 arbitrantur
403 1841 433 1863 a.
465 1841 496 1863 u.
527 1841 556 1863 c.
594 1832 667 1864 733.
727 1834 853 1864 Contra

164 1881 406 1913 Lachmannus
429 1883 516 1922 App.
543 1881 586 1912 ad
612 1882 795 1913 Frankium
818 1891 852 1923 p.

164 1929 237 1961 25⁰.
279 1931 421 1970 propter
458 1939 491 1960 v.
540 1931 590 1961 27.
631 1931 675 1962 ad
711 1940 740 1962 a.
778 1931 852 1962 725.

166 1978 286 2016 refert,
332 1978 546 2019 probabilius
584 1981 689 2011 etiam
724 1979 856 2011 Weber

165 2028 275 2058 Hora:
299 2036 332 2068 p.
362 2028 436 2058 2³60.
463 2028 508 2059 ad
539 2038 569 2059 a.
589 2029 662 2060 724.
697 2047 730 2051 —
758 2030 856 2060 Prin-

166 2077 254 2117 cipio
299 2078 416 2107 autem
455 2075 668 2117 aliquantum
719 2076 856 2108 turbato

166 2128 270 2166 atquc
298 2125 454 2156 intricato
471 2125 514 2156 tle
540 2125 707 2157 industria
730 2126 855 2164 utitur,

166 2174 265 2214 quasi
290 2174 419 2205 recenti
445 2175 635 2206 etiamtunc
652 2174 855 2206 discrimine

167 2234 206 2253 m:
232 2226 363 2254 terrore
386 2223 578 2264 perculsus.
608 2225 771 2261 „Fuerunt
795 2225 858 2255 lio-

169 2274 281 2303 minos
308 2272 390 2302 artis
415 2273 573 2312 poeticae
599 2273 714 2304 minus
739 2274 854 2312 gnari,

168 2322 224 2361 qui
260 2322 323 2352 lios
358 2324 522 2361 quattuor
555 2331 609 2352 w.
644 2322 857 2354 resecandos

168 2372 352 2401 wnserent
378 2372 413 2400 ut
437 2369 664 2410 subditicios.)

215 2420 240 2449 1,
284 2419 338 2449 ute.
361 2419 407 2459 el]
443 2420 662 2451 constructio
688 2422 761 2451 est:
803 2420 858 2452 Ille

167 2474 194 2499 et
219 2470 342 2507 nefasto
374 2472 403 2498 ee
423 2469 532 2508 posui!
563 2470 630 2505 die,
669 2470 860 2510 Quicunque

163 2519 308 2556 primum
323 2518 430 2557 posuit
452 2516 647 2558 plantavit),
668 2522 695 2550 et
714 2519 858 2559 (postea)

163 2567 322 2606 produxi!
347 2567 509 2606 sacrilega
533 2576 644 2598 ηιαηυ.
686 2568 739 2599 Sic
765 2568 860 2600 sacil-

169 2616 247 2647 lime
272 2619 455 2647 amovetur
479 2618 678 2648 «miccium
706 2620 738 2649 el
758 2618 863 2650 Bent-

169 2664 222 2695 leii
248 2665 356 2700 Illum,
400 2677 434 2698 n.
462 2667 585 2705 nefasto
609 2668 642 2696 vt
668 2667 863 2698 Bullnlanni

170 2714 280 2748 Illum,
319 2716 442 2753 nefasto
477 2717 507 2744 cl
537 2715 673 2746 Lowlliii
700 2715 743 2746 de
768 2717 864 2757 poesi

902 1245 961 1284 qui
995 1240 1193 1283 distinguit:
1235 1243 1291 1274 Ille
1322 1246 1353 1274 et
1386 1241 1592 1283 (nefasto-—

1060 1293 1157 1324 Illum
1194 1295 1242 1331 et,
1290 1292 1391 1332 quasi
1428 1290 1597 1322 voluisset

901 1341 1056 1374 seribere
1081 1342 1136 1372 Ille
1159 1344 1189 1372 et
1209 1341 1327 1381 fregit,
1365 1341 1440 1371 tum
1464 1340 1597 1380 impetu

900 1391 1010 1432 lyrico
1035 1390 1204 1430 abreptus
1221 1415 1228 1428 ,
1255 1390 1449 1429 interrupto
1480 1389 1596 1429 priore

902 1439 1058 1479 consilio,
1084 1441 1130 1471 ita
1153 1440 1388 1481 perrexisset;
1425 1438 1521 1470 Illum
1536 1441 1566 1469 et
1581 1455 1599 1459 -

900 1489 1094 1521 crediderim
1117 1488 1274 1529 Freqisse.
1300 1490 1344 1520 At
1359 1486 1437 1519 talia
1454 1483 1599 1518 ἀνακό-

901 1538 1024 1570 λουθα
1047 1537 1091 1569 ab
1109 1538 1296 1569 Horatiano
1313 1537 1453 1568 dicendi
1469 1545 1598 1577 genere

901 1596 1046 1629 prorsus
1070 1586 1273 1618 abhorrent.
1303 1604 1338 1608 —
1375 1586 1475 1618 Addo
1498 1587 1599 1616 vete-

901 1645 979 1668 rem
1003 1637 1327 1668 commentatorem
1345 1635 1431 1667 Cod.
1451 1635 1597 1674 Franeq.

902 1686 997 1727 apud
1021 1686 1163 1717 Bosium
1187 1694 1221 1726 p,
1248 1684 1311 1716 38:
1355 1684 1507 1722 «Arbor,
1546 1683 1600 1715 ille

903 1735 1107 1776 quicunque
1144 1735 1299 1775 primum
1322 1733 1486 1774 produxit
1509 1734 1542 1765 te
1567 1733 1600 1764 in

904 1786 1072 1825 nepotum
1096 1783 1291 1824 perniciem
1316 1784 1351 1814 et
1371 1781 1599 1823 opprobrium

905 1834 1000 1875 pagi,
1038 1834 1157 1874 posuit
1191 1834 1224 1864 te
1261 1834 1295 1863 et
1326 1831 1461 1863 nefasto
1486 1832 1542 1863 die
1568 1833 1601 1862 et

904 1882 1072 1922 sacrilega
1098 1890 1239 1913 manu.»
1279 1898 1314 1902 —
1350 1881 1490 1922 nefasto]
1529 1880 1598 1912 Csr.

905 1931 967 1962 Od.
996 1932 1031 1969 l,
1057 1931 1115 1968 35,
1142 1930 1194 1961 35.
1224 1930 1262 1961 H.
1281 1928 1302 1961 l.
1329 1931 1383 1961 est
1406 1925 1599 1975 ἀποφράς.

906 1980 982 2012 dies
1029 1982 1124 2018 ater,
1173 1979 1349 2019 funestus,
1401 1988 1486 2018 usu,
1543 1979 1601 2019 qui

906 2038 970 2070 per
985 2030 1107 2070 poetas
1131 2029 1282 2060 maxime
1301 2027 1486 2060 invaluisse
1507 2028 1602 2060 vide—

907 2080 973 2109 tur.
1000 2076 1083 2109 Gell.
1102 2078 1141 2108 N.
1160 2079 1198 2108 Α.
1219 2076 1256 2115 4,
1275 2077 1312 2107 9:
1343 2077 1495 2118 Reliqiosi
1510 2077 1604 2108 -dies

907 2127 1055 2158 dicunter
1091 2124 1178 2157 tristi
1229 2126 1336 2157 omine
1368 2126 1508 2167 infames
1540 2127 1604 2157 im-

904 2176 1089 2216 pedilique,·
1106 2193 1124 2198 -
1141 2193 1159 2198 —
1177 2184 1256 2215 quos
1270 2175 1444 2206 multitudo
1467 2176 1605 2214 imperi-

907 2229 1015 2256 torum
1045 2234 1152 2264 prave
1185 2227 1215 2256 e!
1248 2233 1426 2264 perperam
1463 2225 1606 2264 nefastos

907 2274 1085 2314 appellant,
1124 2275 1285 2305 Attamen
1303 2274 1372 2304 iam
1391 2274 1460 2305 Liv.
1480 2274 1498 2304 6
1511 2298 1518 2311 ,
1544 2274 1601 2305 28:

907 2327 999 2355 terra
1022 2341 1039 2346 -
1064 2324 1191 2364 nefasta
1214 2324 1373 2355 victoriae
1396 2332 1485 2354 suae.

951 2374 981 2404 3.
1009 2373 1038 2405 4.
1064 2372 1241 2414 Producit]
1268 2372 1405 2410 «coluit,
1425 2372 1604 2409 educavit,

909 2423 1054 2461 curavit,
1081 2425 1118 2454 ut
1135 2431 1330 2460 cresceres,
1349 2420 1444 2452 velut
1461 2430 1503 2452 co
1520 2430 1606 2452 con-

910 2470 1002 2509 silio,
1031 2473 1065 2502 ut
1090 2470 1279 2512 aliquando
1298 2474 1461 2510 nepotum,
1488 2472 1606 2510 poste-

911 2521 1056 2559 riorum,
1083 2519 1183 2552 alicui
1209 2520 1396 2556 incideres,
1423 2528 1492 2559 quo
1518 2519 1606 2550 sacto

913 2572 1083 2611 perpetua
1120 2570 1256 2601 inlaniia
1294 2570 1472 2609 premeret
1496 2569 1605 2598 totuin

914 2627 1041 2659 pagum
1077 2619 1239 2657 (maxime
1264 2618 1406 2658 quidem
1431 2618 1458 2649 si
1485 2618 1607 2648 Romna-

914 2677 976 2699 nae
1009 2669 1123 2708 fidicen
1165 2668 1258 2707 lyrae
1293 2676 1334 2698 eo
1378 2675 1461 2698 casu
1501 2665 1606 2698 elisus

917 2718 1056 2756 esset).·›
1083 2716 1252 2758 Explicari
1279 2725 1347 2747 non
1372 2717 1501 2757 potest:
1529 2715 1606 2755 «qui
