<?xml version="1.0" encoding="UTF-8"?>
<!DOCTYPE html PUBLIC "-//W3C//DTD XHTML 1.0 Transitional//EN"
    "http://www.w3.org/TR/xhtml1/DTD/xhtml1-transitional.dtd">
<html xmlns="http://www.w3.org/1999/xhtml" xml:lang="en" lang="en">
 <head>
  <title>
</title>
<meta http-equiv="Content-Type" content="text/html;charset=utf-8" />
  <meta name='ocr-system' content='tesseract 3.04.00' />
  <meta name='ocr-capabilities' content='ocr_page ocr_carea ocr_par ocr_line ocrx_word'/>
</head>
<body>
  <div class='ocr_page' id='page_1' title='image "./qhoratiusflaccus01horauoft/qhoratiusflaccus01horauoft_0768.png"; bbox 0 0 1997 3219; ppageno 0'>
   <div class='ocr_carea' id='block_1_1' title="bbox 286 169 1183 211">
    <p class='ocr_par' dir='ltr' id='par_1_1' title="bbox 286 169 1183 211">
     <span class='ocr_line' id='line_1_1' title="bbox 286 169 1183 211; baseline -0.006 -2"><span class='ocrx_word' id='word_1_1' title='bbox 286 169 365 211; x_wconf 77' lang='lat'>710</span> <span class='ocrx_word' id='word_1_2' title='bbox 825 173 991 203; x_wconf 70' lang='lat' dir='ltr'>ttotiA&#39;rtl</span> <span class='ocrx_word' id='word_1_3' title='bbox 1017 173 1183 204; x_wconf 72' lang='lat' dir='ltr'>EPODON</span> 
     </span>
    </p>
   </div>
   <div class='ocr_carea' id='block_1_2' title="bbox 337 275 1719 1056">
    <p class='ocr_par' dir='ltr' id='par_1_2' title="bbox 337 275 1719 1056">
     <span class='ocr_line' id='line_1_2' title="bbox 396 275 1164 331; baseline 0 -15"><span class='ocrx_word' id='word_1_4' title='bbox 396 277 586 331; x_wconf 80' lang='lat' dir='ltr'>Namque</span> <span class='ocrx_word' id='word_1_5' title='bbox 620 276 815 329; x_wconf 61' lang='lat' dir='ltr'>sagacius</span> <span class='ocrx_word' id='word_1_6' title='bbox 848 289 956 316; x_wconf 88' lang='lat' dir='ltr'>unus</span> <span class='ocrx_word' id='word_1_7' title='bbox 988 275 1164 317; x_wconf 84' lang='lat' dir='ltr'>odoror.</span> 
     </span>
     <span class='ocr_line' id='line_1_3' title="bbox 339 354 1718 413; baseline 0 -16"><span class='ocrx_word' id='word_1_8' title='bbox 339 355 526 413; x_wconf 65' lang='lat' dir='ltr'>Polypus</span> <span class='ocrx_word' id='word_1_9' title='bbox 559 370 610 397; x_wconf 87' lang='lat' dir='ltr'>an</span> <span class='ocrx_word' id='word_1_10' title='bbox 640 355 780 411; x_wconf 73' lang='lat' dir='ltr'>gravis</span> <span class='ocrx_word' id='word_1_11' title='bbox 812 354 982 397; x_wconf 81' lang='lat' dir='ltr'>hirsutis</span> <span class='ocrx_word' id='word_1_12' title='bbox 1013 355 1139 398; x_wconf 82' lang='lat' dir='ltr'><strong>cubet</strong></span> <span class='ocrx_word' id='word_1_13' title='bbox 1171 355 1312 399; x_wconf 79' lang='lat' dir='ltr'>hircus</span> <span class='ocrx_word' id='word_1_14' title='bbox 1345 357 1383 397; x_wconf 84' lang='lat' dir='ltr'>in</span> <span class='ocrx_word' id='word_1_15' title='bbox 1416 357 1509 399; x_wconf 84' lang='lat' dir='ltr'>alis.</span> <span class='ocrx_word' id='word_1_16' title='bbox 1694 360 1718 397; x_wconf 64' lang='grc' dir='ltr'>ὃ</span> 
     </span>
     <span class='ocr_line' id='line_1_4' title="bbox 396 435 1211 487; baseline 0.001 -10"><span class='ocrx_word' id='word_1_17' title='bbox 396 438 532 487; x_wconf 86' lang='lat' dir='ltr'>Quam</span> <span class='ocrx_word' id='word_1_18' title='bbox 563 436 680 479; x_wconf 85' lang='lat' dir='ltr'>canis</span> <span class='ocrx_word' id='word_1_19' title='bbox 712 449 831 485; x_wconf 86' lang='lat' dir='ltr'>acer,</span> <span class='ocrx_word' id='word_1_20' title='bbox 866 435 937 477; x_wconf 90' lang='lat' dir='ltr'>ubi</span> <span class='ocrx_word' id='word_1_21' title='bbox 968 435 1096 478; x_wconf 84' lang='lat' dir='ltr'>lateat</span> <span class='ocrx_word' id='word_1_22' title='bbox 1126 451 1211 478; x_wconf 89' lang='lat' dir='ltr'>sus.</span> 
     </span>
     <span class='ocr_line' id='line_1_5' title="bbox 338 515 1583 573; baseline 0.002 -16"><span class='ocrx_word' id='word_1_23' title='bbox 338 517 418 567; x_wconf 81' lang='lat' dir='ltr'>Qui</span> <span class='ocrx_word' id='word_1_24' title='bbox 449 517 582 559; x_wconf 90' lang='lat' dir='ltr'>sudor</span> <span class='ocrx_word' id='word_1_25' title='bbox 611 517 732 559; x_wconf 84' lang='lat' dir='ltr'>vietis</span> <span class='ocrx_word' id='word_1_26' title='bbox 763 523 803 558; x_wconf 90' lang='lat' dir='ltr'>et</span> <span class='ocrx_word' id='word_1_27' title='bbox 833 515 1128 573; x_wconf 72' lang='lat' dir='ltr'>quain‘malus</span> <span class='ocrx_word' id='word_1_28' title='bbox 1158 517 1349 573; x_wconf 80' lang='lat' dir='ltr'>undique</span> <span class='ocrx_word' id='word_1_29' title='bbox 1381 518 1583 560; x_wconf 71' lang='lat' dir='ltr'>membris</span> 
     </span>
     <span class='ocr_line' id='line_1_6' title="bbox 395 597 1158 653; baseline 0.001 -15"><span class='ocrx_word' id='word_1_30' title='bbox 395 597 556 640; x_wconf 85' lang='lat' dir='ltr'>Crescit</span> <span class='ocrx_word' id='word_1_31' title='bbox 588 597 717 644; x_wconf 79' lang='lat' dir='ltr'>odor,</span> <span class='ocrx_word' id='word_1_32' title='bbox 752 610 849 640; x_wconf 90' lang='lat' dir='ltr'>cum</span> <span class='ocrx_word' id='word_1_33' title='bbox 879 611 988 653; x_wconf 89' lang='lat' dir='ltr'>pene</span> <span class='ocrx_word' id='word_1_34' title='bbox 1020 597 1158 639; x_wconf 89' lang='lat' dir='ltr'>soluto</span> 
     </span>
     <span class='ocr_line' id='line_1_7' title="bbox 340 676 1484 735; baseline 0.002 -17"><span class='ocrx_word' id='word_1_35' title='bbox 340 676 587 720; x_wconf 81' lang='lat' dir='ltr'>indomitam</span> <span class='ocrx_word' id='word_1_36' title='bbox 618 684 820 734; x_wconf 77' lang='lat' dir='ltr'>properat</span> <span class='ocrx_word' id='word_1_37' title='bbox 850 677 1011 720; x_wconf 80' lang='lat' dir='ltr'>rabiem</span> <span class='ocrx_word' id='word_1_38' title='bbox 1044 678 1220 729; x_wconf 70' lang='lat' dir='ltr'>sedai-03</span> <span class='ocrx_word' id='word_1_39' title='bbox 1255 693 1396 735; x_wconf 88' lang='lat' dir='ltr'>neque</span> <span class='ocrx_word' id='word_1_40' title='bbox 1429 678 1484 720; x_wconf 88' lang='lat' dir='ltr'>illi</span> 
     </span>
     <span class='ocr_line' id='line_1_8' title="bbox 394 758 1719 815; baseline 0.003 -16"><span class='ocrx_word' id='word_1_41' title='bbox 394 760 479 800; x_wconf 85' lang='lat' dir='ltr'>lam</span> <span class='ocrx_word' id='word_1_42' title='bbox 512 766 651 800; x_wconf 87' lang='lat' dir='ltr'>manet</span> <span class='ocrx_word' id='word_1_43' title='bbox 681 758 854 800; x_wconf 87' lang='lat' dir='ltr'>humida</span> <span class='ocrx_word' id='word_1_44' title='bbox 885 765 1000 801; x_wconf 87' lang='lat' dir='ltr'>creta</span> <span class='ocrx_word' id='word_1_45' title='bbox 1031 758 1235 815; x_wconf 87' lang='lat' dir='ltr'>colorque</span> <span class='ocrx_word' id='word_1_46' title='bbox 1666 761 1719 802; x_wconf 69' lang='lat'>10</span> 
     </span>
     <span class='ocr_line' id='line_1_9' title="bbox 338 838 1419 895; baseline 0.001 -15"><span class='ocrx_word' id='word_1_47' title='bbox 338 840 534 881; x_wconf 77' lang='lat' dir='ltr'>Stercore</span> <span class='ocrx_word' id='word_1_48' title='bbox 566 838 729 880; x_wconf 83' lang='lat' dir='ltr'>fucatus</span> <span class='ocrx_word' id='word_1_49' title='bbox 761 838 986 887; x_wconf 82' lang='lat' dir='ltr'>crocodili,</span> <span class='ocrx_word' id='word_1_50' title='bbox 1021 840 1191 895; x_wconf 75' lang='lat' dir='ltr'>iamque</span> <span class='ocrx_word' id='word_1_51' title='bbox 1224 840 1419 883; x_wconf 81' lang='lat' dir='ltr'>subando</span> 
     </span>
     <span class='ocr_line' id='line_1_10' title="bbox 393 918 1147 976; baseline 0 -16"><span class='ocrx_word' id='word_1_52' title='bbox 393 920 522 961; x_wconf 88' lang='lat' dir='ltr'>Tenta</span> <span class='ocrx_word' id='word_1_53' title='bbox 553 918 708 961; x_wconf 88' lang='lat' dir='ltr'>cubilia</span> <span class='ocrx_word' id='word_1_54' title='bbox 743 926 939 975; x_wconf 83' lang='lat' dir='ltr'>tectaque</span> <span class='ocrx_word' id='word_1_55' title='bbox 971 920 1147 976; x_wconf 78' lang='lat' dir='ltr'>rumpit!</span> 
     </span>
     <span class='ocr_line' id='line_1_11' title="bbox 337 999 1381 1056; baseline 0.001 -15"><span class='ocrx_word' id='word_1_56' title='bbox 337 999 408 1041; x_wconf 72' lang='lat' dir='ltr'>Vel</span> <span class='ocrx_word' id='word_1_57' title='bbox 440 1013 535 1042; x_wconf 83' lang='lat' dir='ltr'>mea</span> <span class='ocrx_word' id='word_1_58' title='bbox 565 1013 662 1042; x_wconf 89' lang='lat' dir='ltr'>cum</span> <span class='ocrx_word' id='word_1_59' title='bbox 693 1000 832 1043; x_wconf 84' lang='lat' dir='ltr'>saevis</span> <span class='ocrx_word' id='word_1_60' title='bbox 864 1000 990 1056; x_wconf 77' lang='lat' dir='ltr'>agitat</span> <span class='ocrx_word' id='word_1_61' title='bbox 1020 1000 1187 1043; x_wconf 85' lang='lat' dir='ltr'>fastidia</span> <span class='ocrx_word' id='word_1_62' title='bbox 1216 1001 1381 1044; x_wconf 78' lang='lat' dir='ltr'>verbis:</span> 
     </span>
    </p>
   </div>
   <div class='ocr_carea' id='block_1_3' title="bbox 327 1131 1679 1371">
    <p class='ocr_par' dir='ltr' id='par_1_3' title="bbox 327 1131 1679 1371">
     <span class='ocr_line' id='line_1_12' title="bbox 372 1131 1679 1175; baseline 0.003 -14"><span class='ocrx_word' id='word_1_63' title='bbox 372 1131 401 1161; x_wconf 81' lang='lat'>7.</span> <span class='ocrx_word' id='word_1_64' title='bbox 430 1131 507 1169; x_wconf 73' lang='lat' dir='ltr'>Quis</span> <span class='ocrx_word' id='word_1_65' title='bbox 532 1131 641 1162; x_wconf 85' lang='lat' dir='ltr'>nostri</span> <span class='ocrx_word' id='word_1_66' title='bbox 666 1131 798 1170; x_wconf 60' lang='lat' dir='ltr'>Codri,</span> <span class='ocrx_word' id='word_1_67' title='bbox 824 1132 922 1163; x_wconf 79' lang='lat' dir='ltr'>LCtJ.</span> <span class='ocrx_word' id='word_1_68' title='bbox 952 1133 1001 1172; x_wconf 76' lang='lat' dir='ltr'>(Ut</span> <span class='ocrx_word' id='word_1_69' title='bbox 1021 1141 1108 1170; x_wconf 85' lang='lat' dir='ltr'>nos,</span> <span class='ocrx_word' id='word_1_70' title='bbox 1134 1132 1207 1175; x_wconf 74' lang='grc' dir='ltr'>β’γκ</span> <span class='ocrx_word' id='word_1_71' title='bbox 1225 1141 1327 1164; x_wconf 84' lang='lat' dir='ltr'>«cum</span> <span class='ocrx_word' id='word_1_72' title='bbox 1351 1132 1463 1173; x_wconf 79' lang='lat' dir='ltr'>tribus</span> <span class='ocrx_word' id='word_1_73' title='bbox 1489 1133 1562 1166; x_wconf 87' lang='lat' dir='ltr'>aliis</span> <span class='ocrx_word' id='word_1_74' title='bbox 1578 1144 1679 1175; x_wconf 87' lang='lat' dir='ltr'>prae—</span> 
     </span>
     <span class='ocr_line' id='line_1_13' title="bbox 329 1179 1678 1224; baseline 0.004 -15"><span class='ocrx_word' id='word_1_75' title='bbox 329 1181 381 1210; x_wconf 87' lang='lat' dir='ltr'>ter</span> <span class='ocrx_word' id='word_1_76' title='bbox 404 1187 465 1210; x_wconf 78' lang='lat' dir='ltr'>sex</span> <span class='ocrx_word' id='word_1_77' title='bbox 489 1180 677 1211; x_wconf 82' lang='lat' dir='ltr'>Torrentii»</span> <span class='ocrx_word' id='word_1_78' title='bbox 703 1179 831 1218; x_wconf 83' lang='lat' dir='ltr'>Bentl.,</span> <span class='ocrx_word' id='word_1_79' title='bbox 859 1181 939 1219; x_wconf 87' lang='lat' dir='ltr'>FM.)</span> <span class='ocrx_word' id='word_1_80' title='bbox 974 1198 1010 1204; x_wconf 96' lang='lat'>—-</span> <span class='ocrx_word' id='word_1_81' title='bbox 1045 1182 1076 1214; x_wconf 88' lang='lat'>8.</span> <span class='ocrx_word' id='word_1_82' title='bbox 1103 1183 1233 1214; x_wconf 77' lang='lat' dir='ltr'>Crescat</span> <span class='ocrx_word' id='word_1_83' title='bbox 1257 1192 1289 1219; x_wconf 50' lang='lat' dir='ltr'>ct.</span> <span class='ocrx_word' id='word_1_84' title='bbox 1309 1179 1346 1223; x_wconf 76' lang='grc' dir='ltr'>ξ,</span> <span class='ocrx_word' id='word_1_85' title='bbox 1372 1192 1424 1224; x_wconf 87' lang='lat' dir='ltr'>pr.</span> <span class='ocrx_word' id='word_1_86' title='bbox 1444 1182 1489 1222; x_wconf 76' lang='grc' dir='ltr'>β,</span> <span class='ocrx_word' id='word_1_87' title='bbox 1516 1186 1678 1224; x_wconf 80' lang='lat' dir='ltr'>quattuor</span> 
     </span>
     <span class='ocr_line' id='line_1_14' title="bbox 327 1230 1677 1273; baseline 0.003 -13"><span class='ocrx_word' id='word_1_88' title='bbox 327 1231 413 1260; x_wconf 85' lang='lat' dir='ltr'>Pott.</span> <span class='ocrx_word' id='word_1_89' title='bbox 455 1248 488 1251; x_wconf 97' lang='lat'><strong>—</strong></span> <span class='ocrx_word' id='word_1_90' title='bbox 527 1230 558 1261; x_wconf 86' lang='lat'>9.</span> <span class='ocrx_word' id='word_1_91' title='bbox 592 1239 649 1261; x_wconf 77' lang='lat' dir='ltr'>nec</span> <span class='ocrx_word' id='word_1_92' title='bbox 680 1232 783 1263; x_wconf 86' lang='lat' dir='ltr'>LCtF.</span> <span class='ocrx_word' id='word_1_93' title='bbox 813 1231 1006 1271; x_wconf 79' lang='lat' dir='ltr'>(Lectiones</span> <span class='ocrx_word' id='word_1_94' title='bbox 1038 1240 1070 1262; x_wconf 75' lang='lat' dir='ltr'>v,</span> <span class='ocrx_word' id='word_1_95' title='bbox 1097 1232 1115 1263; x_wconf 88' lang='grc'><strong>9</strong></span> <span class='ocrx_word' id='word_1_96' title='bbox 1140 1241 1266 1273; x_wconf 63' lang='lat' dir='ltr'>seqq,</span> <span class='ocrx_word' id='word_1_97' title='bbox 1306 1241 1392 1273; x_wconf 86' lang='lat' dir='ltr'>quas</span> <span class='ocrx_word' id='word_1_98' title='bbox 1416 1234 1525 1265; x_wconf 84' lang='lat' dir='ltr'>Bothe</span> <span class='ocrx_word' id='word_1_99' title='bbox 1558 1233 1677 1265; x_wconf 76' lang='lat' dir='ltr'>tribuit</span> 
     </span>
     <span class='ocr_line' id='line_1_15' title="bbox 331 1277 1677 1323; baseline 0.004 -14"><span class='ocrx_word' id='word_1_100' title='bbox 331 1277 524 1310; x_wconf 85' lang='lat' dir='ltr'>Glareano:</span> <span class='ocrx_word' id='word_1_101' title='bbox 559 1283 743 1319; x_wconf 71' lang='lat' dir='ltr'>properant</span> <span class='ocrx_word' id='word_1_102' title='bbox 767 1298 785 1303; x_wconf 86' lang='lat'>-</span> <span class='ocrx_word' id='word_1_103' title='bbox 813 1298 831 1303; x_wconf 95' lang='lat'>-</span> <span class='ocrx_word' id='word_1_104' title='bbox 857 1290 915 1312; x_wconf 62' lang='lat' dir='ltr'>‘nec</span> <span class='ocrx_word' id='word_1_105' title='bbox 938 1281 1002 1312; x_wconf 71' lang='lat' dir='ltr'>illis</span> <span class='ocrx_word' id='word_1_106' title='bbox 1028 1298 1046 1303; x_wconf 86' lang='lat'>—</span> <span class='ocrx_word' id='word_1_107' title='bbox 1062 1299 1080 1304; x_wconf 90' lang='lat'><em>-</em></span> <span class='ocrx_word' id='word_1_108' title='bbox 1106 1283 1233 1322; x_wconf 79' lang='lat' dir='ltr'>rumpis</span> <span class='ocrx_word' id='word_1_109' title='bbox 1255 1300 1272 1304; x_wconf 99' lang='lat'><strong>—</strong></span> <span class='ocrx_word' id='word_1_110' title='bbox 1290 1300 1307 1304; x_wconf 99' lang='lat'>—</span> <span class='ocrx_word' id='word_1_111' title='bbox 1335 1283 1459 1323; x_wconf 59' lang='lat' dir='ltr'>agitas,</span> <span class='ocrx_word' id='word_1_112' title='bbox 1490 1284 1584 1314; x_wconf 85' lang='lat' dir='ltr'>certe</span> <span class='ocrx_word' id='word_1_113' title='bbox 1609 1292 1677 1314; x_wconf 92' lang='lat' dir='ltr'>non</span> 
     </span>
     <span class='ocr_line' id='line_1_16' title="bbox 331 1328 1116 1371; baseline 0.005 -13"><span class='ocrx_word' id='word_1_114' title='bbox 331 1328 555 1369; x_wconf 86' lang='lat' dir='ltr'>reperiuntur</span> <span class='ocrx_word' id='word_1_115' title='bbox 578 1329 611 1360; x_wconf 92' lang='lat' dir='ltr'>in</span> <span class='ocrx_word' id='word_1_116' title='bbox 637 1329 710 1361; x_wconf 84' lang='lat' dir='ltr'>eius</span> <span class='ocrx_word' id='word_1_117' title='bbox 735 1329 796 1361; x_wconf 89' lang='lat' dir='ltr'>Ed.</span> <span class='ocrx_word' id='word_1_118' title='bbox 824 1330 979 1371; x_wconf 80' lang='lat' dir='ltr'>Friburg.</span> <span class='ocrx_word' id='word_1_119' title='bbox 1009 1330 1116 1370; x_wconf 75' lang='lat'>4533.)</span> 
     </span>
    </p>
   </div>
   <div class='ocr_carea' id='block_1_4' title="bbox 279 1453 1722 1891">
    <p class='ocr_par' dir='ltr' id='par_1_4' title="bbox 279 1453 1722 1891">
     <span class='ocr_line' id='line_1_17' title="bbox 282 1453 1722 1496; baseline 0.003 -12"><span class='ocrx_word' id='word_1_120' title='bbox 282 1453 378 1493; x_wconf 69' lang='lat' dir='ltr'>wius]</span> <span class='ocrx_word' id='word_1_121' title='bbox 404 1454 483 1485; x_wconf 87' lang='lat' dir='ltr'>ante</span> <span class='ocrx_word' id='word_1_122' title='bbox 501 1462 637 1485; x_wconf 87' lang='lat' dir='ltr'>omnes.</span> <span class='ocrx_word' id='word_1_123' title='bbox 667 1455 776 1485; x_wconf 75' lang='lat' dir='ltr'>«Unus</span> <span class='ocrx_word' id='word_1_124' title='bbox 792 1463 898 1496; x_wconf 87' lang='lat' dir='ltr'>saepe</span> <span class='ocrx_word' id='word_1_125' title='bbox 917 1464 978 1487; x_wconf 92' lang='lat' dir='ltr'>su-</span> <span class='ocrx_word' id='word_1_126' title='bbox 1028 1456 1058 1487; x_wconf 84' lang='lat'>9.</span> <span class='ocrx_word' id='word_1_127' title='bbox 1080 1456 1123 1487; x_wconf 86' lang='lat' dir='ltr'>de</span> <span class='ocrx_word' id='word_1_128' title='bbox 1141 1455 1197 1487; x_wconf 82' lang='lat' dir='ltr'>tali</span> <span class='ocrx_word' id='word_1_129' title='bbox 1215 1455 1362 1488; x_wconf 87' lang='lat' dir='ltr'>muliere</span> <span class='ocrx_word' id='word_1_130' title='bbox 1380 1457 1510 1488; x_wconf 82' lang='lat' dir='ltr'>fucata:</span> <span class='ocrx_word' id='word_1_131' title='bbox 1531 1458 1628 1488; x_wconf 75' lang='lat' dir='ltr'>acida</span> <span class='ocrx_word' id='word_1_132' title='bbox 1644 1458 1722 1489; x_wconf 76' lang='lat' dir='ltr'>latet</span> 
     </span>
     <span class='ocr_line' id='line_1_18' title="bbox 282 1502 1721 1547; baseline 0.003 -14"><span class='ocrx_word' id='word_1_133' title='bbox 282 1502 476 1543; x_wconf 67' lang='lat' dir='ltr'>perlativis‚</span> <span class='ocrx_word' id='word_1_134' title='bbox 495 1512 576 1534; x_wconf 86' lang='lat' dir='ltr'>raro</span> <span class='ocrx_word' id='word_1_135' title='bbox 594 1504 841 1544; x_wconf 67' lang='lat' dir='ltr'>comparativis</span> <span class='ocrx_word' id='word_1_136' title='bbox 858 1504 979 1536; x_wconf 88' lang='lat' dir='ltr'>adiun-</span> <span class='ocrx_word' id='word_1_137' title='bbox 1027 1504 1128 1536; x_wconf 65' lang='lat' dir='ltr'>oblita</span> <span class='ocrx_word' id='word_1_138' title='bbox 1149 1508 1250 1536; x_wconf 77' lang='lat' dir='ltr'>creta.</span> <span class='ocrx_word' id='word_1_139' title='bbox 1273 1523 1306 1528; x_wconf 76' lang='lat'>—-</span> <span class='ocrx_word' id='word_1_140' title='bbox 1339 1506 1481 1547; x_wconf 74' lang='lat' dir='ltr'>fucatus]</span> <span class='ocrx_word' id='word_1_141' title='bbox 1507 1506 1606 1538; x_wconf 81' lang='lat' dir='ltr'>«fuco</span> <span class='ocrx_word' id='word_1_142' title='bbox 1623 1507 1721 1539; x_wconf 82' lang='lat' dir='ltr'>faciei</span> 
     </span>
     <span class='ocr_line' id='line_1_19' title="bbox 283 1553 1722 1596; baseline 0.003 -13"><span class='ocrx_word' id='word_1_143' title='bbox 283 1553 407 1591; x_wconf 72' lang='lat' dir='ltr'>gitur.»</span> <span class='ocrx_word' id='word_1_144' title='bbox 442 1553 596 1584; x_wconf 57' lang='lat' dir='ltr'><strong>XVAGNER</strong></span> <span class='ocrx_word' id='word_1_145' title='bbox 619 1553 663 1584; x_wconf 89' lang='lat' dir='ltr'>ad</span> <span class='ocrx_word' id='word_1_146' title='bbox 687 1554 772 1585; x_wconf 84' lang='lat' dir='ltr'>Aen.</span> <span class='ocrx_word' id='word_1_147' title='bbox 793 1554 830 1592; x_wconf 76' lang='lat'>¹1,</span> <span class='ocrx_word' id='word_1_148' title='bbox 859 1554 909 1585; x_wconf 77' lang='lat'>45.</span> <span class='ocrx_word' id='word_1_149' title='bbox 940 1572 973 1576; x_wconf 93' lang='lat'>--</span> <span class='ocrx_word' id='word_1_150' title='bbox 1028 1554 1230 1586; x_wconf 83' lang='lat' dir='ltr'>inductus.»</span> <span class='ocrx_word' id='word_1_151' title='bbox 1274 1573 1308 1577; x_wconf 86' lang='lat'>—-</span> <span class='ocrx_word' id='word_1_152' title='bbox 1348 1555 1517 1596; x_wconf 79' lang='lat' dir='ltr'>crocodili]</span> <span class='ocrx_word' id='word_1_153' title='bbox 1559 1556 1722 1588; x_wconf 79' lang='lat' dir='ltr'>Clemens</span> 
     </span>
     <span class='ocr_line' id='line_1_20' title="bbox 280 1601 1720 1650; baseline 0.003 -17"><span class='ocrx_word' id='word_1_154' title='bbox 280 1602 430 1643; x_wconf 71' lang='lat' dir='ltr'>Polypus]</span> <span class='ocrx_word' id='word_1_155' title='bbox 463 1602 595 1634; x_wconf 86' lang='lat' dir='ltr'>Eadem</span> <span class='ocrx_word' id='word_1_156' title='bbox 628 1604 818 1643; x_wconf 85' lang='lat' dir='ltr'>quantitate</span> <span class='ocrx_word' id='word_1_157' title='bbox 844 1604 912 1635; x_wconf 85' lang='lat' dir='ltr'>Sat.</span> <span class='ocrx_word' id='word_1_158' title='bbox 940 1604 975 1642; x_wconf 75' lang='lat'>4,</span> <span class='ocrx_word' id='word_1_159' title='bbox 1028 1604 1221 1644; x_wconf 74' lang='lat' dir='ltr'>Paectagog.</span> <span class='ocrx_word' id='word_1_160' title='bbox 1242 1604 1279 1643; x_wconf 84' lang='lat'>3,</span> <span class='ocrx_word' id='word_1_161' title='bbox 1306 1606 1342 1643; x_wconf 70' lang='lat'>2,</span> <span class='ocrx_word' id='word_1_162' title='bbox 1370 1606 1403 1636; x_wconf 83' lang='lat'>7:</span> <span class='ocrx_word' id='word_1_163' title='bbox 1432 1606 1518 1649; x_wconf 73' lang='grc' dir='ltr'>Τρὶς</span> <span class='ocrx_word' id='word_1_164' title='bbox 1534 1603 1622 1650; x_wconf 71' lang='grc' dir='ltr'>γάρ,</span> <span class='ocrx_word' id='word_1_165' title='bbox 1648 1601 1720 1643; x_wconf 75' lang='grc' dir='ltr'>οὔχ</span> 
     </span>
     <span class='ocr_line' id='line_1_21' title="bbox 282 1648 1721 1699; baseline 0.002 -17"><span class='ocrx_word' id='word_1_166' title='bbox 282 1651 317 1689; x_wconf 72' lang='lat'>53,</span> <span class='ocrx_word' id='word_1_167' title='bbox 338 1651 389 1683; x_wconf 49' lang='lat' dir='ltr'>xl-O.</span> <span class='ocrx_word' id='word_1_168' title='bbox 417 1654 561 1694; x_wconf 84' lang='lat' dir='ltr'>propter</span> <span class='ocrx_word' id='word_1_169' title='bbox 587 1652 738 1684; x_wconf 88' lang='lat' dir='ltr'>litteram</span> <span class='ocrx_word' id='word_1_170' title='bbox 754 1651 922 1693; x_wconf 83' lang='lat' dir='ltr'>liquidam</span> <span class='ocrx_word' id='word_1_171' title='bbox 948 1653 975 1691; x_wconf 83' lang='lat' dir='ltr'>l,</span> <span class='ocrx_word' id='word_1_172' title='bbox 1027 1648 1130 1693; x_wconf 72' lang='grc' dir='ltr'><em>ἅπαξ</em></span> <span class='ocrx_word' id='word_1_173' title='bbox 1153 1649 1389 1685; x_wconf 73' lang='grc' dir='ltr'><em>ἀπολωλέναι</em></span> <span class='ocrx_word' id='word_1_174' title='bbox 1418 1652 1559 1685; x_wconf 78' lang='grc' dir='ltr'><em>δίκαιαι</em></span> <span class='ocrx_word' id='word_1_175' title='bbox 1582 1665 1721 1699; x_wconf 72' lang='grc' dir='ltr'>κροκο-</span> 
     </span>
     <span class='ocr_line' id='line_1_22' title="bbox 284 1698 1720 1748; baseline 0.002 -16"><span class='ocrx_word' id='word_1_176' title='bbox 284 1703 321 1732; x_wconf 91' lang='lat' dir='ltr'>ut</span> <span class='ocrx_word' id='word_1_177' title='bbox 343 1702 443 1733; x_wconf 76' lang='lat' dir='ltr'>melos</span> <span class='ocrx_word' id='word_1_178' title='bbox 465 1702 498 1733; x_wconf 90' lang='lat' dir='ltr'>in</span> <span class='ocrx_word' id='word_1_179' title='bbox 523 1703 629 1734; x_wconf 86' lang='lat' dir='ltr'>Persii</span> <span class='ocrx_word' id='word_1_180' title='bbox 663 1702 751 1734; x_wconf 88' lang='lat' dir='ltr'>Prol.</span> <span class='ocrx_word' id='word_1_181' title='bbox 778 1712 811 1734; x_wconf 90' lang='lat' dir='ltr'>v.</span> <span class='ocrx_word' id='word_1_182' title='bbox 839 1702 898 1733; x_wconf 87' lang='lat' dir='ltr'>ult.</span> <span class='ocrx_word' id='word_1_183' title='bbox 924 1704 978 1733; x_wconf 88' lang='lat' dir='ltr'>at-</span> <span class='ocrx_word' id='word_1_184' title='bbox 1027 1700 1157 1734; x_wconf 69' lang='grc' dir='ltr'><em>δείλων</em></span> <span class='ocrx_word' id='word_1_185' title='bbox 1188 1698 1402 1742; x_wconf 70' lang='grc' dir='ltr'><em>ἁποπάτοις</em></span> <span class='ocrx_word' id='word_1_186' title='bbox 1434 1701 1625 1748; x_wconf 70' lang='grc' dir='ltr'>χρώμεναι</span> <span class='ocrx_word' id='word_1_187' title='bbox 1657 1704 1720 1735; x_wconf 82' lang='grc' dir='ltr'>καὶ</span> 
     </span>
     <span class='ocr_line' id='line_1_23' title="bbox 282 1749 1718 1798; baseline 0.004 -19"><span class='ocrx_word' id='word_1_188' title='bbox 282 1758 350 1790; x_wconf 83' lang='lat' dir='ltr'>que</span> <span class='ocrx_word' id='word_1_189' title='bbox 375 1751 408 1782; x_wconf 91' lang='lat' dir='ltr'>in</span> <span class='ocrx_word' id='word_1_190' title='bbox 433 1751 592 1783; x_wconf 87' lang='lat' dir='ltr'>eiusdem</span> <span class='ocrx_word' id='word_1_191' title='bbox 617 1752 685 1782; x_wconf 82' lang='lat' dir='ltr'>Sat.</span> <span class='ocrx_word' id='word_1_192' title='bbox 706 1752 718 1782; x_wconf 77' lang='lat'>,1</span> <span class='ocrx_word' id='word_1_193' title='bbox 738 1777 743 1789; x_wconf 83' lang='lat'>,</span> <span class='ocrx_word' id='word_1_194' title='bbox 771 1751 810 1783; x_wconf 76' lang='lat'>4:</span> <span class='ocrx_word' id='word_1_195' title='bbox 836 1753 885 1782; x_wconf 78' lang='lat' dir='ltr'>Ne</span> <span class='ocrx_word' id='word_1_196' title='bbox 901 1752 978 1782; x_wconf 73' lang='lat' dir='ltr'>milei</span> <span class='ocrx_word' id='word_1_197' title='bbox 1027 1749 1248 1793; x_wconf 68' lang='grc' dir='ltr'><em>σηπεδόνων</em></span> <span class='ocrx_word' id='word_1_198' title='bbox 1281 1749 1422 1795; x_wconf 75' lang='grc' dir='ltr'><em>ἀφροΐς</em></span> <span class='ocrx_word' id='word_1_199' title='bbox 1461 1751 1718 1798; x_wconf 72' lang='grc' dir='ltr'><em>ἐγχριόμεναι.</em></span> 
     </span>
     <span class='ocr_line' id='line_1_24' title="bbox 280 1799 1720 1840; baseline 0.003 -10"><span class='ocrx_word' id='word_1_200' title='bbox 280 1800 478 1838; x_wconf 74' lang='lat' dir='ltr'>Polydamas</span> <span class='ocrx_word' id='word_1_201' title='bbox 501 1802 566 1831; x_wconf 88' lang='lat' dir='ltr'>cet.</span> <span class='ocrx_word' id='word_1_202' title='bbox 608 1799 671 1831; x_wconf 79' lang='lat' dir='ltr'>Alii</span> <span class='ocrx_word' id='word_1_203' title='bbox 696 1801 855 1832; x_wconf 82' lang='lat' dir='ltr'>scribunt</span> <span class='ocrx_word' id='word_1_204' title='bbox 876 1802 977 1839; x_wconf 70' lang='lat' dir='ltr'>Puly-</span> <span class='ocrx_word' id='word_1_205' title='bbox 1027 1800 1110 1832; x_wconf 89' lang='lat' dir='ltr'>Plin.</span> <span class='ocrx_word' id='word_1_206' title='bbox 1129 1801 1169 1832; x_wconf 93' lang='lat' dir='ltr'>H.</span> <span class='ocrx_word' id='word_1_207' title='bbox 1189 1803 1228 1832; x_wconf 87' lang='lat' dir='ltr'>N.</span> <span class='ocrx_word' id='word_1_208' title='bbox 1248 1802 1309 1840; x_wconf 63' lang='lat'>⁶28,</span> <span class='ocrx_word' id='word_1_209' title='bbox 1329 1802 1365 1839; x_wconf 84' lang='lat'>8,</span> <span class='ocrx_word' id='word_1_210' title='bbox 1384 1803 1443 1833; x_wconf 76' lang='lat'>⁶28:</span> <span class='ocrx_word' id='word_1_211' title='bbox 1472 1802 1644 1834; x_wconf 83' lang='lat' dir='ltr'>Crocodili</span> <span class='ocrx_word' id='word_1_212' title='bbox 1669 1805 1720 1834; x_wconf 78' lang='lat' dir='ltr'>in—</span> 
     </span>
     <span class='ocr_line' id='line_1_25' title="bbox 279 1849 1722 1891; baseline 0.003 -12"><span class='ocrx_word' id='word_1_213' title='bbox 279 1858 342 1887; x_wconf 79' lang='lat' dir='ltr'>pus</span> <span class='ocrx_word' id='word_1_214' title='bbox 357 1874 362 1886; x_wconf 91' lang='lat'>,</span> <span class='ocrx_word' id='word_1_215' title='bbox 390 1849 465 1880; x_wconf 87' lang='lat' dir='ltr'>sine</span> <span class='ocrx_word' id='word_1_216' title='bbox 483 1851 700 1881; x_wconf 85' lang='lat' dir='ltr'>auctoritate.</span> <span class='ocrx_word' id='word_1_217' title='bbox 728 1851 894 1882; x_wconf 88' lang='lat' dir='ltr'>Ceterum</span> <span class='ocrx_word' id='word_1_218' title='bbox 912 1850 973 1882; x_wconf 86' lang='lat' dir='ltr'>efr.</span> <span class='ocrx_word' id='word_1_219' title='bbox 1027 1851 1143 1881; x_wconf 65' lang='lat' dir='ltr'>destina</span> <span class='ocrx_word' id='word_1_220' title='bbox 1160 1851 1566 1891; x_wconf 60' lang='lat' dir='ltr'>diligentereoequiruntw·</span> <span class='ocrx_word' id='word_1_221' title='bbox 1580 1853 1722 1885; x_wconf 51' lang='lat' dir='ltr'>¹luctando</span> 
     </span>
    </p>
   </div>
   <div class='ocr_carea' id='block_1_5' title="bbox 281 1897 1722 2185">
    <p class='ocr_par' dir='ltr' id='par_1_5' title="bbox 281 1897 1722 2185">
     <span class='ocr_line' id='line_1_26' title="bbox 285 1897 1722 1941; baseline 0.003 -12"><span class='ocrx_word' id='word_1_222' title='bbox 285 1897 374 1929; x_wconf 85' lang='lat' dir='ltr'>Cels.</span> <span class='ocrx_word' id='word_1_223' title='bbox 402 1898 440 1935; x_wconf 84' lang='lat'>6,</span> <span class='ocrx_word' id='word_1_224' title='bbox 477 1900 513 1937; x_wconf 87' lang='lat'>8,</span> <span class='ocrx_word' id='word_1_225' title='bbox 551 1900 581 1930; x_wconf 57' lang='grc' dir='ltr'>ἱ).</span> <span class='ocrx_word' id='word_1_226' title='bbox 622 1899 708 1931; x_wconf 82' lang='lat' dir='ltr'>lbid.</span> <span class='ocrx_word' id='word_1_227' title='bbox 733 1900 764 1940; x_wconf 70' lang='lat' dir='ltr'>g.</span> <span class='ocrx_word' id='word_1_228' title='bbox 789 1901 825 1930; x_wconf 74' lang='lat'>4:</span> <span class='ocrx_word' id='word_1_229' title='bbox 865 1901 978 1932; x_wconf 77' lang='lat' dir='ltr'>ulcera</span> <span class='ocrx_word' id='word_1_230' title='bbox 1026 1900 1140 1931; x_wconf 75' lang='lat' dir='ltr'>nidore</span> <span class='ocrx_word' id='word_1_231' title='bbox 1168 1901 1300 1941; x_wconf 74' lang='lat' dir='ltr'>referta.</span> <span class='ocrx_word' id='word_1_232' title='bbox 1325 1918 1342 1923; x_wconf 95' lang='lat'>—</span> <span class='ocrx_word' id='word_1_233' title='bbox 1360 1917 1378 1922; x_wconf 96' lang='lat'><em>—</em></span> <span class='ocrx_word' id='word_1_234' title='bbox 1406 1900 1610 1933; x_wconf 85' lang='lat' dir='ltr'>Crocodilea</span> <span class='ocrx_word' id='word_1_235' title='bbox 1639 1903 1722 1934; x_wconf 77' lang='lat' dir='ltr'>illita</span> 
     </span>
     <span class='ocr_line' id='line_1_27' title="bbox 284 1948 1722 1992; baseline 0.004 -15"><span class='ocrx_word' id='word_1_236' title='bbox 284 1948 376 1978; x_wconf 76' lang='lat' dir='ltr'>naris</span> <span class='ocrx_word' id='word_1_237' title='bbox 399 1948 531 1979; x_wconf 76' lang='lat' dir='ltr'>odorem</span> <span class='ocrx_word' id='word_1_238' title='bbox 561 1949 691 1988; x_wconf 71' lang='lat' dir='ltr'>foedam</span> <span class='ocrx_word' id='word_1_239' title='bbox 721 1948 854 1987; x_wconf 69' lang='lat' dir='ltr'>habent,</span> <span class='ocrx_word' id='word_1_240' title='bbox 892 1950 977 1988; x_wconf 77' lang='lat' dir='ltr'>quod</span> <span class='ocrx_word' id='word_1_241' title='bbox 1026 1958 1069 1981; x_wconf 57' lang='grc' dir='ltr'>ως</span> <span class='ocrx_word' id='word_1_242' title='bbox 1101 1949 1168 1980; x_wconf 81' lang='lat' dir='ltr'>oleo</span> <span class='ocrx_word' id='word_1_243' title='bbox 1202 1950 1340 1989; x_wconf 77' lang='lat' dir='ltr'>cyprino</span> <span class='ocrx_word' id='word_1_244' title='bbox 1374 1950 1538 1982; x_wconf 74' lang='lat' dir='ltr'>molestias</span> <span class='ocrx_word' id='word_1_245' title='bbox 1572 1952 1605 1982; x_wconf 79' lang='lat' dir='ltr'>in</span> <span class='ocrx_word' id='word_1_246' title='bbox 1637 1952 1722 1992; x_wconf 76' lang='lat' dir='ltr'>faeie</span> 
     </span>
     <span class='ocr_line' id='line_1_28' title="bbox 281 1993 1718 2042; baseline 0.004 -16"><span class='ocrx_word' id='word_1_247' title='bbox 281 2006 382 2036; x_wconf 69' lang='lat' dir='ltr'>glenus</span> <span class='ocrx_word' id='word_1_248' title='bbox 406 1998 525 2028; x_wconf 73' lang='lat' dir='ltr'>Graeci</span> <span class='ocrx_word' id='word_1_249' title='bbox 549 1993 702 2037; x_wconf 71' lang='grc' dir='ltr'><em>ὅζαιιάν</em></span> <span class='ocrx_word' id='word_1_250' title='bbox 731 1998 909 2037; x_wconf 75' lang='lat' dir='ltr'>appellant.</span> <span class='ocrx_word' id='word_1_251' title='bbox 939 2017 973 2020; x_wconf 89' lang='lat'><strong>—</strong></span> <span class='ocrx_word' id='word_1_252' title='bbox 1027 2002 1212 2030; x_wconf 79' lang='lat' dir='ltr'>enascentes</span> <span class='ocrx_word' id='word_1_253' title='bbox 1249 1999 1332 2030; x_wconf 77' lang='lat' dir='ltr'>tollit</span> <span class='ocrx_word' id='word_1_254' title='bbox 1367 2001 1432 2031; x_wconf 84' lang='lat' dir='ltr'>eet.</span> <span class='ocrx_word' id='word_1_255' title='bbox 1478 2018 1512 2021; x_wconf 90' lang='lat'>—</span> <span class='ocrx_word' id='word_1_256' title='bbox 1553 2000 1718 2042; x_wconf 76' lang='lat' dir='ltr'>subando]</span> 
     </span>
     <span class='ocr_line' id='line_1_29' title="bbox 281 2045 1718 2089; baseline 0.003 -13"><span class='ocrx_word' id='word_1_257' title='bbox 281 2046 401 2086; x_wconf 72' lang='lat' dir='ltr'>hircus]</span> <span class='ocrx_word' id='word_1_258' title='bbox 427 2045 595 2078; x_wconf 85' lang='lat' dir='ltr'>molestus</span> <span class='ocrx_word' id='word_1_259' title='bbox 620 2047 708 2078; x_wconf 87' lang='lat' dir='ltr'>odor</span> <span class='ocrx_word' id='word_1_260' title='bbox 732 2047 886 2079; x_wconf 87' lang='lat' dir='ltr'>hircinus</span> <span class='ocrx_word' id='word_1_261' title='bbox 910 2047 976 2079; x_wconf 90' lang='lat' dir='ltr'>sub</span> <span class='ocrx_word' id='word_1_262' title='bbox 1029 2056 1153 2088; x_wconf 85' lang='lat' dir='ltr'>«supra</span> <span class='ocrx_word' id='word_1_263' title='bbox 1173 2048 1287 2079; x_wconf 84' lang='lat' dir='ltr'>virum</span> <span class='ocrx_word' id='word_1_264' title='bbox 1316 2056 1354 2079; x_wconf 90' lang='lat' dir='ltr'>se</span> <span class='ocrx_word' id='word_1_265' title='bbox 1378 2048 1572 2089; x_wconf 79' lang='lat' dir='ltr'>agitando.»</span> <span class='ocrx_word' id='word_1_266' title='bbox 1599 2050 1718 2081; x_wconf 61' lang='lat' dir='ltr'>Senot.</span> 
     </span>
     <span class='ocr_line' id='line_1_30' title="bbox 281 2094 1721 2136; baseline 0.004 -11"><span class='ocrx_word' id='word_1_267' title='bbox 281 2094 353 2126; x_wconf 84' lang='lat' dir='ltr'>alis.</span> <span class='ocrx_word' id='word_1_268' title='bbox 381 2096 466 2136; x_wconf 87' lang='lat' dir='ltr'>Epp.</span> <span class='ocrx_word' id='word_1_269' title='bbox 486 2096 498 2127; x_wconf 71' lang='lat'>4</span> <span class='ocrx_word' id='word_1_270' title='bbox 515 2121 521 2134; x_wconf 91' lang='lat'>,</span> <span class='ocrx_word' id='word_1_271' title='bbox 540 2097 576 2134; x_wconf 81' lang='lat'>5,</span> <span class='ocrx_word' id='word_1_272' title='bbox 595 2097 653 2127; x_wconf 73' lang='lat'>⁶29:</span> <span class='ocrx_word' id='word_1_273' title='bbox 684 2096 790 2128; x_wconf 71' lang='lat' dir='ltr'>olidae</span> <span class='ocrx_word' id='word_1_274' title='bbox 806 2115 824 2120; x_wconf 93' lang='lat'>-</span> <span class='ocrx_word' id='word_1_275' title='bbox 839 2106 975 2136; x_wconf 67' lang='lat' dir='ltr'>caprae.</span> <span class='ocrx_word' id='word_1_276' title='bbox 1031 2115 1064 2119; x_wconf 80' lang='lat'>—</span> <span class='ocrx_word' id='word_1_277' title='bbox 1091 2097 1228 2136; x_wconf 74' lang='lat' dir='ltr'>rumpit]</span> <span class='ocrx_word' id='word_1_278' title='bbox 1256 2096 1387 2130; x_wconf 77' lang='lat' dir='ltr'>«lectus</span> <span class='ocrx_word' id='word_1_279' title='bbox 1417 2098 1551 2129; x_wconf 87' lang='lat' dir='ltr'>intortis</span> <span class='ocrx_word' id='word_1_280' title='bbox 1581 2098 1721 2131; x_wconf 80' lang='lat' dir='ltr'>funibus</span> 
     </span>
     <span class='ocr_line' id='line_1_31' title="bbox 287 2144 1722 2185; baseline 0.003 -10"><span class='ocrx_word' id='word_1_281' title='bbox 287 2161 320 2166; x_wconf 95' lang='lat'>—</span> <span class='ocrx_word' id='word_1_282' title='bbox 348 2144 450 2185; x_wconf 76' lang='lat' dir='ltr'>cubet]</span> <span class='ocrx_word' id='word_1_283' title='bbox 477 2144 592 2176; x_wconf 85' lang='lat' dir='ltr'>«velut</span> <span class='ocrx_word' id='word_1_284' title='bbox 615 2145 662 2176; x_wconf 89' lang='lat' dir='ltr'>ibi</span> <span class='ocrx_word' id='word_1_285' title='bbox 687 2145 825 2178; x_wconf 85' lang='lat' dir='ltr'>lateat.»</span> <span class='ocrx_word' id='word_1_286' title='bbox 1027 2154 1054 2178; x_wconf 88' lang='lat' dir='ltr'>s.</span> <span class='ocrx_word' id='word_1_287' title='bbox 1081 2145 1162 2178; x_wconf 87' lang='lat' dir='ltr'>loris</span> <span class='ocrx_word' id='word_1_288' title='bbox 1187 2155 1228 2178; x_wconf 87' lang='lat' dir='ltr'>ac</span> <span class='ocrx_word' id='word_1_289' title='bbox 1252 2146 1401 2178; x_wconf 81' lang='lat' dir='ltr'>fasciolis</span> <span class='ocrx_word' id='word_1_290' title='bbox 1423 2146 1609 2179; x_wconf 84' lang='lat' dir='ltr'>subtentus</span> <span class='ocrx_word' id='word_1_291' title='bbox 1627 2149 1722 2179; x_wconf 76' lang='lat' dir='ltr'>eius—</span> 
     </span>
    </p>
   </div>
   <div class='ocr_carea' id='block_1_6' title="bbox 283 2194 1733 2776">
    <p class='ocr_par' dir='ltr' id='par_1_6' title="bbox 283 2194 1733 2776">
     <span class='ocr_line' id='line_1_32' title="bbox 326 2194 1722 2236; baseline 0.003 -12"><span class='ocrx_word' id='word_1_292' title='bbox 326 2194 421 2224; x_wconf 70' lang='lat'>7-42.</span> <span class='ocrx_word' id='word_1_293' title='bbox 446 2194 549 2234; x_wconf 71' lang='lat' dir='ltr'>vietis]</span> <span class='ocrx_word' id='word_1_294' title='bbox 576 2195 695 2226; x_wconf 90' lang='lat' dir='ltr'>«senio</span> <span class='ocrx_word' id='word_1_295' title='bbox 721 2196 788 2226; x_wconf 88' lang='lat' dir='ltr'>iam</span> <span class='ocrx_word' id='word_1_296' title='bbox 806 2196 974 2235; x_wconf 80' lang='lat' dir='ltr'>flaccidis,</span> <span class='ocrx_word' id='word_1_297' title='bbox 1028 2204 1095 2236; x_wconf 86' lang='lat' dir='ltr'>que</span> <span class='ocrx_word' id='word_1_298' title='bbox 1127 2199 1228 2235; x_wconf 78' lang='lat' dir='ltr'>tecta,</span> <span class='ocrx_word' id='word_1_299' title='bbox 1256 2195 1289 2227; x_wconf 89' lang='lat' dir='ltr'>id</span> <span class='ocrx_word' id='word_1_300' title='bbox 1324 2198 1392 2235; x_wconf 85' lang='lat' dir='ltr'>est,</span> <span class='ocrx_word' id='word_1_301' title='bbox 1428 2195 1608 2234; x_wconf 78' lang='lat' dir='ltr'>aulaeum,</span> <span class='ocrx_word' id='word_1_302' title='bbox 1634 2198 1722 2228; x_wconf 85' lang='lat' dir='ltr'>Bal-</span> 
     </span>
     <span class='ocr_line' id='line_1_33' title="bbox 284 2242 1720 2284; baseline 0.003 -11"><span class='ocrx_word' id='word_1_303' title='bbox 284 2242 481 2274; x_wconf 74' lang='lat' dir='ltr'>mai·cidis.«</span> <span class='ocrx_word' id='word_1_304' title='bbox 522 2244 560 2274; x_wconf 91' lang='lat' dir='ltr'>H.</span> <span class='ocrx_word' id='word_1_305' title='bbox 591 2243 611 2274; x_wconf 89' lang='lat' dir='ltr'>l.</span> <span class='ocrx_word' id='word_1_306' title='bbox 639 2243 863 2283; x_wconf 78' lang='lat' dir='ltr'>hisyllabum.</span> <span class='ocrx_word' id='word_1_307' title='bbox 907 2246 974 2276; x_wconf 88' lang='lat' dir='ltr'>Csr.</span> <span class='ocrx_word' id='word_1_308' title='bbox 1027 2246 1196 2283; x_wconf 72' lang='lat' dir='ltr'>(lachin,</span> <span class='ocrx_word' id='word_1_309' title='bbox 1224 2247 1261 2276; x_wconf 82' lang='lat' dir='ltr'>ut</span> <span class='ocrx_word' id='word_1_310' title='bbox 1284 2247 1471 2284; x_wconf 81' lang='lat' dir='ltr'>corruant,</span> <span class='ocrx_word' id='word_1_311' title='bbox 1507 2246 1586 2277; x_wconf 77' lang='lat' dir='ltr'>tacit</span> <span class='ocrx_word' id='word_1_312' title='bbox 1609 2246 1720 2277; x_wconf 76' lang='lat' dir='ltr'>vehe-</span> 
     </span>
     <span class='ocr_line' id='line_1_34' title="bbox 284 2291 1718 2335; baseline 0.003 -13"><span class='ocrx_word' id='word_1_313' title='bbox 284 2292 421 2322; x_wconf 84' lang='lat' dir='ltr'>Lueret.</span> <span class='ocrx_word' id='word_1_314' title='bbox 448 2292 484 2331; x_wconf 89' lang='lat'>3,</span> <span class='ocrx_word' id='word_1_315' title='bbox 511 2291 592 2324; x_wconf 75' lang='lat'>386:</span> <span class='ocrx_word' id='word_1_316' title='bbox 619 2293 903 2325; x_wconf 74' lang='lat' dir='ltr'>cecidissevielam</span> <span class='ocrx_word' id='word_1_317' title='bbox 925 2295 979 2326; x_wconf 71' lang='lat' dir='ltr'>l&#39;e—</span> <span class='ocrx_word' id='word_1_318' title='bbox 1028 2295 1167 2325; x_wconf 87' lang='lat' dir='ltr'>menter</span> <span class='ocrx_word' id='word_1_319' title='bbox 1202 2303 1239 2326; x_wconf 86' lang='lat' dir='ltr'>se</span> <span class='ocrx_word' id='word_1_320' title='bbox 1279 2295 1475 2334; x_wconf 77' lang='lat' dir='ltr'>agitando.»</span> <span class='ocrx_word' id='word_1_321' title='bbox 1522 2295 1630 2335; x_wconf 64' lang='lat' dir='ltr'>(Tei-la</span> <span class='ocrx_word' id='word_1_322' title='bbox 1665 2295 1718 2326; x_wconf 88' lang='lat' dir='ltr'>alii</span> 
     </span>
     <span class='ocr_line' id='line_1_35' title="bbox 283 2341 1720 2384; baseline 0.003 -14"><span class='ocrx_word' id='word_1_323' title='bbox 283 2343 372 2371; x_wconf 80' lang='lat' dir='ltr'>stem.</span> <span class='ocrx_word' id='word_1_324' title='bbox 409 2359 442 2362; x_wconf 97' lang='lat'><strong>—</strong></span> <span class='ocrx_word' id='word_1_325' title='bbox 477 2350 559 2380; x_wconf 73' lang='lat' dir='ltr'>pene</span> <span class='ocrx_word' id='word_1_326' title='bbox 592 2342 706 2382; x_wconf 63' lang='lat' dir='ltr'>soluto]</span> <span class='ocrx_word' id='word_1_327' title='bbox 745 2341 975 2374; x_wconf 58' lang='lat' dir='ltr'>«delassata»</span> <span class='ocrx_word' id='word_1_328' title='bbox 1028 2344 1142 2375; x_wconf 86' lang='lat' dir='ltr'>minus</span> <span class='ocrx_word' id='word_1_329' title='bbox 1174 2344 1270 2374; x_wconf 81' lang='lat' dir='ltr'>reete</span> <span class='ocrx_word' id='word_1_330' title='bbox 1299 2344 1535 2384; x_wconf 80' lang='lat' dir='ltr'>integumenta</span> <span class='ocrx_word' id='word_1_331' title='bbox 1570 2354 1597 2376; x_wconf 93' lang='lat' dir='ltr'>s.</span> <span class='ocrx_word' id='word_1_332' title='bbox 1629 2346 1720 2376; x_wconf 89' lang='lat' dir='ltr'>stra-</span> 
     </span>
     <span class='ocr_line' id='line_1_36' title="bbox 284 2390 1530 2433; baseline 0.003 -14"><span class='ocrx_word' id='word_1_333' title='bbox 284 2390 403 2419; x_wconf 68' lang='lat' dir='ltr'>Scuot.</span> <span class='ocrx_word' id='word_1_334' title='bbox 434 2390 543 2421; x_wconf 88' lang='lat' dir='ltr'>«Cum</span> <span class='ocrx_word' id='word_1_335' title='bbox 561 2391 653 2422; x_wconf 85' lang='lat' dir='ltr'>coitu</span> <span class='ocrx_word' id='word_1_336' title='bbox 676 2393 820 2431; x_wconf 84' lang='lat' dir='ltr'>peracto</span> <span class='ocrx_word' id='word_1_337' title='bbox 838 2392 890 2422; x_wconf 69' lang='lat' dir='ltr'>vir</span> <span class='ocrx_word' id='word_1_338' title='bbox 908 2392 976 2423; x_wconf 86' lang='lat' dir='ltr'>iam</span> <span class='ocrx_word' id='word_1_339' title='bbox 1027 2392 1104 2432; x_wconf 78' lang='lat' dir='ltr'>gula</span> <span class='ocrx_word' id='word_1_340' title='bbox 1129 2391 1208 2424; x_wconf 82' lang='lat' dir='ltr'>lecti</span> <span class='ocrx_word' id='word_1_341' title='bbox 1233 2393 1530 2433; x_wconf 83' lang='lat' dir='ltr'>interpretantur.)</span> 
     </span>
     <span class='ocr_line' id='line_1_37' title="bbox 283 2437 1719 2482; baseline 0.003 -14"><span class='ocrx_word' id='word_1_342' title='bbox 283 2437 438 2477; x_wconf 76' lang='lat' dir='ltr'>languet,</span> <span class='ocrx_word' id='word_1_343' title='bbox 466 2438 519 2470; x_wconf 84' lang='lat' dir='ltr'>illa</span> <span class='ocrx_word' id='word_1_344' title='bbox 545 2439 701 2471; x_wconf 84' lang='lat' dir='ltr'>nonduin</span> <span class='ocrx_word' id='word_1_345' title='bbox 726 2441 847 2472; x_wconf 88' lang='lat' dir='ltr'>satiata</span> <span class='ocrx_word' id='word_1_346' title='bbox 866 2442 976 2481; x_wconf 79' lang='lat' dir='ltr'>magis</span> <span class='ocrx_word' id='word_1_347' title='bbox 1072 2441 1185 2472; x_wconf 53' lang='lat'>⁴346.</span> <span class='ocrx_word' id='word_1_348' title='bbox 1203 2442 1334 2473; x_wconf 79' lang='lat' dir='ltr'>l&#39;elmea</span> <span class='ocrx_word' id='word_1_349' title='bbox 1349 2441 1429 2482; x_wconf 68' lang='lat' dir='ltr'>eet]</span> <span class='ocrx_word' id='word_1_350' title='bbox 1445 2442 1537 2473; x_wconf 78' lang='lat' dir='ltr'>Nova</span> <span class='ocrx_word' id='word_1_351' title='bbox 1548 2443 1719 2473; x_wconf 82' lang='lat' dir='ltr'>sententia</span> 
     </span>
     <span class='ocr_line' id='line_1_38' title="bbox 284 2488 1720 2531; baseline 0.003 -13"><span class='ocrx_word' id='word_1_352' title='bbox 284 2488 388 2519; x_wconf 84' lang='lat' dir='ltr'>etiam</span> <span class='ocrx_word' id='word_1_353' title='bbox 434 2488 601 2527; x_wconf 75' lang='lat' dir='ltr'>restingui</span> <span class='ocrx_word' id='word_1_354' title='bbox 648 2490 745 2530; x_wconf 77' lang='lat' dir='ltr'>cupit</span> <span class='ocrx_word' id='word_1_355' title='bbox 797 2488 975 2522; x_wconf 78' lang='lat' dir='ltr'>libidinem</span> <span class='ocrx_word' id='word_1_356' title='bbox 1028 2499 1109 2521; x_wconf 87' lang='lat' dir='ltr'>cum</span> <span class='ocrx_word' id='word_1_357' title='bbox 1133 2490 1314 2531; x_wconf 83' lang='lat' dir='ltr'>abruptius</span> <span class='ocrx_word' id='word_1_358' title='bbox 1340 2491 1524 2530; x_wconf 79' lang='lat' dir='ltr'>inferatur,</span> <span class='ocrx_word' id='word_1_359' title='bbox 1562 2491 1720 2531; x_wconf 77' lang='lat' dir='ltr'>indigna-</span> 
     </span>
     <span class='ocr_line' id='line_1_39' title="bbox 284 2537 1716 2580; baseline 0.003 -14"><span class='ocrx_word' id='word_1_360' title='bbox 284 2545 384 2567; x_wconf 78' lang='lat' dir='ltr'>suam</span> <span class='ocrx_word' id='word_1_361' title='bbox 409 2537 614 2569; x_wconf 85' lang='lat' dir='ltr'>eti&#39;renatam</span> <span class='ocrx_word' id='word_1_362' title='bbox 639 2547 679 2569; x_wconf 84' lang='lat' dir='ltr'>ac</span> <span class='ocrx_word' id='word_1_363' title='bbox 704 2538 913 2570; x_wconf 81' lang='lat' dir='ltr'>rabiosam.»</span> <span class='ocrx_word' id='word_1_364' title='bbox 940 2558 974 2561; x_wconf 97' lang='lat'><strong>—</strong></span> <span class='ocrx_word' id='word_1_365' title='bbox 1028 2539 1158 2570; x_wconf 85' lang='lat' dir='ltr'>tionem</span> <span class='ocrx_word' id='word_1_366' title='bbox 1203 2541 1326 2580; x_wconf 81' lang='lat' dir='ltr'>poetae</span> <span class='ocrx_word' id='word_1_367' title='bbox 1367 2541 1504 2580; x_wconf 74' lang='lat' dir='ltr'>egregie</span> <span class='ocrx_word' id='word_1_368' title='bbox 1545 2541 1716 2580; x_wconf 76' lang='lat' dir='ltr'>exprimit.</span> 
     </span>
     <span class='ocr_line' id='line_1_40' title="bbox 286 2587 1719 2633; baseline 0.003 -18"><span class='ocrx_word' id='word_1_369' title='bbox 286 2594 386 2624; x_wconf 74' lang='lat' dir='ltr'>neque</span> <span class='ocrx_word' id='word_1_370' title='bbox 402 2603 420 2608; x_wconf 98' lang='lat'>-</span> <span class='ocrx_word' id='word_1_371' title='bbox 436 2603 453 2608; x_wconf 96' lang='lat'><em>-</em></span> <span class='ocrx_word' id='word_1_372' title='bbox 469 2587 590 2626; x_wconf 77' lang='lat' dir='ltr'>manet]</span> <span class='ocrx_word' id='word_1_373' title='bbox 618 2596 761 2619; x_wconf 87' lang='lat' dir='ltr'>«omnes</span> <span class='ocrx_word' id='word_1_374' title='bbox 797 2588 864 2619; x_wconf 89' lang='lat' dir='ltr'>iam</span> <span class='ocrx_word' id='word_1_375' title='bbox 890 2588 974 2620; x_wconf 71' lang='lat' dir='ltr'>suci.</span> <span class='ocrx_word' id='word_1_376' title='bbox 1003 2612 1006 2633; x_wconf 59' lang='grc' dir='ltr'>ι</span> <span class='ocrx_word' id='word_1_377' title='bbox 1029 2590 1181 2620; x_wconf 81' lang='lat' dir='ltr'>«Rursus</span> <span class='ocrx_word' id='word_1_378' title='bbox 1212 2598 1317 2628; x_wconf 85' lang='lat' dir='ltr'>quain</span> <span class='ocrx_word' id='word_1_379' title='bbox 1351 2589 1544 2629; x_wconf 87' lang='lat' dir='ltr'>importuna</span> <span class='ocrx_word' id='word_1_380' title='bbox 1575 2591 1609 2620; x_wconf 86' lang='lat' dir='ltr'>et</span> <span class='ocrx_word' id='word_1_381' title='bbox 1632 2589 1719 2621; x_wconf 86' lang='lat' dir='ltr'>abo-</span> 
     </span>
     <span class='ocr_line' id='line_1_41' title="bbox 286 2634 1718 2677; baseline 0.001 -12"><span class='ocrx_word' id='word_1_382' title='bbox 286 2634 414 2673; x_wconf 77' lang='lat' dir='ltr'>‹1uibus</span> <span class='ocrx_word' id='word_1_383' title='bbox 432 2636 553 2674; x_wconf 81' lang='lat' dir='ltr'>utitur,</span> <span class='ocrx_word' id='word_1_384' title='bbox 574 2638 717 2677; x_wconf 87' lang='lat' dir='ltr'>propter</span> <span class='ocrx_word' id='word_1_385' title='bbox 733 2636 899 2668; x_wconf 81' lang='lat' dir='ltr'>sudorem</span> <span class='ocrx_word' id='word_1_386' title='bbox 918 2637 978 2668; x_wconf 79' lang='lat' dir='ltr'>dis-</span> <span class='ocrx_word' id='word_1_387' title='bbox 1029 2638 1193 2668; x_wconf 85' lang='lat' dir='ltr'>minanda</span> <span class='ocrx_word' id='word_1_388' title='bbox 1218 2639 1286 2675; x_wconf 80' lang='lat' dir='ltr'>est,</span> <span class='ocrx_word' id='word_1_389' title='bbox 1319 2646 1399 2669; x_wconf 81' lang='lat' dir='ltr'>cum</span> <span class='ocrx_word' id='word_1_390' title='bbox 1425 2637 1619 2675; x_wconf 72' lang='lat' dir='ltr'>fastidiilm,</span> <span class='ocrx_word' id='word_1_391' title='bbox 1650 2646 1718 2677; x_wconf 87' lang='lat' dir='ltr'>quo</span> 
     </span>
     <span class='ocr_line' id='line_1_42' title="bbox 286 2683 1733 2728; baseline 0.003 -15"><span class='ocrx_word' id='word_1_392' title='bbox 286 2683 430 2714; x_wconf 81' lang='lat' dir='ltr'>fluunt.»</span> <span class='ocrx_word' id='word_1_393' title='bbox 460 2702 494 2706; x_wconf 81' lang='lat'>-—</span> <span class='ocrx_word' id='word_1_394' title='bbox 520 2685 626 2725; x_wconf 76' lang='lat' dir='ltr'>creta]</span> <span class='ocrx_word' id='word_1_395' title='bbox 653 2686 754 2716; x_wconf 75' lang='lat' dir='ltr'>(li-eta</span> <span class='ocrx_word' id='word_1_396' title='bbox 774 2688 810 2716; x_wconf 82' lang='lat' dir='ltr'>ut</span> <span class='ocrx_word' id='word_1_397' title='bbox 834 2696 977 2717; x_wconf 77' lang='lat' dir='ltr'>cerussa</span> <span class='ocrx_word' id='word_1_398' title='bbox 1029 2696 1106 2718; x_wconf 83' lang='lat' dir='ltr'>eam</span> <span class='ocrx_word' id='word_1_399' title='bbox 1125 2685 1271 2727; x_wconf 76' lang='lat' dir='ltr'>repelle,</span> <span class='ocrx_word' id='word_1_400' title='bbox 1297 2688 1410 2719; x_wconf 58' lang='lat' dir='ltr'>saevis</span> <span class='ocrx_word' id='word_1_401' title='bbox 1427 2687 1624 2728; x_wconf 84' lang='lat' dir='ltr'>opprobriis</span> <span class='ocrx_word' id='word_1_402' title='bbox 1641 2696 1733 2719; x_wconf 79' lang='lat' dir='ltr'>exa—.</span> 
     </span>
     <span class='ocr_line' id='line_1_43' title="bbox 288 2733 1713 2776; baseline 0.004 -15"><span class='ocrx_word' id='word_1_403' title='bbox 288 2741 349 2773; x_wconf 80' lang='lat' dir='ltr'>pro</span> <span class='ocrx_word' id='word_1_404' title='bbox 370 2733 447 2763; x_wconf 65' lang='lat' dir='ltr'>ruvo</span> <span class='ocrx_word' id='word_1_405' title='bbox 466 2733 663 2766; x_wconf 85' lang='lat' dir='ltr'>utebantur.</span> <span class='ocrx_word' id='word_1_406' title='bbox 692 2734 833 2766; x_wconf 80' lang='lat' dir='ltr'>Martial.</span> <span class='ocrx_word' id='word_1_407' title='bbox 861 2736 898 2769; x_wconf 78' lang='grc'>6,</span> <span class='ocrx_word' id='word_1_408' title='bbox 919 2736 974 2772; x_wconf 63' lang='lat'>93.</span> <span class='ocrx_word' id='word_1_409' title='bbox 1029 2736 1109 2776; x_wconf 74' lang='lat' dir='ltr'>gitat</span> <span class='ocrx_word' id='word_1_410' title='bbox 1125 2737 1129 2766; x_wconf 66' lang='grc' dir='ltr'><strong><em>ἲ</em></strong></span> <span class='ocrx_word' id='word_1_411' title='bbox 1144 2748 1157 2763; x_wconf 81' lang='grc' dir='ltr'><strong>υ</strong></span> <span class='ocrx_word' id='word_1_412' title='bbox 1185 2736 1231 2767; x_wconf 72' lang='lat' dir='ltr'>lix</span> <span class='ocrx_word' id='word_1_413' title='bbox 1247 2745 1302 2767; x_wconf 66' lang='lat' dir='ltr'>w.</span> <span class='ocrx_word' id='word_1_414' title='bbox 1322 2737 1339 2767; x_wconf 84' lang='lat'>7</span> <span class='ocrx_word' id='word_1_415' title='bbox 1354 2745 1430 2776; x_wconf 80' lang='lat' dir='ltr'>sqq.</span> <span class='ocrx_word' id='word_1_416' title='bbox 1460 2737 1521 2775; x_wconf 79' lang='lat' dir='ltr'>Oui</span> <span class='ocrx_word' id='word_1_417' title='bbox 1537 2736 1713 2767; x_wconf 63' lang='lat' dir='ltr'>sudore—ct</span> 
     </span>
    </p>
   </div>
  </div>
 </body>
</html>
