1997 3219
692 231 768 262 LIB.
794 232 848 263 ΙΙΙ.
897 232 934 262 C.
961 232 1014 262 VI.

1509 234 1590 275 387

438 332 526 374 Hoc
557 332 669 375 fonte
700 332 890 377 derivata
921 334 1066 378 clades

491 413 536 453 In
567 413 745 468 patriam
775 414 1068 472 populumque
1099 415 1227 458 ssuxit.

381 517 517 559 Motus
549 518 694 561 doceri
727 519 882 575 gaudet
913 521 1079 563 Ionicos

382 597 543 641 Matura
572 599 690 655 virgo
725 607 765 642 et
795 600 966 656 fingitur
996 600 1179 652 artibus;

436 678 524 720 Iam
555 692 666 721 nunc
697 687 738 722 et
769 680 953 723 incestos
985 694 1153 723 amores

243 809 292 839 20.
320 808 420 848 Inque
440 812 552 848 patres
574 808 683 841 Bentl.
711 811 800 841 coni.
842 828 876 832 —
914 811 966 841 22.
991 812 1130 851 fingitur
1153 811 1291 844 artubus
1313 811 1382 845 bSc
1407 813 1464 856 (yet
1488 824 1543 856 ap.

198 858 336 888 Kirchn.
364 867 395 898 p.
423 858 475 889 36.
503 859 569 898 56.)
602 860 634 889 et
660 858 860 899 complures
883 861 1059 897 Pottierii‚
1094 861 1265 902 frangitur
1287 863 1425 895 artubus
1459 865 1480 895 d
1516 867 1550 896 et

198 906 251 938 alii
279 907 455 945 nonnulli,
496 907 598 948 prob.
626 908 760 948 Ungero
785 908 825 939 V.
852 910 888 940 R.
915 917 950 949 p.
982 908 1077 946 400.,
1113 910 1266 951 fungitur
1289 913 1427 944 artubus
1449 914 1546 946 Mart.

198 957 352 996 cruquii.
392 958 444 996 (Ut
468 965 544 996 nos,
569 957 637 990 BT.
663 957 773 988 «duo»
799 957 966 996 Bentleii,
993 960 1079 991 Pott.
1111 960 1141 1000 rt,
1171 960 1201 999 3,
1222 961 1252 999 7,
1274 962 1325 1000 Η,
1351 963 1418 1003 22.)

154 1045 333 1090 τεαγότος
360 1049 423 1080 καὶ
448 1047 637 1090 θηλυκοῦ·
673 1048 734 1081 ἐπὶ
757 1047 846 1082 τού-
868 1050 871 1098 ξ
895 1054 951 1081 tur
974 1051 1113 1083 artubus
1136 1061 1179 1084 ne
1204 1053 1288 1085 satis
1312 1054 1430 1086 Latina
1448 1056 1593 1096 quidem

154 1107 203 1140 τῳ
243 1095 314 1143 γὰρ
336 1096 611 1140 ἑκω,ιιῳὸοὗντο
645 1099 684 1130 οἱ
707 1095 842 1139 Ἴωνες.

152 1147 383 1188 Bacchylides
418 1148 511 1188 apud
546 1149 712 1181 Ioannem
747 1150 846 1181 Sice-

152 1195 271 1228 liotam
306 1196 349 1228 ad
384 1197 548 1237 Hermog.
584 1198 682 1229 Rhet.
717 1200 772 1229 Gr.
807 1199 842 1230 T.

152 1247 206 1278 Vl.
235 1256 312 1288 pag.
340 1247 421 1280 24⁴:
454 1244 644 1293 Ἀβρότητι
669 1246 846 1288 ξυνέασιν

147 1292 265 1336 ’Ἱωνες
287 1295 482 1339 βασιλῆες.
512 1316 546 1321 -
567 1298 687 1339 doceri]
712 1300 746 1330 et
767 1299 847 1339 qui-

150 1345 232 1378 dem
261 1356 280 1377 a
308 1347 431 1379 servis.
475 1348 608 1379 Seneca
632 1348 695 1388 Ep.
721 1348 774 1379 90.
801 1348 844 1380 de
869 1373 870 1382 ,

151 1396 261 1428 servis
292 1396 402 1427 verba
434 1397 583 1429 faciens:
624 1398 739 1437 Itaque
772 1398 846 1429 hinc

150 1447 335 1483 tem-torum,
374 1446 448 1477 hinc
484 1446 658 1485 fabrorum
695 1446 846 1486 officinae

149 1497 242 1526 sunt:
275 1494 349 1525 hinc
371 1495 486 1526 odores
508 1495 734 1533 coquentium,
771 1495 845 1526 hine

150 1543 260 1574 molles
282 1543 431 1582 corporis
444 1546 551 1574 motus
567 1544 750 1575 docentium
767 1545 847 1575 mol-

148 1592 256 1631 lesque
278 1595 394 1624 cantus
417 1596 446 1624 et
471 1593 639 1633 infractos.
668 1593 775 1633 (Ovid.
801 1596 841 1625 A.

150 1642 188 1672 A.
215 1640 245 1679 3,
272 1641 355 1672 35t:
394 1642 542 1682 Artifices
565 1642 694 1681 lateris,
730 1651 845 1674 scenae

147 1690 334 1729 spectacula
363 1695 542 1728 amantur‚·
578 1694 705 1723 tan-tum
739 1692 845 1723 mobi-

148 1740 224 1770 litas
246 1740 304 1770 illa
328 1740 453 1771 decoris
475 1740 597 1780 habet.)

192 1789 244 1820 22.
280 1789 429 1830 Matura]
462 1790 571 1821 «Cum
597 1788 703 1821 nubili
728 1792 842 1822 aetate

147 1838 342 1869 castissima
368 1846 447 1869 esse
473 1838 655 1870 deberet„
684 1857 719 1861 —
742 1840 845 1880 fingi—

147 1890 202 1917 tur
236 1886 373 1927 artibus]
409 1886 548 1918 ablativ.
587 1889 768 1927 instrum..
795 1888 844 1920 ‘ut

147 1944 228 1967 cum
245 1934 395 1967 dicimus
411 1937 544 1975 instrui,
561 1938 687 1968 erudiri
703 1938 841 1978 artibus,

147 1993 214 2016 non
231 1984 386 2022 (latinis,
413 1987 449 2016 ut
466 1985 621 2018 nonnulli
643 1986 840 2025 voluerunt,

149 2033 211 2064 «ad
236 2035 362 2064 artes».
390 2034 444 2065 Sic
462 2033 596 2066 Colum.
626 2035 684 2073 lt,
712 2036 748 2073 «t,
777 2036 839 2067 43:

145 2082 278 2114 x‘illicus
290 2082 510 2121 complurium
523 2084 702 2122 aqrestium
716 2084 844 2124 forma-

146 2136 196 2164 tus
211 2133 348 2163 artibus.
378 2131 471 2162 Plato
498 2132 624 2163 Phaed.
651 2141 684 2173 p.
703 2134 756 2164 82.
784 2134 839 2165 D.:

146 2178 259 2222 σῶμτί
275 2190 308 2212 τι
333 2178 558 2220 πλάττοντες
582 2179 672 2221 ζῶσι
696 2180 773 2212 κτλ.
803 2200 838 2204 —-

147 2232 338 2263 «Ac-curate
357 2229 507 2267 artibus,
535 2232 676 2271 praeter
690 2230 842 2262 saltatio-

146 2289 246 2317 nem,
273 2280 379 2311 etiam
403 2281 528 2317 cantu,
556 2280 714 2319 musicis,
742 2281 839 2320 poesi

145 2330 312 2360 amatoria
338 2329 540 2365 instituitur,
571 2330 609 2359 ut.
632 2330 839 2369 Sempronia

145 2378 197 2409 illa
237 2377 330 2418 apud
370 2376 573 2415 Salustium.
623 2377 759 2416 Clodia,
800 2380 835 2410 P.

145 2427 254 2459 Clodii
273 2436 391 2463 soror,
417 2426 565 2467 Sulpicia
582 2427 721 2464 Tibulli,
748 2430 839 2468 Cyn-

145 2478 214 2508 thia
240 2476 378 2516 (llostia)
400 2477 586 2516 Propertii.
614 2477 742 2517 quibus
758 2479 838 2509 arti-

144 2525 210 2557 bus
227 2528 403 2558 aniatores
417 2524 575 2557 alliciat.»
594 2526 700 2557 Totus
717 2529 835 2558 autem

142 2575 242 2607 locus
275 2574 330 2606 vel
363 2576 507 2615 propter
538 2583 663 2606 versus
687 2584 836 2615 praecc-

144 2624 268 2656 dentes
292 2623 335 2655 de
359 2633 463 2665 prava
482 2624 586 2655 etiam
604 2624 834 2664 ingenuarum

143 2672 338 2713 puellarum
377 2673 588 2704 institutione
627 2673 832 2710 domestica,

145 2731 213 2754 non
251 2722 294 2753 dc
334 2723 470 2754 seminis
509 2721 658 2753 libertini
694 2722 833 2762 generis

144 2770 396 2811 intelligendus.
426 2789 461 2794 —
488 2770 603 2803 Altera
621 2770 722 2803 lectio
736 2772 833 2812 μηρί-

896 1099 1053 1138 videtur,
1088 1110 1169 1133 cum
1192 1103 1434 1142 requireretur
1455 1106 1594 1146 fingitur

896 1152 1006 1187 ανιιιε,
1048 1151 1086 1180 ut
1122 1150 1235 1182 Manil.
1272 1151 1311 1190 4,
1350 1153 1424 1185 797.
1464 1154 1590 1186 Iacob:

896 1198 989 1229 iuven
996 1198 1022 1229 is
1038 1199 1141 1230 nudos
1160 1200 1324 1239 formatus
1339 1203 1470 1235 mollior
1485 1208 1592 1243 artus,

898 1256 963 1279 nec
998 1243 1192 1280 esset'nisi
1228 1251 1389 1290 repetitio
1434 1253 1595 1293 priorum

896 1296 1034 1329 illorum
1067 1300 1175 1328 motus
1217 1299 1326 1330 doceri
1364 1302 1487 1340 gaudet
1525 1304 1590 1334 cet.

896 1346 1010 1377 Tertia
1040 1345 1192 1386 denique
1233 1347 1407 1388 simmam·
1444 1351 1594 1389 artubus,

895 1403 960 1434 per
983 1403 1021 1426 se
1045 1396 1142 1426 recta
1168 1396 1210 1435 (v.
1238 1396 1361 1437 Bentl.)
1387 1400 1421 1429 et
1438 1399 1481 1431 de
1500 1400 1593 1431 molli

895 1444 1036 1475 incessu
1070 1452 1111 1475 ac
1139 1446 1239 1484 gestu
1264 1445 1487 1486 explicanda,
1525 1457 1594 1482 non

896 1494 967 1524 tam
1006 1494 1217 1533 exquisitam
1255 1495 1397 1528 exhibet
1435 1499 1594 1538 speciem

896 1542 1116 1583 corruptelae
1142 1551 1184 1574 ex
1208 1544 1341 1576 artibus
1365 1546 1471 1586 ipsis,
1497 1548 1594 1588 apud

895 1593 1047 1623 Graecos
1083 1593 1179 1623 certe
1215 1594 1368 1625 maxime
1408 1593 1593 1628 laudabili-

894 1641 981 1679 bus,
1009 1643 1125 1679 ortae,
1152 1642 1191 1672 ut
1214 1643 1394 1675 taceamus
1420 1645 1525 1676 etiam
1547 1646 1590 1678 de

867 1699 869 1708 ³
894 1691 1097 1721 nostrorum
1118 1690 1288 1722 Codicum
1308 1693 1526 1726 auctoritate.
1555 1712 1590 1717 -

894 1740 1146 1771 Verumtamen
1182 1740 1244 1779 iis⁷
1295 1741 1353 1780 qui
1389 1743 1590 1775 etiamnunc

891 1789 1062 1829 franyitur
1100 1789 1238 1820 artubus
1280 1790 1499 1830 praeferunt,
1555 1795 1592 1825 ut

895 1838 1057 1869 Huschke
1093 1837 1137 1868 ad
1172 1837 1293 1869 Tibull.
1320 1840 1359 1870 ΙΙ.
1386 1848 1420 1880 p.
1448 1840 1522 1872 679.
1556 1844 1592 1873 et

894 1888 1007 1927 Unger
1030 1887 1069 1918 V.
1096 1887 1132 1918 R.
1170 1896 1204 1928 p.
1237 1887 1333 1927 399.,
1371 1888 1460 1921 duos
1495 1888 1591 1922 locos

893 1944 1101 1976 suggeram:
1143 1936 1275 1968 Seneca
1303 1938 1467 1970 Controv.
1494 1940 1530 1978 11,
1557 1940 1587 1971 2.

894 1994 928 2025 p.
966 1985 1019 2017 84.
1056 1986 1130 2026 Bip.
1168 1985 1212 2016 de
1250 1987 1404 2026 virgine:
1455 1988 1591 2020 docetur

893 2034 1070 2065 blanditias
1086 2038 1115 2066 et
1137 2035 1169 2066 in
1186 2044 1313 2066 onmem
1328 2039 1453 2067 motum
1468 2046 1589 2077 corpo—

893 2083 939 2113 ris
958 2083 1190 2123 confringitur.
1229 2084 1434 2124 Hieronymi
1449 2086 1510 2126 Ep.
1527 2086 1584 2118 43:

894 2133 1060 2170 Quomodo
1083 2133 1118 2163 in
1141 2133 1354 2164 theatralibus
1375 2135 1478 2165 scenis
1502 2144 1589 2167 unus

891 2184 990 2220 atque
1024 2182 1108 2213 idem
1141 2182 1255 2213 histrio
1296 2191 1382 2213 nunc
1414 2183 1587 2216 Herculem

891 2230 1059 2262 robustum
1096 2231 1253 2270 ostendit,
1293 2240 1380 2262 nunc
1412 2232 1519 2263 mollis
1550 2234 1586 2266 in

894 2280 1046 2311 Venerem
1077 2280 1269 2320 frangitur,
1306 2290 1392 2311 nunc
1427 2282 1585 2315 tremulus

889 2330 922 2360 in
936 2329 1082 2368 Cybelen.
1101 2329 1202 2370 Apud
1212 2330 1384 2362 Senecam
1398 2331 1584 2363 est-rheto-

888 2379 959 2409 rica
984 2380 1223 2419 exaggeratio,
1249 2388 1313 2411 suo
1337 2379 1431 2418 loco,
1457 2381 1486 2412 si
1510 2381 1580 2420 vis,

887 2427 1093 2465 laudabilis3
1119 2428 1212 2469 apud
1230 2429 1410 2460 lion-atium
1435 2430 1582 2462 nimium

888 2477 921 2507 li.
959 2476 978 2508 l.
1017 2477 1104 2508 l'orct
1139 2480 1174 2508 et
1209 2478 1323 2509 mimis
1363 2479 1504 2509 omnino
1539 2488 1581 2511 ac

887 2524 1087 2566 prostibulis
1111 2527 1224 2567 aptius
1253 2535 1360 2567 quam
1389 2527 1580 2567 virginibus

888 2575 1057 2614 ingenuis.

930 2624 981 2655 23.
1029 2624 1099 2655 tam
1120 2624 1225 2665 nunc]
1266 2623 1359 2655 Multi
1395 2624 1483 2656 haec
1519 2632 1575 2656 vv.

885 2672 1029 2713 iungunt
1052 2682 1133 2705 eum
1157 2673 1469 2714 praecedentibus,
1507 2681 1577 2705 non

884 2722 1226 2760 animadvertentes,
1267 2723 1350 2754 satis
1384 2723 1471 2754 mire
1507 2722 1577 2754 dici

882 2775 1050 2803 maturam
1074 2772 1241 2811 virginem
1265 2772 1333 2803 ium
1357 2780 1443 2802 nunc
1465 2770 1575 2803 excoli
