1997 3219
275 206 355 247 4,Ιῦ
787 207 957 238 llORATlI
983 207 1206 239 CARMINUM

753 360 1234 397 Excunsus

826 454 876 483 An
899 461 955 483 vv.
984 452 1121 483 47—20.

364 551 506 591 Egregie
537 552 648 582 totum
678 549 796 581 locum
827 549 982 581 defendit
1011 550 1172 581 Iahnius:
1213 563 1227 578 «
1241 550 1280 581 Hi
1305 551 1470 590 quattuor
1493 558 1618 582 versus
1642 549 1720 591 plu-

278 606 373 637 ribus
398 605 659 637 difficultatibus
684 604 845 636 laborare
870 606 934 637 visi
959 607 1050 637 sunt.
1089 605 1243 637 Primum
1261 605 1355 636 enim
1379 604 1512 645 longior
1535 606 1622 636 haec
1640 606 1722 637 Cer-

276 662 352 692 beri
376 661 565 701 descriptio
590 661 755 692 orationis
780 669 931 699 nexum,
966 667 1048 692 cum
1073 662 1176 700 poeta
1201 659 1353 700 reliquas
1378 669 1435 692 res
1459 660 1615 692 breviter
1642 661 1721 691 atti-

277 718 381 757 gerit,
419 716 642 756 interrumpit
665 717 699 747 et
723 714 819 747 salvo
844 724 951 747 sensu
976 715 1103 747 abesse
1127 717 1255 756 potest.
1303 715 1371 747 Sed
1397 717 1536 756 saepius
1560 716 1720 747 Horatius

278 781 407 803 nexum
442 772 695 803 sententiarum
731 771 781 802 sic
816 771 1057 811 interrumpit,
1093 772 1131 802 ut
1160 771 1194 802 in
1224 769 1431 811 ampliorem
1463 771 1513 802 rei
1538 771 1722 803 cuiusdam

278 827 551 867 descriptionem
576 826 790 867 exspatietur
814 827 848 857 et
862 827 948 866 ,post
974 825 1092 866 plures
1116 835 1240 857 versus
1265 826 1410 857 demum
1435 827 1600 858 orationis
1626 825 1722 857 filum

278 885 446 914 resumat.
474 882 566 920 V.4‚
595 882 652 920 42,
678 880 834 919 26—-323
869 881 927 920 32,
954 882 1090 918 5—4023
1126 881 1183 920 37,
1212 881 1366 919 117—203
1400 881 1436 919 3,
1463 881 1499 920 4,
1525 880 1664 914 45-48
1689 883 1723 913 et

278 937 426 974 61—6413
455 937 512 975 47,
531 937 627 967 2-9.
649 935 720 977 (ubi
744 935 918 967 Sanadon.
939 937 973 967 et
996 936 1085 967 Edit.
1105 936 1237 967 Bodon.
1255 945 1311 967 w.
1332 937 1429 967 2-5.
1448 935 1539 968 male
1557 937 1721 976 eiiciunt);

277 993 336 1031 ⁶24,
372 991 510 1023 47-(24.
546 991 583 1029 4,
617 991 652 1030 4,
687 991 789 1027 2-4ς
828 991 863 1030 6,
898 991 1016 1023 9—24.
1045 992 1160 1023 Carm.
1188 1000 1259 1023 sec.
1286 990 1426 1023 44-44,
1464 991 1571 1032 Epist.
1600 992 1635 1029 4,
1663 992 1720 1030 45,

277 1048 384 1080 6,1--43
410 1050 444 1079 et
468 1047 607 1079 46-24.
634 1047 785 1086 Doering
801 1046 845 1077 ad
870 1047 939 1078 Sat.
960 1047 995 1085 4,
1021 1047 1058 1085 7,
1087 1047 1138 1077 40.
1166 1047 1238 1078 Hoc
1254 1046 1330 1078 loco
1348 1048 1466 1078 autem
1484 1048 1586 1087 poeta
1602 1046 1723 1078 latiore

279 1103 425 1136 Cerberi
457 1102 694 1143 descriptione
726 1102 799 1133 vim
830 1101 926 1141 lyrae
944 1104 1021 1133 ‘non
1052 1102 1169 1142 inepte
1195 1101 1396 1133 celebravit.
1446 1102 1581 1133 Etenim
1603 1102 1726 1142 furiale

278 1162 393 1198 caput,
430 1167 571 1199 angyues,
608 1158 743 1197 spiritus
770 1159 805 1189 et
827 1158 934 1188 sanies
957 1165 1136 1188 summam
1160 1158 1235 1189 eius
1259 1158 1513 1189 immanitatem
1538 1159 1642 1197 atque
1671 1157 1725 1188 fu-

279 1223 397 1246 rorem
421 1214 630 1254 depingunt;
657 1212 880 1244 nihilominus
905 1211 1002 1252 lyrae
1026 1211 1220 1244 blandienti
1245 1213 1361 1244 cessit.
1409 1214 1495 1243 Tum
1512 1221 1598 1244 vero
1615 1213 1726 1252 magis

280 1271 385 1302 etiam
421 1269 566 1300 offendit
596 1277 672 1300 voc.
700 1269 778 1300 eius.
828 1269 1028 1299 Pronomen
1056 1268 1084 1298 is
1116 1268 1226 1307 enim,
1264 1268 1359 1308 quod
1396 1263 1726 1312 dpfflotovov'ssuevov

281 1325 431 1365 (notione
456 1324 566 1356 nostri
590 1325 665 1363 der,
692 1324 759 1362 dte,
794 1323 866 1364 dcis)
891 1322 986 1363 apud
1009 1324 1133 1363 poetas
1158 1322 1324 1363 frequens
1350 1323 1419 1361 est,
1454 1319 1665 1365 ἐγκλιτικὸν
1691 1324 1727 1354 et

280 1376 521 1426 προκλιτικὸν
557 1379 668 1419 (quod
699 1380 860 1410 nostrum
891 1387 946 1417 er,
979 1378 1040 1416 sie,
1073 1387 1105 1409 es
1128 1377 1328 1417 significans
1353 1378 1386 1408 in
1411 1378 1552 1410 casibus
1576 1377 1726 1418 obliquis

280 1438 413 1467 tantum
448 1434 673 1475 usurpatur),
711 1441 793 1465 cum
828 1432 977 1472 logicam
1013 1434 1149 1464 tantum
1184 1432 1391 1464 relationem
1426 1432 1572 1471 indicet,
1609 1442 1726 1473 neque

281 1490 386 1522 ullam
415 1489 580 1531 pingendi
609 1490 680 1520 vim
708 1488 854 1527 habeat,
892 1488 936 1519 ab
961 1489 1000 1520 iis
1026 1488 1171 1519 devitari
1195 1487 1293 1519 solet.
1342 1488 1393 1519 Ad
1417 1488 1623 1528 pedestrem
1647 1497 1728 1519 ora—

282 1547 410 1577 tionem
436 1546 537 1585 igitur
566 1544 727 1576 Horatius
752 1542 918 1584 delapsus
944 1544 1008 1575 est.
1050 1544 1273 1583 Quamquam
1297 1545 1416 1574 autem
1441 1543 1539 1575 facile
1564 1544 1729 1582 eiulatque

280 1600 335 1633 vel
360 1601 520 1638 eiuletque
543 1599 650 1631 scribi
673 1600 807 1639 potest,
844 1607 972 1630 vereor
1002 1599 1137 1636 tamen,
1176 1608 1219 1629 ne
1250 1599 1316 1630 hac
1340 1598 1394 1630 vel
1419 1598 1483 1630 alia
1508 1599 1727 1631 correctione

282 1657 464 1688 Horatium
489 1655 604 1695 potius
629 1662 736 1694 quam
760 1653 920 1685 librarios
946 1653 1190 1684 emendemus.
1217 1654 1417 1685 Inciderunt
1434 1655 1527 1685 enim
1551 1654 1729 1685 interdum

281 1713 407 1753 poetae
432 1712 466 1742 in
490 1711 584 1741 hunc
606 1710 813 1750 pedestrem
830 1718 1034 1741 sermonem
1070 1709 1118 1748 (V.
1142 1709 1238 1740 Ovid.
1258 1709 1359 1740 Trist.
1379 1709 1416 1748 3,
1442 1709 1479 1747 4,
1506 1710 1558 1740 ⁵27.
1585 1710 1726 1742 Metam.

283 1768 318 1805 8,
347 1767 398 1797 46.
424 1765 541 1805 Virgil.
566 1767 652 1796 Aen.
681 1765 715 1802 4,
743 1764 805 1796 443
830 1765 925 1804 cet),
951 1764 985 1795 in
1015 1763 1143 1804 quihus
1167 1764 1451 1804 reprehendendi
1481 1765 1597 1804 potius
1621 1772 1729 1804 quam

284 1821 497 1853 emendandi
520 1822 611 1852 sunt.
639 1820 778 1851 Minime
804 1820 923 1850 autem
947 1828 980 1850 v,
1000 1822 1099 1858 atque
1122 1819 1156 1849 in
1180 1819 1248 1849 linc
1272 1828 1397 1850 versus
1421 1821 1566 1860 propter
1589 1817 1729 1851 πλατύ-

284 1886 394 1918 τητα,
421 1884 528 1916 quam
553 1875 691 1914 dicunt,
719 1874 874 1905 offendit.
923 1875 978 1906 Sic
1001 1883 1057 1905 vv.
1085 1877 1132 1913 et,
1159 1883 1214 1913 ac,
1242 1877 1294 1913 ut,
1320 1877 1431 1913 mque,
1457 1883 1581 1914 neque,
1613 1884 1672 1906 nec
1695 1875 1728 1906 in

284 1932 352 1963 fine
383 1939 510 1962 versus
537 1929 700 1969 leguntur
731 1930 837 1969 atque
861 1929 929 1960 hoc
954 1929 1069 1969 ipsum
1092 1938 1125 1960 v.
1152 1929 1218 1960 hac
1243 1929 1328 1961 sede
1354 1930 1503 1960 recurrit
1526 1930 1562 1968 ⁶2,
1589 1930 1647 1968 40,
1672 1930 1726 1961 24.

284 1987 442 2026 Denique
469 1987 564 2017 recte
590 1986 696 2016 etiam
720 1986 822 2025 poeta
847 1985 1001 2024 spir-iltuit
1025 1986 1060 2016 et
1083 1985 1209 2015 san-iem
1233 1985 1420 2015 coniunxit.
1446 1983 1542 2016 Alter
1566 1985 1659 2016 enim
1688 1993 1730 2016 ex

286 2051 346 2073 ore
371 2042 404 2072 in
430 2045 549 2072 aerem
574 2040 749 2079 ascendit,
776 2040 885 2072 altera
911 2040 943 2071 in
968 2041 1100 2071 terram
1125 2039 1257 2071 defluit.
1306 2040 1499 2079 Utrumque
1522 2040 1556 2071 in
1574 2039 1730 2072 Cerbero

287 2096 580 2137 conspiciebatur.
628 2097 743 2134 Quare
768 2104 837 2126 non
861 2097 957 2127 recte
983 2095 1143 2127 fecerunt
1166 2095 1224 2135 qui
1253 2096 1400 2136 propter
1422 2095 1485 2128 has
1510 2095 1730 2128 difficultates

287 2155 377 2184 lianc
401 2152 568 2192 strophen
593 2151 749 2192 spuriam
774 2159 852 2182 esse
878 2151 1073 2182 dixerunt.»

371 2207 452 2239 Eius
475 2206 536 2245 illi,
572 2206 615 2237 de
641 2215 710 2246 quo
736 2207 786 2237 tot
810 2207 993 2246 tantasque
1018 2206 1215 2246 tragoedias
1241 2206 1437 2237 excitarunt
1461 2206 1594 2245 Critici,
1629 2215 1731 2247 pror-

287 2271 346 2295 sus
371 2261 482 2294 simile
507 2263 561 2294 est
584 2261 733 2293 alterum
758 2261 880 2293 Tibulli
899 2262 934 2300 4,
962 2262 998 2301 6,
1024 2263 1081 2293 25:
1108 2262 1212 2301 Saepe
1234 2263 1322 2294 velut
1343 2271 1489 2303 yemmas
1504 2263 1573 2294 cius
1587 2263 1733 2303 signum-

288 2326 348 2356 que
374 2318 572 2357 probarem,
613 2316 709 2357 quod
740 2316 833 2348 nullo
865 2317 1010 2348 artificio
1044 2316 1223 2348 eliminare
1255 2318 1438 2358 poterunt;
1478 2318 1612 2348 tantum
1638 2317 1732 2349 enim

288 2372 391 2403 abest
418 2374 456 2403 ut
486 2372 632 2403 dubium
664 2372 723 2403 liat
745 2373 891 2412 propter
914 2372 1010 2403 Ovid.
1038 2373 1137 2403 Trist.
1167 2373 1203 2410 Ξ,
1238 2368 1294 2404 454
1323 2374 1358 2404 et
1382 2371 1455 2404 4522.
1487 2372 1733 2413 (quemadmo-

289 2428 373 2459 dum
398 2429 495 2458 ratus
521 2428 574 2458 cst
598 2425 784 2457 Paldamus
800 2427 916 2457 Erolilc
939 2436 972 2467 p.
992 2426 1073 2467 58),
1100 2427 1137 2458 ut
1161 2426 1287 2458 eadem
1310 2427 1510 2459 firmissima
1527 2429 1731 2459 auctoritate

290 2483 427 2514 nitatur.
455 2482 637 2513 Accedunt
660 2481 756 2512 ovid.
776 2482 876 2513 Trist.
896 2482 927 2521 3,
944 2481 982 2521 4,
998 2483 1058 2513 27:
1084 2483 1158 2513 Non
1182 2482 1267 2522 foret
1282 2483 1442 2514 Eumedes
1459 2483 1572 2522 orbus,
1597 2484 1625 2514 si
1645 2483 1733 2524 filius

290 2538 357 2568 eius
384 2537 509 2568 Stultus
533 2537 689 2568 Achilleos
715 2546 781 2567 non
801 2537 987 2568 adamasset
1007 2545 1114 2575 equos.
1162 2539 1320 2578 Propert.
1345 2537 1376 2576 4,
1402 2538 1440 2576 2,
1467 2538 1524 2569 35:
1559 2539 1618 2569 Est
1633 2538 1733 2569 etiam

291 2593 430 2632 (ιιω-ἰῃαο
453 2593 571 2632 species
597 2593 807 2630 ls'ertumnus,
834 2595 864 2622 et
887 2593 972 2631 eius,
1009 2593 1143 2624 Traiicit
1165 2593 1292 2624 alterno
1317 2594 1372 2633 qui
1396 2593 1462 2625 leve
1486 2594 1615 2633 pondus
1637 2601 1728 2631 equo.

293 2647 405 2679 Manil.
435 2649 469 2687 2,
488 2648 568 2679 908:
592 2647 763 2687 fortunam
786 2655 828 2677 ea>
842 2647 968 2678 viribus
991 2648 1059 2679 σιίιε
1074 2648 1279 2687 Οοηεὶρῑιωιι.
1312 2650 1354 2679 At
1378 2648 1514 2688 quidni,
1541 2647 1625 2678 dum
1642 2646 1731 2679 ultro

294 2703 516 2741 agnoscimus
541 2702 584 2734 ab
611 2703 752 2743 optimis
777 2702 975 2742 quibusque
1001 2704 1112 2743 poetis
1137 2704 1228 2734 lianc
1253 2702 1495 2743 negligentiam
1520 2702 1635 2743 quoad
1657 2703 1730 2734 cius

295 2758 367 2787 lieri
392 2759 528 2797 poterat
551 2758 740 2788 (levitatum
765 2766 858 2794 esse,
887 2757 990 2788 fuisse
1017 2760 1133 2790 tamen
1152 2758 1301 2790 subinde
1323 2758 1434 2796 locos,
1461 2757 1519 2790 ubi
1537 2758 1611 2789 sine
1628 2757 1730 2798 longe
