1997 3219
312 183 392 222 :378
819 189 985 219 nonATn
1012 189 1232 223 omninum

596 291 827 346 Portasque
863 304 945 332 non
977 290 1144 334 clausas
1175 300 1216 335 et
1246 308 1344 335 arva

648 372 776 412 Marte
808 370 888 412 coli
923 371 1120 427 populata
1154 380 1310 415 nostro.

530 489 643 529 Auro
674 501 884 543 repensus
915 488 1074 531 seilicet
1115 490 1252 532 aerior
1694 494 1744 533 ⁴255

531 567 648 609 Miles
679 567 844 610 redibit.
876 565 931 599 '—
962 568 1135 625 Flagitio
1166 569 1321 612 additis

586 648 819 690 Damnum:
855 663 996 705 neque
1026 650 1207 693 amissos
1241 650 1407 693 colores

645 729 755 771 Lana
785 729 914 772 refert
943 729 1150 772 medicata
1185 731 1299 777 fuco.

528 846 614 887 Neo
646 859 746 887 vera
777 847 931 895 virtus,
965 862 1062 890 cum
1091 849 1223 891 semel
1262 849 1437 895 excidit.

529 926 656 968 Curat
685 927 834 982 reponi
867 927 1164 971 deterioribus.
1690 934 1743 973 30

390 1076 442 1106 ¹23.
469 1076 576 1107 clusas
599 1077 641 1113 S,
669 1076 752 1107 Cod.
779 1075 899 1108 Bland.
929 1094 964 1109 —‚
1005 1077 1056 1108 25.
1087 1086 1240 1117 repensus
1271 1087 1447 1119 superser.
1475 1079 1549 1111 «rel
1572 1082 1700 1112 redem-

343 1129 438 1164 plus»
465 1125 498 1156 d.
529 1143 563 1147 —
591 1125 644 1156 ⁶27.
672 1135 728 1156 nec
752 1126 786 1157 T.
816 1126 943 1164 (Ceteri
968 1127 1037 1158 mei
1060 1127 1190 1167 neque.)
1218 1145 1252 1150 —
1279 1128 1331 1159 29.
1359 1129 1515 1160 occiditT
1533 1128 1638 1161 solus.

302 1266 553 1306 Ο(1.4,15,7.
575 1285 609 1289 —-
638 1267 782 1308 Κεῖον-ια]
808 1268 894 1309 Epp.
913 1268 945 1306 2,
965 1268 995 1306 4,

304 1316 382 1347 ι191ῑ
422 1317 504 1347 Mox
534 1317 680 1347 trahitur
702 1317 854 1348 manibus
882 1326 998 1358 reyum

302 1366 441 1404 fortuna
462 1366 605 1396 retortis.
633 1366 729 1397 ovid.
749 1367 825 1398 Am.
846 1368 876 1405 4,
895 1368 927 1406 Ξ,
943 1367 995 1398 31.

303 1415 335 1445 in
374 1416 512 1447 Amoris
547 1416 740 1456 triumpho:
790 1417 882 1448 Mens
913 1417 999 1448 bona

303 1465 441 1495 ducetur
463 1464 616 1495 manibus
633 1468 709 1503 post
730 1468 824 1505 lei-gya
852 1467 995 1498 retortis.

343 1513 396 1544 23.
419 1512 472 1545 ⁶24..
498 1514 688 1554 Portasque]
706 1515 936 1554 Karthaginis.
958 1533 994 1537 -—

299 1572 365 1593 non
389 1563 536 1604 clausas]
574 1563 608 1593 id
637 1563 730 1603 quod
760 1565 909 1595 maxime
938 1573 996 1596 se-

300 1612 457 1643 curitatis
482 1613 619 1652 signum
645 1615 730 1644 erat.
784 1615 822 1644 A.
848 1615 883 1645 P.
908 1615 992 1646 499:

302 1662 425 1701 apertis
441 1662 509 1692 otia
520 1663 639 1702 portis.
657 1680 693 1685 -—
708 1664 817 1695 Marte
829 1663 910 1704 cet]
930 1663 994 1694 «ab

301 1711 457 1741 exercitu
480 1712 600 1742 nostro
623 1712 804 1743 devastata
827 1711 892 1744 coli
916 1721 997 1743 rur-

299 1767 359 1790 sus
384 1768 402 1789 a
428 1760 588 1791 Poenis.»
615 1760 711 1792 Falsa
730 1761 824 1792 enim
842 1762 896 1792 est
912 1761 997 1792 Vos—

299 1808 341 1838 sii
366 1807 496 1848 duplex
526 1809 707 1840 iunctura:
752 1819 852 1840 «arva
885 1811 993 1841 Marte

300 1859 420 1888 nostro
437 1857 602 1897 populata
620 1858 684 1889 coli
702 1860 810 1890 Marte
828 1861 947 1890 nostro
964 1869 992 1896 ;»

299 1905 363 1945 (ich
387 1906 447 1936 sah
470 1924 488 1928 —
512 1924 530 1928 —
558 1907 635 1938 Feld
656 1917 718 1939 von
743 1917 875 1939 miserm
898 1909 995 1939 Krie-

301 1964 360 1994 yet·
382 1955 517 1995 (sebam,
555 1957 614 1987 das
640 1966 676 1987 er
694 1958 811 1997 junqst
835 1958 993 1998 <ret-odet.)

299 2005 424 2044 captivi
457 2006 551 2036 enim
583 2007 652 2037 iam
676 2007 771 2037 Mars
793 2010 902 2038 noster
930 2016 994 2038 vo-

301 2054 371 2084 cari
406 2053 498 2085 nullo
530 2056 632 2094 pacto
665 2057 849 2095 poterant;
891 2057 925 2086 et
949 2064 992 2087 ne

299 2104 460 2134 Lucanus
495 2103 640 2143 quidem
673 2104 728 2135 vel
764 2105 891 2136 Statius
926 2106 993 2137 boc

296 2151 362 2182 sibi
388 2151 598 2184 indulsisset.
629 2153 693 2193 (Sic
712 2155 877 2193 populare
899 2154 990 2194 virg.

296 2202 356 2232 Ge.
377 2202 413 2239 ’1,
441 2201 514 2232 1¹85.
555 2203 641 2234 Aen.
670 2203 704 2240 ¹¹,
731 2203 818 2242 5⁶27.)

338 2250 391 2280 27.
429 2250 481 2281 28.
518 2251 704 2292 Damnum]
744 2252 878 2284 Rhesus
903 2252 988 2283 4002:

296 2296 465 2343 Αίσχρὸν
499 2297 570 2345 γὰρ
601 2297 694 2342 ἡμῖν
727 2297 908 2345 καὶπρὸς
931 2301 991 2332 αἰ-

295 2346 418 2394 σχύνῃ
436 2346 567 2379 κακόν.
608 2351 681 2380 Non
708 2350 751 2381 de
775 2350 903 2381 iactura
927 2359 992 2391 pe-

295 2398 435 2435 cuniae,
475 2406 581 2437 quam
606 2399 846 2439 consumpturi
872 2402 990 2431 essent

297 2447 328 2476 in
346 2448 575 2486 rependendis,
601 2447 635 2478 id
658 2450 730 2486 est,
760 2448 988 2486 redimendis,

295 2497 440 2535 ‹·aptivis
457 2495 627 2537 loquitur,
654 2497 736 2528 sed:
767 2496 886 2536 «longe
914 2506 990 2529 ma—

296 2545 366 2581 ins,
393 2545 521 2585 inquit,
548 2546 717 2577 damnum
741 2547 865 2587 partim
890 2547 991 2578 inerit

295 2594 326 2623 in
356 2595 446 2634 turpi
470 2594 632 2636 exemplo
656 2595 698 2626 ad
720 2597 882 2636 posteros
906 2604 989 2636 pro-

295 2642 381 2680 dito,
409 2645 535 2683 partim
562 2645 594 2676 in
620 2653 675 2682 co,
695 2644 790 2684 quod
815 2644 988 2685 redempti

295 2692 347 2722 isti
366 2692 507 2732 reliquis
525 2693 690 2725 militibus
715 2694 893 2734 permixti,
920 2694 988 2724 iam

295 2742 490 2779 ignaviores
508 2751 613 2783 quam
632 2745 750 2779 antea,
780 2743 917 2774 foedam
938 2743 987 2773 su-
1014 2769 1016 2777 ,

1049 1277 1128 1308 gam
1154 1269 1334 1309 capientes
1357 1269 1412 1301 vel
1437 1271 1565 1302 iterum
1589 1281 1667 1303 sese
1685 1272 1744 1303 de-

1048 1317 1174 1349 dentes
1199 1317 1334 1351 cladem
1359 1317 1505 1350 affeient
1530 1320 1658 1361 populo
1681 1322 1744 1352 Ro-

1048 1375 1188 1398 mano.»
1216 1385 1252 1390 —
1282 1377 1387 1407 neque
1407 1369 1558 1410 amissos]
1590 1371 1649 1402 «Ut
1671 1371 1744 1411 pri-

1047 1425 1145 1448 mum
1168 1416 1324 1449 colorem
1346 1418 1540 1450 naturalem
1563 1428 1742 1460 nunquam

1046 1467 1171 1507 recipit
1205 1465 1281 1498 lana
1316 1466 1426 1499 semel
1458 1467 1524 1499 alio
1549 1467 1665 1500 colore
1689 1469 1743 1500 in-

1048 1515 1154 1554 secta,
1191 1517 1236 1546 ita
1261 1517 1352 1547 eet.»
1400 1516 1537 1554 Quintil.
1568 1518 1602 1552 4,
1634 1518 1671 1555 4,
1698 1519 1738 1549 5:

1045 1565 1112 1596 Nee
1127 1565 1285 1595 lanarum
1300 1565 1438 1603 colores,
1465 1566 1580 1604 quibus
1599 1567 1739 1605 simplex

1045 1614 1098 1645 ille
1112 1615 1238 1644 candor
1252 1617 1398 1644 mutatus
1421 1618 1481 1652 est,
1508 1615 1572 1646 elui
1588 1619 1736 1654 possunt.

1048 1680 1083 1684 —
1108 1662 1283 1702 medicata]
1309 1663 1351 1693 de
1370 1661 1545 1695 coloribus
1561 1689 1568 1702 ,
1594 1666 1631 1694 ut
1647 1674 1742 1708 φαρ-

1043 1708 1225 1752 μάσσειν,
1245 1711 1435 1743 «imbuta»
1461 1712 1584 1743 Cicero
1602 1713 1634 1743 in
1653 1713 1741 1744 Hor-

1044 1761 1157 1792 tensio
1194 1761 1246 1791 Fr.
1283 1761 1313 1792 8.
1341 1769 1374 1800 p.
1401 1760 1475 1792 ›si-79.
1514 1770 1614 1792 meae
1650 1761 1737 1792 Ed.:

1047 1810 1084 1840 Ut
1109 1810 1153 1848 ii,
1174 1810 1229 1849 qui
1252 1810 1389 1841 combibi
1407 1818 1599 1849 purpuram
1613 1811 1738 1849 volunt,

1043 1859 1209 1900 sufficiunt
1232 1860 1331 1898 prius
1362 1859 1476 1890 lanam
1498 1860 1741 1891 titedicamentis

1044 1909 1238 1947 quibusdam
1271 1911 1338 1939 eet.
1395 1908 1492 1939 Ovid.
1526 1909 1622 1939 Rem.
1657 1910 1734 1940 Am.

1044 1958 1129 1988 707:
1180 1957 1362 1996 Amyclaeis
1405 1958 1603 1988 medicatum
1639 1958 1740 1989 vellus

1043 2007 1164 2037 ahenis.
1202 2005 1318 2045 Virgil.
1345 2007 1404 2037 Ge.
1427 2007 1462 2044 4,
1491 2006 1572 2038 493:
1606 2008 1740 2038 Semina

1040 2056 1108 2086 vidi
1131 2056 1279 2094 equidem
1300 2056 1419 2086 multos
1442 2056 1605 2087 medicare
1627 2065 1738 2088 seren-

1042 2108 1102 2143 tes,
1141 2105 1185 2136 Et
1216 2105 1304 2136 uitro
1333 2105 1430 2144 prius
1463 2108 1492 2136 et
1526 2106 1627 2146 niqra
1657 2115 1738 2145 per-

1040 2154 1177 2193 fundere
1200 2163 1354 2194 amuryu.
1394 2170 1428 2176 —-
1458 2154 1550 2195 fuco]
1584 2154 1668 2186 Plin.
1696 2156 1734 2186 H.

1043 2205 1082 2235 N.
1108 2203 1161 2240 26,
1188 2203 1240 2234 40.
1272 2204 1383 2235 Fucus
1411 2205 1588 2240 marinus,
1627 2203 1738 2235 lactu-

1043 2261 1105 2284 cae
1137 2251 1276 2291 similis,
1308 2252 1500 2293 conchyliis
1531 2252 1738 2284 substerne-

1041 2302 1162 2339 batur,
1201 2301 1233 2332 id
1267 2302 1338 2339 est,
1375 2301 1453 2333 lana
1486 2301 1618 2332 herbae
1649 2300 1736 2333 illius

1041 2359 1127 2382 suco
1151 2351 1247 2390 prius
1278 2350 1522 2389 imbuebatur,
1548 2359 1619 2390 quo
1651 2350 1736 2381 saci-

1040 2399 1105 2430 lius
1137 2408 1315 2440 purpurae
1347 2399 1503 2431 colorem
1534 2399 1732 2430 imbiberet.

1040 2449 1127 2480 Tum
1159 2450 1350 2489 usurpatur
1380 2458 1444 2489 pro
1477 2448 1600 2488 quovis
1635 2456 1732 2479 suco.

1041 2498 1100 2537 qui
1142 2498 1308 2538 tingendo
1347 2498 1510 2535 inservit,
1551 2498 1583 2528 in
1614 2497 1735 2537 primis

1040 2556 1103 2587 pro
1138 2556 1305 2588 purpura.
1362 2548 1409 2578 lta
1443 2547 1591 2586 conchyli
1624 2547 1734 2586 fucum

1041 2597 1125 2628 dixit
1149 2596 1303 2629 Catullus
1327 2596 1386 2635 64,
1413 2596 1465 2628 11-9.

1082 2646 1135 2677 29.
1161 2646 1213 2677 30.
1248 2647 1314 2677 Nec
1338 2646 1429 2686 vera]
1461 2645 1613 2683 «Virtus,
1643 2653 1734 2684 quae

1041 2695 1184 2735 quidem
1216 2703 1299 2726 vere
1332 2695 1399 2726 hoc
1434 2702 1562 2725 nomen
1595 2701 1734 2724 merea-

1040 2745 1095 2774 tur
1113 2769 1118 2778 ,
1145 2752 1213 2775 non
1232 2745 1348 2783 potest
1366 2743 1498 2783 reponi,
1517 2742 1650 2773 restitui
1669 2743 1731 2774 eis.
