1997 3219
700 155 775 185 LlB.
803 155 856 185 111.
893 154 928 185 C.
957 154 1010 184 lV.
1039 162 1041 164 ·

1545 151 1625 190 365

357 258 495 299 Visam
526 257 748 299 Britannos
781 256 1018 312 hospitibus
1052 256 1162 297 feros

359 338 405 379 Et
435 337 591 380 laetum
621 337 778 394 equino
810 337 1015 392 sanguine
1049 336 1314 379 Concanum.

413 418 552 459 Visam
584 417 850 473 pharetratos
883 415 1068 459 Gelonos

471 498 517 539 Et
548 496 795 554 Scythicum
827 496 1050 538 inviolatus
1082 509 1261 538 amnem.

356 603 438 644 Vos
470 603 699 645 Caesarem
729 601 878 648 altum,
912 600 1055 642 militia
1088 600 1209 642 simul

357 684 508 725 Fessas
539 681 735 725 cohortes
767 680 930 723 addidit
962 679 1156 736 oppidis,

411 763 550 805 Finire
581 768 860 818 quaerentem
891 760 1062 802 labores

272 882 324 913 36.
352 889 469 922 agmen
493 889 566 912 var.
593 879 674 912 lect.
702 879 788 911 Cod.
815 878 915 910 Goth.
945 895 980 900 —
1011 878 1063 910 37.
1092 879 1288 917 Caesarem,
1314 879 1420 910 altum
1445 879 1582 920 (educa-

231 932 314 970 tum)
340 931 459 961 utilitia
482 930 579 961 simul
602 930 634 961 F.
665 946 700 951 —
738 929 791 961 38.
817 930 931 960 Fessus
953 929 1088 969 primus
1114 927 1208 959 Leid.
1236 937 1263 960 s.
1292 928 1504 965 Vossianus,
1544 931 1581 959 ut

230 979 370 1011 volebat
394 978 514 1011 Lamb.
542 978 713 1019 probante
738 977 849 1010 Bentl.
879 995 913 1000 -
942 979 1069 1009 addidit
1092 978 1142 1009 Bb
1169 980 1203 1009 et
1227 987 1278 1018 pr.
1306 988 1344 1016 c,
1378 979 1463 1010 item
1492 980 1580 1010 Pott.

230 1030 260 1067 2,
288 1029 319 1066 4,
347 1029 377 1062 6,
406 1029 567 1066 *173221

595 1028 721 1058 abdidit
745 1028 769 1059 T
794 1029 829 1058 et
851 1036 940 1059 corr.
969 1027 1115 1065 QLCtJ,
1148 1027 1288 1058 reddidit
1310 1014 1375 1066 sd,
1401 1036 1474 1058 var.
1502 1026 1582 1058 ieet.

230 1075 335 1118 ιξχω,
355 1086 445 1109 unus
462 1079 565 1114 Pon..
584 1076 693 1109 Bentl.
714 1079 748 1108 et
764 1077 833 1109 FM.
853 1077 1002 1117 (redditis
1017 1085 1069 1117 pr,
1088 1087 1128 1118 y,
1146 1077 1291 1108 redditas
1303 1076 1353 1117 κ.)
1369 1095 1403 1098 —-
1419 1076 1533 1116 opibus
1545 1077 1580 1107 T.

185 1186 214 1213 et
236 1183 401 1213 hominum
429 1181 522 1223 fibris
543 1181 710 1212 consulere
733 1181 808 1212 deos
829 1181 882 1221 fas
929 1180 1067 1215 militia,
1100 1189 1165 1211 nec
1189 1180 1341 1220 (lenique
1368 1179 1479 1212 «bella
1504 1180 1625 1221 despi-

184 1231 354 1263 habebant.
371 1232 606 1271 Hieronymus
619 1230 697 1261 adv.
713 1230 877 1261 Iovinian.

186 1282 216 1312 ⁴2.
237 1289 314 1321 pag.
334 1281 407 1312 ⁶20¹.
427 1279 577 1311 Bened.:
606 1280 690 1318 Ouid
706 1280 826 1318 loqu-ar
842 1279 881 1310 de

184 1331 299 1361 ceteris
326 1329 530 1367 vacationibus,
564 1338 637 1360 cum
667 1330 735 1368 ipse
765 1328 879 1359 adole-

184 1379 349 1410 scentulus
373 1379 402 1409 in
422 1378 533 1409 Gallia
556 1379 695 1409 viderim
710 1377 877 1415 Atticotos,

183 1432 309 1469 gentem
331 1428 580 1465 Britannicam,
616 1427 768 1458 humanis
795 1427 880 1458 vesci

185 1476 366 1508 carnibus?

228 1525 342 1558 34-36.
374 1525 573 1566 Concanum]
606 1524 815 1557 Cantabriae
845 1525 879 1556 in

186 1575 349 1615 Hispania
395 1575 647 1606 Tarraconensi
693 1572 876 1614 populum.

184 1623 285 1655 Silius
309 1624 347 1662 3,
381 1623 463 1655 36οε
502 1625 568 1655 Nec
596 1624 652 1662 qui
673 1624 879 1663 Massageten

183 1676 370 1704 monstrans
401 1674 532 1713 feritate
557 1675 730 1712 parentem
762 1672 881 1703 Corni-

180 1722 273 1762 pedis
293 1722 367 1762 fusa
400 1722 552 1759 saliaris,
584 1721 750 1759 Concane,
782 1730 877 1752 vena.

185 1772 256 1803 Nec
280 1770 395 1802 solum
408 1771 451 1802 de
468 1771 670 1811 Massagetis
685 1769 876 1811 (Claudian.

186 1821 218 1851 in
243 1820 316 1851 Rus.
343 1821 379 1858 4,
406 1820 506 1858 3⁴2).
534 1820 597 1852 sed
620 1820 726 1851 etiam
751 1819 794 1851 de
812 1821 880 1851 Ge-

186 1868 272 1901 lonis
299 1869 365 1900 boc
393 1869 592 1900 narrabant.
638 1869 731 1908 Virg.
760 1869 820 1899 Ge.
846 1867 877 1902 3,

186 1918 243 1950 46¹
262 1927 267 1947 :
295 1918 438 1949 Bisaltae
462 1927 525 1957 quo
548 1926 639 1949 litore
661 1918 763 1948 solent
783 1925 880 1948 acer-

186 1976 247 2006 que
271 1967 429 2005 Gelonus,
455 1967 536 1998 Cum
557 1967 641 2007 suqit
658 1967 692 1997 in
708 1966 880 2004 Rhodopen

186 2019 285 2055 atque
313 2016 347 2046 in
381 2016 507 2046 deserta
543 2015 719 2052 Getarum,
756 2015 798 2045 Ει
829 2014 881 2044 lae

185 2067 372 2096 concretum
385 2073 459 2095 cum
471 2065 630 2104 sanquine
641 2067 737 2103 potat
749 2064 877 2103 equino.

186 2114 277 2153 Virg.
311 2116 396 2145 Aen.
432 2114 468 2152 8]
503 2114 584 2144 7¹25:
617 2113 881 2154 sayittiferosque

187 2163 335 2194 Gelonos.
365 2180 399 2185 —-
425 2163 593 2202 Scythicus
623 2163 742 2193 autem
773 2162 881 2193 amnis

186 2213 321 2244 Tanais.

230 2261 282 2292 37.
314 2261 372 2291 Vos
395 2261 476 2302 cet]
502 2261 664 2292 Iunctura
689 2260 777 2291 haee
801 2261 877 2290 est:

189 2324 202 2337 υ
217 2309 371 2342 Eaedem
394 2319 472 2348 vos,
510 2318 600 2349 quae
634 2311 725 2340 tanta
759 2309 790 2340 in
823 2317 880 2339 me

187 2359 356 2390 beneficia
370 2358 562 2390 contulistis
573 2366 788 2398 semperque
800 2366 882 2388 con-

187 2409 302 2446 sertis,
345 2409 500 2440 recreatis
535 2409 639 2439 etiam
675 2408 878 2443 Caesarem,

187 2459 249 2495 ita,
277 2459 313 2488 ut
338 2466 401 2498 per
427 2466 488 2488 vos
504 2466 522 2487 a
541 2456 720 2488 laboribus
745 2456 883 2496 requie-

187 2516 288 2538 scere
313 2508 343 2538 ei
369 2508 411 2537 sit
430 2514 676 2537 concessum.»
706 2523 741 2528 —
766 2504 880 2545 allum]

188 2555 260 2588 Noli
301 2557 444 2595 iungere
485 2556 589 2586 altum
631 2555 751 2585 militia
789 2564 806 2585 a
848 2564 879 2585 v.

187 2605 290 2636 alere.
322 2604 554 2642 «educatum,
588 2603 792 2634 innutritum
817 2603 884 2634 mi-

188 2653 256 2684 litia
293 2653 372 2685 inde
409 2663 426 2684 a
464 2654 574 2694 prima
611 2651 880 2690 adolescentia»,

906 2540 909 2567 l

931 1230 1118 1261 cientem»·
1149 1229 1264 1268 (Hand
1296 1228 1338 1260 ad
1369 1230 1451 1260 Stat.
1477 1238 1510 1270 p.
1537 1229 1624 1269 64.);

931 1278 995 1310 sed
1023 1288 1054 1309 v.
1080 1279 1201 1309 militia
1232 1279 1447 1319 iungendum
1479 1288 1561 1311 cum
1593 1288 1624 1310 v.

928 1328 1047 1368 fessas,
1068 1329 1103 1358 et
1120 1328 1207 1359 altus
1223 1329 1276 1359 est
1295 1327 1509 1360 «excelsus»
1528 1328 1625 1360 Ovid.

931 1386 974 1408 ex
1005 1378 1114 1408 Ponto
1145 1378 1184 1415 2,
1219 1376 1258 1415 3,
1285 1377 1343 1418 623:
1387 1378 1514 1416 Quique
1536 1378 1629 1409 dolor

925 1429 1040 1466 pectus
1070 1426 1221 1466 tetigisset
1251 1425 1402 1457 Caesaris
1434 1427 1505 1458 alti.
1554 1426 1624 1458 Cic.

931 1476 1034 1506 Tusc.
1053 1475 1089 1513 2,
1116 1474 1153 1513 li,
1182 1475 1215 1506 Μ
1232 1484 1238 1505 ;
1268 1475 1306 1506 Te
1322 1478 1447 1506 natura
1463 1475 1628 1508 excelsum

931 1524 1095 1562 quendam
1119 1527 1149 1555 et
1172 1524 1277 1554 altum
1300 1527 1330 1555 et
1351 1524 1499 1555 humana
1519 1525 1628 1564 despi-

930 1574 1065 1605 cientem
1087 1573 1209 1613 9enuit.
1239 1574 1343 1605 Unice
1369 1575 1489 1605 autem
1505 1582 1627 1606 veram

931 1630 1011 1654 esse
1029 1624 1188 1653 nostram
1210 1622 1535 1662 interpretationem
1552 1624 1625 1664 ipsa

930 1680 1055 1703 versus
1091 1679 1237 1703 caesura
1275 1672 1358 1703 satis
1390 1671 1626 1710 demonstran

929 1722 1113 1762 praeterea
1131 1721 1164 1751 in
1186 1721 1315 1751 Horatii
1341 1722 1550 1761 praesertim
1567 1730 1628 1753 ore

930 1770 1032 1801 nimis
1056 1770 1170 1801 tenuis
1190 1778 1230 1800 ae
1255 1778 1365 1810 prope
1383 1769 1527 1801 ridicula
1545 1770 1627 1802 suis-

930 1821 985 1850 set
1011 1818 1105 1850 laus:
1144 1819 1248 1849 altwm
1270 1819 1401 1850 militia.

974 1869 1026 1900 38.
1053 1868 1190 1908 addidit]
1213 1868 1342 1899 Veram
1365 1868 1457 1900 hanc
1481 1877 1560 1900 esse
1577 1868 1629 1901 le-

931 1917 1082 1948 ctionem
1100 1917 1321 1948 demonstrat
1337 1917 1444 1948 Tacit.
1463 1919 1551 1949 Ann.
1571 1917 1624 1956 43,

930 1966 983 1997 34.
1021 1966 1174 1997 Coloniae
1206 1966 1323 2005 Capua
1350 1969 1450 2006 atque
1480 1967 1628 1998 Nuceria

929 2015 1069 2047 Aooms
1093 2016 1257 2046 veteranis
1275 2016 1431 2056 firmatae
1446 2019 1531 2046 sunt.
1560 2016 1628 2047 Ad-

931 2063 1012 2094 didit
1035 2063 1137 2103 igitur
1154 2065 1336 2103 tamquam
1352 2072 1453 2094 novos
1469 2063 1624 2102 colonos,

931 2113 989 2153 qui
1021 2113 1055 2143 in
1087 2112 1260 2152 Inscriptt.
1295 2111 1478 2152 aliquoties
1510 2113 1630 2144 distin-

931 2163 1083 2202 guuntur
1097 2169 1115 2192 a
1132 2161 1302 2193 veteribus.
1331 2161 1517 2193 Habebant
1533 2163 1626 2194 enim

932 2211 1070 2251 utrique
1095 2219 1178 2242 suos
1203 2210 1268 2242 sibi
1299 2210 1526 2249 duumviros,
1565 2211 1629 2242 de—

932 2260 1096 2291 curiones
1121 2261 1188 2291 cet.
1210 2260 1383 2300 Inscriptt.
1404 2268 1451 2290 m.
1476 2260 1547 2290 Lat.
1567 2260 1628 2290 400

932 2311 966 2340 et
992 2309 1064 2340 0¹01.
1091 2309 1236 2340 Arretini
1258 2312 1391 2340 veteres.
1432 2308 1629 2350 Fabraterni

930 2361 1063 2396 veteres,
1082 2358 1279 2388 Fabraterni
1303 2358 1435 2388 novant.
1463 2358 1502 2387 V.
1522 2358 1628 2388 etiam

933 2406 1119 2439 Furlanelti
1138 2408 1256 2446 Lapidi
1279 2408 1399 2438 d'Este.
1420 2416 1454 2448 p.
1474 2407 1524 2437 96.
1554 2406 1624 2437 Cir.

933 2456 1005 2488 Cle.
1039 2465 1103 2497 pro
1135 2455 1225 2487 Sulla
1254 2457 1306 2487 Ἥ,
1357 2457 1428 2487 Nec
1452 2464 1554 2493 verO,
1591 2457 1630 2486 ut

934 2513 1046 2545 nuper
1067 2505 1181 2536 minus
1208 2505 1318 2545 perite
1337 2504 1481 2544 quidam
1499 2503 1630 2535 iudica-

932 2554 998 2592 vit,
1024 2551 1157 2599 κύριον
1182 2554 1249 2585 boc
1274 2553 1424 2584 verbum
1444 2553 1558 2585 minus
1576 2554 1630 2584 est

933 2604 1122 2643 poeticum.
1150 2602 1218 2633 Sed
1243 2603 1301 2642 qui
1325 2600 1533 2641 ignorabant
1550 2610 1630 2642 pro-

934 2652 1048 2693 prium
1073 2653 1178 2692 atque
1199 2651 1421 2692 aptissimum
1439 2659 1536 2689 esse,
1563 2659 1628 2681 nec

190 2711 304 2741 neque
326 2701 614 2741 altumffelatuin.
639 2701 881 2745 zfnapaz‘vran)
907 2705 910 2724 l
934 2702 1017 2732 satis
1043 2701 1118 2732 eius
1143 2700 1433 2740 significationem
1459 2698 1628 2738 intellige-
