<?xml version="1.0" encoding="UTF-8"?>
<!DOCTYPE html PUBLIC "-//W3C//DTD XHTML 1.0 Transitional//EN"
    "http://www.w3.org/TR/xhtml1/DTD/xhtml1-transitional.dtd">
<html xmlns="http://www.w3.org/1999/xhtml" xml:lang="en" lang="en">
 <head>
  <title>
</title>
<meta http-equiv="Content-Type" content="text/html;charset=utf-8" />
  <meta name='ocr-system' content='tesseract 3.04.00' />
  <meta name='ocr-capabilities' content='ocr_page ocr_carea ocr_par ocr_line ocrx_word'/>
</head>
<body>
  <div class='ocr_page' id='page_1' title='image "./qhoratiusflaccus01horauoft/qhoratiusflaccus01horauoft_0453.png"; bbox 0 0 1997 3219; ppageno 0'>
   <div class='ocr_carea' id='block_1_1' title="bbox 735 192 891 224">
    <p class='ocr_par' dir='ltr' id='par_1_1' title="bbox 735 192 891 224">
     <span class='ocr_line' id='line_1_1' title="bbox 735 192 891 224; baseline -0.006 -1"><span class='ocrx_word' id='word_1_1' title='bbox 735 192 810 224; x_wconf 75' lang='grc' dir='ltr'>ΗΒ.</span> <span class='ocrx_word' id='word_1_2' title='bbox 838 192 891 223; x_wconf 86' lang='lat'>111.</span> 
     </span>
    </p>
   </div>
   <div class='ocr_carea' id='block_1_2' title="bbox 941 190 1642 230">
    <p class='ocr_par' dir='ltr' id='par_1_2' title="bbox 941 190 1642 230">
     <span class='ocr_line' id='line_1_2' title="bbox 941 190 1642 230; baseline 0.011 -8"><span class='ocrx_word' id='word_1_3' title='bbox 941 192 978 222; x_wconf 83' lang='lat' dir='ltr'>c.</span> <span class='ocrx_word' id='word_1_4' title='bbox 1006 191 1090 223; x_wconf 81' lang='lat' dir='ltr'>vni.</span> <span class='ocrx_word' id='word_1_5' title='bbox 1561 190 1642 230; x_wconf 78' lang='lat'>399</span> 
     </span>
    </p>
   </div>
   <div class='ocr_carea' id='block_1_3' title="bbox 429 293 1190 497">
    <p class='ocr_par' dir='ltr' id='par_1_3' title="bbox 429 293 1190 497">
     <span class='ocr_line' id='line_1_3' title="bbox 431 293 1190 350; baseline -0.003 -14"><span class='ocrx_word' id='word_1_6' title='bbox 431 295 542 337; x_wconf 86' lang='lat' dir='ltr'>Mitte</span> <span class='ocrx_word' id='word_1_7' title='bbox 573 293 718 337; x_wconf 81' lang='lat' dir='ltr'>civiles</span> <span class='ocrx_word' id='word_1_8' title='bbox 749 307 879 350; x_wconf 86' lang='lat' dir='ltr'>super</span> <span class='ocrx_word' id='word_1_9' title='bbox 909 293 1015 336; x_wconf 81' lang='lat' dir='ltr'>urbe</span> <span class='ocrx_word' id='word_1_10' title='bbox 1045 307 1190 336; x_wconf 87' lang='lat' dir='ltr'>curas:</span> 
     </span>
     <span class='ocr_line' id='line_1_4' title="bbox 430 374 1183 430; baseline -0.003 -13"><span class='ocrx_word' id='word_1_11' title='bbox 430 375 597 418; x_wconf 76' lang='lat' dir='ltr'>Occidit</span> <span class='ocrx_word' id='word_1_12' title='bbox 627 374 728 417; x_wconf 88' lang='lat' dir='ltr'>Daci</span> <span class='ocrx_word' id='word_1_13' title='bbox 762 374 973 417; x_wconf 85' lang='lat' dir='ltr'>Cotisonis</span> <span class='ocrx_word' id='word_1_14' title='bbox 1005 388 1183 430; x_wconf 79' lang='lat' dir='ltr'>agmen,</span> 
     </span>
     <span class='ocr_line' id='line_1_5' title="bbox 429 453 1136 497; baseline -0.003 0"><span class='ocrx_word' id='word_1_15' title='bbox 429 455 577 497; x_wconf 88' lang='lat' dir='ltr'>Medus</span> <span class='ocrx_word' id='word_1_16' title='bbox 609 454 784 497; x_wconf 81' lang='lat' dir='ltr'>infestus</span> <span class='ocrx_word' id='word_1_17' title='bbox 816 454 895 496; x_wconf 88' lang='lat' dir='ltr'>sibi</span> <span class='ocrx_word' id='word_1_18' title='bbox 929 453 1136 497; x_wconf 91' lang='lat' dir='ltr'>luctuosis</span> 
     </span>
    </p>
   </div>
   <div class='ocr_carea' id='block_1_4' title="bbox 659 534 1030 580">
    <p class='ocr_par' dir='ltr' id='par_1_4' title="bbox 659 534 1030 580">
     <span class='ocr_line' id='line_1_6' title="bbox 659 534 1030 580; baseline 0 -4"><span class='ocrx_word' id='word_1_19' title='bbox 659 534 846 576; x_wconf 83' lang='lat' dir='ltr'>Dissidet</span> <span class='ocrx_word' id='word_1_20' title='bbox 876 534 1004 576; x_wconf 88' lang='lat' dir='ltr'>armis</span> <span class='ocrx_word' id='word_1_21' title='bbox 1023 569 1030 580; x_wconf 83' lang='lat'>‚</span> 
     </span>
    </p>
   </div>
   <div class='ocr_carea' id='block_1_5' title="bbox 243 638 1599 729">
    <p class='ocr_par' dir='ltr' id='par_1_5' title="bbox 243 638 1599 729">
     <span class='ocr_line' id='line_1_7' title="bbox 291 638 1599 681; baseline 0 -9"><span class='ocrx_word' id='word_1_22' title='bbox 291 642 336 672; x_wconf 81' lang='grc'>17.</span> <span class='ocrx_word' id='word_1_23' title='bbox 363 641 468 673; x_wconf 73' lang='lat' dir='ltr'>civilis</span> <span class='ocrx_word' id='word_1_24' title='bbox 490 641 526 672; x_wconf 95' lang='lat' dir='ltr'>B.</span> <span class='ocrx_word' id='word_1_25' title='bbox 557 659 592 663; x_wconf 76' lang='lat'>-</span> <span class='ocrx_word' id='word_1_26' title='bbox 625 641 671 672; x_wconf 79' lang='grc'>18.</span> <span class='ocrx_word' id='word_1_27' title='bbox 700 641 921 672; x_wconf 83' lang='lat' dir='ltr'>«Torrentius</span> <span class='ocrx_word' id='word_1_28' title='bbox 946 643 1121 672; x_wconf 81' lang='lat' dir='ltr'>memorat</span> <span class='ocrx_word' id='word_1_29' title='bbox 1144 638 1252 671; x_wconf 86' lang='lat' dir='ltr'>multo</span> <span class='ocrx_word' id='word_1_30' title='bbox 1278 639 1397 681; x_wconf 87' lang='lat' dir='ltr'>plures</span> <span class='ocrx_word' id='word_1_31' title='bbox 1422 642 1455 671; x_wconf 83' lang='lat' dir='ltr'>et</span> <span class='ocrx_word' id='word_1_32' title='bbox 1479 639 1599 672; x_wconf 81' lang='lat' dir='ltr'>melio-</span> 
     </span>
     <span class='ocr_line' id='line_1_8' title="bbox 243 688 1591 729; baseline -0.001 -7"><span class='ocrx_word' id='word_1_33' title='bbox 243 699 298 722; x_wconf 89' lang='lat' dir='ltr'>res</span> <span class='ocrx_word' id='word_1_34' title='bbox 323 699 365 721; x_wconf 81' lang='lat' dir='ltr'>ex</span> <span class='ocrx_word' id='word_1_35' title='bbox 389 691 460 722; x_wconf 90' lang='lat' dir='ltr'>suis</span> <span class='ocrx_word' id='word_1_36' title='bbox 486 690 618 721; x_wconf 86' lang='lat' dir='ltr'>habere</span> <span class='ocrx_word' id='word_1_37' title='bbox 643 690 836 727; x_wconf 76' lang='lat' dir='ltr'>Cotisontts,</span> <span class='ocrx_word' id='word_1_38' title='bbox 874 689 967 729; x_wconf 82' lang='lat' dir='ltr'>quod</span> <span class='ocrx_word' id='word_1_39' title='bbox 992 689 1048 719; x_wconf 77' lang='lat' dir='ltr'>vix</span> <span class='ocrx_word' id='word_1_40' title='bbox 1074 688 1242 720; x_wconf 75' lang='lat' dir='ltr'>credibile</span> <span class='ocrx_word' id='word_1_41' title='bbox 1279 691 1366 721; x_wconf 86' lang='lat' dir='ltr'>est.»</span> <span class='ocrx_word' id='word_1_42' title='bbox 1407 690 1526 721; x_wconf 63' lang='grc' dir='ltr'>ΒΕΝϊι.</span> <span class='ocrx_word' id='word_1_43' title='bbox 1557 707 1591 712; x_wconf 90' lang='lat'>-</span> 
     </span>
    </p>
   </div>
   <div class='ocr_carea' id='block_1_6' title="bbox 244 739 918 779">
    <p class='ocr_par' dir='ltr' id='par_1_6' title="bbox 244 739 918 779">
     <span class='ocr_line' id='line_1_9' title="bbox 244 739 918 779; baseline 0 -9"><span class='ocrx_word' id='word_1_44' title='bbox 244 740 294 770; x_wconf 67' lang='lat'>⁴9,</span> <span class='ocrx_word' id='word_1_45' title='bbox 337 740 459 779; x_wconf 79' lang='lat' dir='ltr'>infestis</span> <span class='ocrx_word' id='word_1_46' title='bbox 491 740 550 770; x_wconf 75' lang='lat' dir='ltr'>sibe·</span> <span class='ocrx_word' id='word_1_47' title='bbox 585 739 738 770; x_wconf 72' lang='lat' dir='ltr'>luctuosis</span> <span class='ocrx_word' id='word_1_48' title='bbox 774 739 845 779; x_wconf 84' lang='lat' dir='ltr'>(Sic)</span> <span class='ocrx_word' id='word_1_49' title='bbox 872 740 918 777; x_wconf 90' lang='lat' dir='ltr'>T,</span> 
     </span>
    </p>
   </div>
   <div class='ocr_carea' id='block_1_7' title="bbox 961 738 1591 778">
    <p class='ocr_par' dir='ltr' id='par_1_7' title="bbox 961 738 1591 778">
     <span class='ocr_line' id='line_1_10' title="bbox 961 738 1591 778; baseline 0 -9"><span class='ocrx_word' id='word_1_50' title='bbox 961 738 1083 778; x_wconf 76' lang='lat' dir='ltr'>infestis</span> <span class='ocrx_word' id='word_1_51' title='bbox 1117 738 1175 768; x_wconf 79' lang='lat' dir='ltr'>sibi</span> <span class='ocrx_word' id='word_1_52' title='bbox 1210 739 1375 769; x_wconf 79' lang='lat' dir='ltr'>luctuosus</span> <span class='ocrx_word' id='word_1_53' title='bbox 1399 747 1480 770; x_wconf 75' lang='lat' dir='ltr'>cum</span> <span class='ocrx_word' id='word_1_54' title='bbox 1506 738 1591 770; x_wconf 65' lang='lat' dir='ltr'>(lod.</span> 
     </span>
    </p>
   </div>
   <div class='ocr_carea' id='block_1_8' title="bbox 242 786 1326 829">
    <p class='ocr_par' dir='ltr' id='par_1_8' title="bbox 242 786 1326 829">
     <span class='ocr_line' id='line_1_11' title="bbox 242 786 1326 829; baseline -0.003 -9"><span class='ocrx_word' id='word_1_55' title='bbox 242 788 393 820; x_wconf 86' lang='lat' dir='ltr'>Galeano</span> <span class='ocrx_word' id='word_1_56' title='bbox 420 788 531 829; x_wconf 86' lang='lat' dir='ltr'>(nobis</span> <span class='ocrx_word' id='word_1_57' title='bbox 555 786 591 828; x_wconf 74' lang='grc' dir='ltr'>ξ)</span> <span class='ocrx_word' id='word_1_58' title='bbox 615 789 654 819; x_wconf 83' lang='lat' dir='ltr'>N.</span> <span class='ocrx_word' id='word_1_59' title='bbox 682 788 812 820; x_wconf 83' lang='lat' dir='ltr'>Heinsii</span> <span class='ocrx_word' id='word_1_60' title='bbox 837 788 925 818; x_wconf 86' lang='lat' dir='ltr'>coni.</span> <span class='ocrx_word' id='word_1_61' title='bbox 953 787 1114 818; x_wconf 85' lang='lat' dir='ltr'>firmante</span> <span class='ocrx_word' id='word_1_62' title='bbox 1138 786 1326 819; x_wconf 90' lang='lat' dir='ltr'>Bentleius.</span> 
     </span>
    </p>
   </div>
   <div class='ocr_carea' id='block_1_9' title="bbox 185 872 894 2770">
    <p class='ocr_par' dir='ltr' id='par_1_9' title="bbox 194 872 894 1159">
     <span class='ocr_line' id='line_1_12' title="bbox 203 872 894 913; baseline -0.001 -8"><span class='ocrx_word' id='word_1_63' title='bbox 203 874 254 910; x_wconf 77' lang='lat'>19,</span> <span class='ocrx_word' id='word_1_64' title='bbox 288 874 364 905; x_wconf 75' lang='lat'>195:</span> <span class='ocrx_word' id='word_1_65' title='bbox 407 875 472 905; x_wconf 81' lang='lat' dir='ltr'>iam</span> <span class='ocrx_word' id='word_1_66' title='bbox 509 874 706 905; x_wconf 69' lang='lat' dir='ltr'>dormitante</span> <span class='ocrx_word' id='word_1_67' title='bbox 729 872 894 913; x_wconf 65' lang='lat' dir='ltr'>lucerna.)</span> 
     </span>
     <span class='ocr_line' id='line_1_13' title="bbox 197 922 893 963; baseline -0.003 -9"><span class='ocrx_word' id='word_1_68' title='bbox 197 924 251 954; x_wconf 84' lang='lat' dir='ltr'>Sic</span> <span class='ocrx_word' id='word_1_69' title='bbox 289 924 383 954; x_wconf 84' lang='lat' dir='ltr'>enim</span> <span class='ocrx_word' id='word_1_70' title='bbox 413 922 504 954; x_wconf 86' lang='lat' dir='ltr'>malo</span> <span class='ocrx_word' id='word_1_71' title='bbox 541 922 762 963; x_wconf 90' lang='lat' dir='ltr'>interpretari</span> <span class='ocrx_word' id='word_1_72' title='bbox 787 930 893 962; x_wconf 80' lang='lat' dir='ltr'>quani</span> 
     </span>
     <span class='ocr_line' id='line_1_14' title="bbox 197 970 894 1013; baseline -0.001 -10"><span class='ocrx_word' id='word_1_73' title='bbox 197 980 278 1003; x_wconf 88' lang='lat' dir='ltr'>cum</span> <span class='ocrx_word' id='word_1_74' title='bbox 315 971 526 1004; x_wconf 86' lang='lat' dir='ltr'>Forcellino:</span> <span class='ocrx_word' id='word_1_75' title='bbox 565 986 579 1000; x_wconf 79' lang='lat' dir='ltr'>u</span> <span class='ocrx_word' id='word_1_76' title='bbox 593 972 636 1003; x_wconf 85' lang='lat' dir='ltr'>ad</span> <span class='ocrx_word' id='word_1_77' title='bbox 661 981 749 1013; x_wconf 91' lang='lat' dir='ltr'>quas</span> <span class='ocrx_word' id='word_1_78' title='bbox 772 970 894 1012; x_wconf 82' lang='lat' dir='ltr'>vigila—</span> 
     </span>
     <span class='ocr_line' id='line_1_15' title="bbox 197 1019 893 1062; baseline 0 -10"><span class='ocrx_word' id='word_1_79' title='bbox 197 1019 292 1053; x_wconf 72' lang='lat' dir='ltr'>turzn</span> <span class='ocrx_word' id='word_1_80' title='bbox 334 1023 399 1053; x_wconf 86' lang='lat' dir='ltr'>etsi</span> <span class='ocrx_word' id='word_1_81' title='bbox 435 1022 501 1053; x_wconf 91' lang='lat' dir='ltr'>hoc</span> <span class='ocrx_word' id='word_1_82' title='bbox 537 1022 651 1062; x_wconf 88' lang='lat' dir='ltr'>ipsum</span> <span class='ocrx_word' id='word_1_83' title='bbox 687 1031 729 1053; x_wconf 87' lang='lat' dir='ltr'>ex</span> <span class='ocrx_word' id='word_1_84' title='bbox 770 1029 893 1052; x_wconf 87' lang='lat' dir='ltr'>earum</span> 
     </span>
     <span class='ocr_line' id='line_1_16' title="bbox 194 1071 893 1111; baseline -0.001 -9"><span class='ocrx_word' id='word_1_85' title='bbox 194 1079 259 1111; x_wconf 90' lang='lat' dir='ltr'>per</span> <span class='ocrx_word' id='word_1_86' title='bbox 283 1073 422 1102; x_wconf 81' lang='lat' dir='ltr'>noctem</span> <span class='ocrx_word' id='word_1_87' title='bbox 447 1072 646 1103; x_wconf 89' lang='lat' dir='ltr'>continuato</span> <span class='ocrx_word' id='word_1_88' title='bbox 664 1071 790 1102; x_wconf 90' lang='lat' dir='ltr'>ardore</span> <span class='ocrx_word' id='word_1_89' title='bbox 808 1079 893 1101; x_wconf 92' lang='lat' dir='ltr'>con-</span> 
     </span>
     <span class='ocr_line' id='line_1_17' title="bbox 198 1121 369 1159; baseline -0.006 -7"><span class='ocrx_word' id='word_1_90' title='bbox 198 1121 369 1159; x_wconf 86' lang='lat' dir='ltr'>sequitur.</span> 
     </span>
    </p>

    <p class='ocr_par' dir='ltr' id='par_1_10' title="bbox 189 1168 890 2189">
     <span class='ocr_line' id='line_1_18' title="bbox 236 1168 889 1210; baseline -0.002 -10"><span class='ocrx_word' id='word_1_91' title='bbox 236 1170 287 1200; x_wconf 78' lang='grc'>16.</span> <span class='ocrx_word' id='word_1_92' title='bbox 303 1169 435 1200; x_wconf 82' lang='lat' dir='ltr'>Clamor</span> <span class='ocrx_word' id='word_1_93' title='bbox 444 1172 474 1200; x_wconf 84' lang='lat' dir='ltr'>et</span> <span class='ocrx_word' id='word_1_94' title='bbox 484 1168 547 1210; x_wconf 74' lang='lat' dir='ltr'>ira]</span> <span class='ocrx_word' id='word_1_95' title='bbox 559 1169 670 1200; x_wconf 90' lang='lat' dir='ltr'>«inter</span> <span class='ocrx_word' id='word_1_96' title='bbox 682 1177 756 1207; x_wconf 88' lang='lat' dir='ltr'>nos,</span> <span class='ocrx_word' id='word_1_97' title='bbox 769 1170 889 1209; x_wconf 87' lang='lat' dir='ltr'>utpote</span> 
     </span>
     <span class='ocr_line' id='line_1_19' title="bbox 195 1217 890 1258; baseline -0.001 -9"><span class='ocrx_word' id='word_1_98' title='bbox 195 1218 250 1249; x_wconf 86' lang='lat' dir='ltr'>die</span> <span class='ocrx_word' id='word_1_99' title='bbox 276 1218 383 1256; x_wconf 84' lang='lat' dir='ltr'>festo,</span> <span class='ocrx_word' id='word_1_100' title='bbox 410 1226 517 1258; x_wconf 89' lang='lat' dir='ltr'>quem</span> <span class='ocrx_word' id='word_1_101' title='bbox 543 1218 575 1249; x_wconf 91' lang='lat' dir='ltr'>in</span> <span class='ocrx_word' id='word_1_102' title='bbox 594 1218 766 1250; x_wconf 80' lang='lat' dir='ltr'>honorem</span> <span class='ocrx_word' id='word_1_103' title='bbox 783 1217 890 1248; x_wconf 89' lang='lat' dir='ltr'>deum</span> 
     </span>
     <span class='ocr_line' id='line_1_20' title="bbox 193 1266 890 1308; baseline -0.003 -10"><span class='ocrx_word' id='word_1_104' title='bbox 193 1266 412 1298; x_wconf 83' lang='lat' dir='ltr'>celebratum</span> <span class='ocrx_word' id='word_1_105' title='bbox 431 1266 509 1298; x_wconf 82' lang='lat' dir='ltr'>talia</span> <span class='ocrx_word' id='word_1_106' title='bbox 534 1266 736 1308; x_wconf 79' lang='lat' dir='ltr'>profanant,</span> <span class='ocrx_word' id='word_1_107' title='bbox 763 1274 890 1306; x_wconf 87' lang='lat' dir='ltr'>quem-</span> 
     </span>
     <span class='ocr_line' id='line_1_21' title="bbox 193 1316 888 1357; baseline 0 -10"><span class='ocrx_word' id='word_1_108' title='bbox 193 1325 261 1356; x_wconf 86' lang='lat' dir='ltr'>que</span> <span class='ocrx_word' id='word_1_109' title='bbox 279 1318 440 1357; x_wconf 82' lang='lat' dir='ltr'>potantes</span> <span class='ocrx_word' id='word_1_110' title='bbox 457 1325 522 1356; x_wconf 82' lang='lat' dir='ltr'>per</span> <span class='ocrx_word' id='word_1_111' title='bbox 537 1324 714 1347; x_wconf 81' lang='lat' dir='ltr'>summani</span> <span class='ocrx_word' id='word_1_112' title='bbox 732 1316 888 1355; x_wconf 85' lang='lat' dir='ltr'>quietem</span> 
     </span>
     <span class='ocr_line' id='line_1_22' title="bbox 193 1364 888 1405; baseline -0.003 -9"><span class='ocrx_word' id='word_1_113' title='bbox 193 1366 460 1405; x_wconf 77' lang='lat' dir='ltr'>transigemus.»</span> <span class='ocrx_word' id='word_1_114' title='bbox 491 1365 652 1396; x_wconf 74' lang='lat' dir='ltr'>Horatius</span> <span class='ocrx_word' id='word_1_115' title='bbox 665 1365 778 1396; x_wconf 91' lang='lat' dir='ltr'>amico</span> <span class='ocrx_word' id='word_1_116' title='bbox 789 1364 888 1404; x_wconf 84' lang='lat' dir='ltr'>quasi</span> 
     </span>
     <span class='ocr_line' id='line_1_23' title="bbox 192 1413 886 1454; baseline -0.003 -9"><span class='ocrx_word' id='word_1_117' title='bbox 192 1414 339 1454; x_wconf 83' lang='lat' dir='ltr'>spondet</span> <span class='ocrx_word' id='word_1_118' title='bbox 363 1414 457 1444; x_wconf 81' lang='lat' dir='ltr'>afore</span> <span class='ocrx_word' id='word_1_119' title='bbox 475 1413 519 1444; x_wconf 88' lang='lat' dir='ltr'>ab</span> <span class='ocrx_word' id='word_1_120' title='bbox 541 1414 608 1444; x_wconf 82' lang='lat' dir='ltr'>hac</span> <span class='ocrx_word' id='word_1_121' title='bbox 626 1414 886 1454; x_wconf 85' lang='lat' dir='ltr'>compotatione</span> 
     </span>
     <span class='ocr_line' id='line_1_24' title="bbox 193 1462 888 1503; baseline -0.001 -10"><span class='ocrx_word' id='word_1_122' title='bbox 193 1463 440 1495; x_wconf 83' lang='lat' dir='ltr'>altercationes</span> <span class='ocrx_word' id='word_1_123' title='bbox 466 1465 501 1494; x_wconf 89' lang='lat' dir='ltr'>et</span> <span class='ocrx_word' id='word_1_124' title='bbox 525 1463 650 1503; x_wconf 80' lang='lat' dir='ltr'>iurgia,</span> <span class='ocrx_word' id='word_1_125' title='bbox 683 1471 774 1503; x_wconf 88' lang='lat' dir='ltr'>quae</span> <span class='ocrx_word' id='word_1_126' title='bbox 798 1462 888 1493; x_wconf 90' lang='lat' dir='ltr'>inter</span> 
     </span>
     <span class='ocr_line' id='line_1_25' title="bbox 193 1511 889 1553; baseline -0.001 -10"><span class='ocrx_word' id='word_1_127' title='bbox 193 1513 288 1544; x_wconf 88' lang='lat' dir='ltr'>bene</span> <span class='ocrx_word' id='word_1_128' title='bbox 309 1514 409 1553; x_wconf 90' lang='lat' dir='ltr'>potos</span> <span class='ocrx_word' id='word_1_129' title='bbox 431 1512 527 1544; x_wconf 85' lang='lat' dir='ltr'>nasci</span> <span class='ocrx_word' id='word_1_130' title='bbox 541 1511 664 1544; x_wconf 87' lang='lat' dir='ltr'>solent.</span> <span class='ocrx_word' id='word_1_131' title='bbox 692 1511 792 1550; x_wconf 91' lang='lat' dir='ltr'>Quod</span> <span class='ocrx_word' id='word_1_132' title='bbox 809 1520 889 1552; x_wconf 90' lang='lat' dir='ltr'>pro-</span> 
     </span>
     <span class='ocr_line' id='line_1_26' title="bbox 192 1560 887 1593; baseline 0 -1"><span class='ocrx_word' id='word_1_133' title='bbox 192 1562 339 1593; x_wconf 89' lang='lat' dir='ltr'>missum</span> <span class='ocrx_word' id='word_1_134' title='bbox 371 1570 452 1592; x_wconf 88' lang='lat' dir='ltr'>cum</span> <span class='ocrx_word' id='word_1_135' title='bbox 474 1560 681 1592; x_wconf 78' lang='lat' dir='ltr'>&#39;abhorreat</span> <span class='ocrx_word' id='word_1_136' title='bbox 710 1570 729 1592; x_wconf 91' lang='lat' dir='ltr'>a</span> <span class='ocrx_word' id='word_1_137' title='bbox 760 1561 887 1592; x_wconf 86' lang='lat' dir='ltr'>nostris</span> 
     </span>
     <span class='ocr_line' id='line_1_27' title="bbox 191 1609 887 1651; baseline -0.003 -9"><span class='ocrx_word' id='word_1_138' title='bbox 191 1610 366 1648; x_wconf 85' lang='lat' dir='ltr'>moribus,</span> <span class='ocrx_word' id='word_1_139' title='bbox 387 1609 440 1641; x_wconf 87' lang='lat' dir='ltr'>alii</span> <span class='ocrx_word' id='word_1_140' title='bbox 458 1609 557 1641; x_wconf 88' lang='lat' dir='ltr'>aliter</span> <span class='ocrx_word' id='word_1_141' title='bbox 574 1610 791 1651; x_wconf 86' lang='lat' dir='ltr'>interpretati</span> <span class='ocrx_word' id='word_1_142' title='bbox 807 1612 887 1641; x_wconf 90' lang='lat' dir='ltr'>sunt</span> 
     </span>
     <span class='ocr_line' id='line_1_28' title="bbox 190 1659 884 1700; baseline -0.001 -9"><span class='ocrx_word' id='word_1_143' title='bbox 190 1659 490 1691; x_wconf 79' lang='lat' dir='ltr'>accommodatius</span> <span class='ocrx_word' id='word_1_144' title='bbox 521 1659 565 1691; x_wconf 91' lang='lat' dir='ltr'>ad</span> <span class='ocrx_word' id='word_1_145' title='bbox 594 1660 682 1691; x_wconf 86' lang='lat' dir='ltr'>haec</span> <span class='ocrx_word' id='word_1_146' title='bbox 712 1662 884 1700; x_wconf 81' lang='lat' dir='ltr'>tempora,</span> 
     </span>
     <span class='ocr_line' id='line_1_29' title="bbox 191 1709 884 1749; baseline 0 -9"><span class='ocrx_word' id='word_1_147' title='bbox 191 1709 254 1741; x_wconf 84' lang='lat' dir='ltr'>sed</span> <span class='ocrx_word' id='word_1_148' title='bbox 277 1717 402 1749; x_wconf 88' lang='lat' dir='ltr'>parum</span> <span class='ocrx_word' id='word_1_149' title='bbox 426 1709 677 1740; x_wconf 69' lang='lat' dir='ltr'>convenienter</span> <span class='ocrx_word' id='word_1_150' title='bbox 700 1709 745 1740; x_wconf 91' lang='lat' dir='ltr'>ad</span> <span class='ocrx_word' id='word_1_151' title='bbox 760 1711 884 1749; x_wconf 83' lang='lat' dir='ltr'>poetae</span> 
     </span>
     <span class='ocr_line' id='line_1_30' title="bbox 189 1757 884 1797; baseline 0 -8"><span class='ocrx_word' id='word_1_152' title='bbox 189 1758 317 1789; x_wconf 71' lang='lat' dir='ltr'>verba:</span> <span class='ocrx_word' id='word_1_153' title='bbox 345 1759 372 1797; x_wconf 76' lang='lat' dir='ltr'>l)</span> <span class='ocrx_word' id='word_1_154' title='bbox 394 1759 483 1789; x_wconf 85' lang='lat' dir='ltr'>«Nos</span> <span class='ocrx_word' id='word_1_155' title='bbox 496 1767 566 1790; x_wconf 88' lang='lat' dir='ltr'>non</span> <span class='ocrx_word' id='word_1_156' title='bbox 579 1758 781 1790; x_wconf 82' lang='lat' dir='ltr'>curabimus</span> <span class='ocrx_word' id='word_1_157' title='bbox 793 1757 884 1790; x_wconf 89' lang='lat' dir='ltr'>bella</span> 
     </span>
     <span class='ocr_line' id='line_1_31' title="bbox 190 1807 886 1848; baseline -0.001 -8"><span class='ocrx_word' id='word_1_158' title='bbox 190 1810 224 1840; x_wconf 87' lang='lat' dir='ltr'>et</span> <span class='ocrx_word' id='word_1_159' title='bbox 247 1816 382 1848; x_wconf 80' lang='lat' dir='ltr'>pugnas</span> <span class='ocrx_word' id='word_1_160' title='bbox 406 1816 471 1839; x_wconf 92' lang='lat' dir='ltr'>nec</span> <span class='ocrx_word' id='word_1_161' title='bbox 488 1807 808 1839; x_wconf 85' lang='lat' dir='ltr'>sermocinabimur</span> <span class='ocrx_word' id='word_1_162' title='bbox 832 1809 886 1839; x_wconf 87' lang='lat' dir='ltr'>in-</span> 
     </span>
     <span class='ocr_line' id='line_1_32' title="bbox 190 1857 886 1898; baseline 0 -10"><span class='ocrx_word' id='word_1_163' title='bbox 190 1859 243 1888; x_wconf 93' lang='lat' dir='ltr'>ter</span> <span class='ocrx_word' id='word_1_164' title='bbox 267 1858 345 1888; x_wconf 70' lang='lat' dir='ltr'>vina</span> <span class='ocrx_word' id='word_1_165' title='bbox 371 1857 414 1888; x_wconf 88' lang='lat' dir='ltr'>de</span> <span class='ocrx_word' id='word_1_166' title='bbox 439 1858 586 1898; x_wconf 89' lang='lat' dir='ltr'>strepitu</span> <span class='ocrx_word' id='word_1_167' title='bbox 610 1858 645 1888; x_wconf 92' lang='lat' dir='ltr'>et</span> <span class='ocrx_word' id='word_1_168' title='bbox 675 1857 792 1889; x_wconf 83' lang='lat' dir='ltr'>furore</span> <span class='ocrx_word' id='word_1_169' title='bbox 818 1866 886 1898; x_wconf 89' lang='lat' dir='ltr'>pu-</span> 
     </span>
     <span class='ocr_line' id='line_1_33' title="bbox 190 1905 882 1946; baseline 0.001 -10"><span class='ocrx_word' id='word_1_170' title='bbox 190 1907 404 1946; x_wconf 81' lang='lat' dir='ltr'>gnantium.»</span> <span class='ocrx_word' id='word_1_171' title='bbox 462 1906 493 1945; x_wconf 69' lang='lat'>2)</span> <span class='ocrx_word' id='word_1_172' title='bbox 530 1907 598 1937; x_wconf 73' lang='lat' dir='ltr'>«Ne</span> <span class='ocrx_word' id='word_1_173' title='bbox 635 1905 780 1938; x_wconf 88' lang='lat' dir='ltr'>clientes</span> <span class='ocrx_word' id='word_1_174' title='bbox 815 1906 882 1945; x_wconf 89' lang='lat' dir='ltr'>tui,</span> 
     </span>
     <span class='ocr_line' id='line_1_34' title="bbox 190 1955 885 1996; baseline 0.003 -12"><span class='ocrx_word' id='word_1_175' title='bbox 190 1963 340 1994; x_wconf 85' lang='lat' dir='ltr'>quorum</span> <span class='ocrx_word' id='word_1_176' title='bbox 377 1963 477 1987; x_wconf 88' lang='lat' dir='ltr'>mens</span> <span class='ocrx_word' id='word_1_177' title='bbox 512 1957 565 1986; x_wconf 88' lang='lat' dir='ltr'>est</span> <span class='ocrx_word' id='word_1_178' title='bbox 596 1956 629 1986; x_wconf 89' lang='lat' dir='ltr'>in</span> <span class='ocrx_word' id='word_1_179' title='bbox 659 1955 811 1996; x_wconf 83' lang='lat' dir='ltr'>querelis</span> <span class='ocrx_word' id='word_1_180' title='bbox 843 1964 885 1986; x_wconf 91' lang='lat' dir='ltr'>ac</span> 
     </span>
     <span class='ocr_line' id='line_1_35' title="bbox 190 2002 886 2043; baseline 0 -9"><span class='ocrx_word' id='word_1_181' title='bbox 190 2002 307 2034; x_wconf 88' lang='lat' dir='ltr'>litibus</span> <span class='ocrx_word' id='word_1_182' title='bbox 332 2003 421 2041; x_wconf 75' lang='lat' dir='ltr'>suis,</span> <span class='ocrx_word' id='word_1_183' title='bbox 448 2003 515 2034; x_wconf 89' lang='lat' dir='ltr'>hoc</span> <span class='ocrx_word' id='word_1_184' title='bbox 539 2003 663 2043; x_wconf 80' lang='lat' dir='ltr'>geniali</span> <span class='ocrx_word' id='word_1_185' title='bbox 689 2004 744 2035; x_wconf 90' lang='lat' dir='ltr'>die</span> <span class='ocrx_word' id='word_1_186' title='bbox 771 2006 803 2035; x_wconf 86' lang='lat' dir='ltr'>te</span> <span class='ocrx_word' id='word_1_187' title='bbox 829 2012 886 2034; x_wconf 88' lang='lat' dir='ltr'>oc-</span> 
     </span>
     <span class='ocr_line' id='line_1_36' title="bbox 190 2052 885 2093; baseline 0 -10"><span class='ocrx_word' id='word_1_188' title='bbox 190 2054 355 2093; x_wconf 85' lang='lat' dir='ltr'>cupatum</span> <span class='ocrx_word' id='word_1_189' title='bbox 399 2054 540 2083; x_wconf 83' lang='lat' dir='ltr'>teneant</span> <span class='ocrx_word' id='word_1_190' title='bbox 581 2052 735 2092; x_wconf 86' lang='lat' dir='ltr'>mihique</span> <span class='ocrx_word' id='word_1_191' title='bbox 772 2052 885 2084; x_wconf 88' lang='lat' dir='ltr'>dene-</span> 
     </span>
     <span class='ocr_line' id='line_1_37' title="bbox 189 2100 885 2142; baseline 0 -10"><span class='ocrx_word' id='word_1_192' title='bbox 189 2104 305 2142; x_wconf 78' lang='lat' dir='ltr'>gent.»</span> <span class='ocrx_word' id='word_1_193' title='bbox 340 2101 404 2139; x_wconf 89' lang='lat' dir='ltr'>(Sic</span> <span class='ocrx_word' id='word_1_194' title='bbox 432 2100 649 2132; x_wconf 83' lang='lat' dir='ltr'>Medenbach</span> <span class='ocrx_word' id='word_1_195' title='bbox 672 2101 826 2133; x_wconf 82' lang='lat' dir='ltr'>Wakker</span> <span class='ocrx_word' id='word_1_196' title='bbox 852 2103 885 2132; x_wconf 92' lang='lat' dir='ltr'>et</span> 
     </span>
     <span class='ocr_line' id='line_1_38' title="bbox 189 2150 351 2189; baseline -0.012 -7"><span class='ocrx_word' id='word_1_197' title='bbox 189 2150 351 2189; x_wconf 70' lang='lat' dir='ltr'>Luhker.)</span> 
     </span>
    </p>

    <p class='ocr_par' dir='ltr' id='par_1_11' title="bbox 185 2198 885 2770">
     <span class='ocr_line' id='line_1_39' title="bbox 233 2198 885 2240; baseline -0.002 -9"><span class='ocrx_word' id='word_1_198' title='bbox 233 2201 284 2231; x_wconf 74' lang='lat'>47.</span> <span class='ocrx_word' id='word_1_199' title='bbox 310 2208 408 2238; x_wconf 80' lang='lat' dir='ltr'>super</span> <span class='ocrx_word' id='word_1_200' title='bbox 424 2198 513 2239; x_wconf 79' lang='lat' dir='ltr'>urbe]</span> <span class='ocrx_word' id='word_1_201' title='bbox 538 2199 703 2239; x_wconf 83' lang='lat' dir='ltr'>quoniam</span> <span class='ocrx_word' id='word_1_202' title='bbox 731 2207 885 2240; x_wconf 87' lang='lat' dir='ltr'>praepo-</span> 
     </span>
     <span class='ocr_line' id='line_1_40' title="bbox 188 2248 884 2289; baseline -0.001 -9"><span class='ocrx_word' id='word_1_203' title='bbox 188 2250 274 2280; x_wconf 82' lang='lat' dir='ltr'>situs</span> <span class='ocrx_word' id='word_1_204' title='bbox 292 2249 369 2280; x_wconf 92' lang='lat' dir='ltr'>urbi</span> <span class='ocrx_word' id='word_1_205' title='bbox 387 2250 476 2287; x_wconf 86' lang='lat' dir='ltr'>erat,</span> <span class='ocrx_word' id='word_1_206' title='bbox 497 2248 642 2280; x_wconf 87' lang='lat' dir='ltr'>absente</span> <span class='ocrx_word' id='word_1_207' title='bbox 661 2250 696 2280; x_wconf 89' lang='lat' dir='ltr'>et</span> <span class='ocrx_word' id='word_1_208' title='bbox 713 2250 884 2289; x_wconf 86' lang='lat' dir='ltr'>occupato</span> 
     </span>
     <span class='ocr_line' id='line_1_41' title="bbox 189 2297 882 2337; baseline -0.001 -8"><span class='ocrx_word' id='word_1_209' title='bbox 189 2299 222 2329; x_wconf 90' lang='lat' dir='ltr'>in</span> <span class='ocrx_word' id='word_1_210' title='bbox 240 2298 379 2329; x_wconf 88' lang='lat' dir='ltr'>Oriente</span> <span class='ocrx_word' id='word_1_211' title='bbox 404 2299 569 2337; x_wconf 80' lang='lat' dir='ltr'>Augusto.</span> <span class='ocrx_word' id='word_1_212' title='bbox 602 2298 707 2328; x_wconf 86' lang='lat' dir='ltr'>Tacit.</span> <span class='ocrx_word' id='word_1_213' title='bbox 734 2299 822 2328; x_wconf 78' lang='lat' dir='ltr'>Ann.</span> <span class='ocrx_word' id='word_1_214' title='bbox 851 2297 882 2336; x_wconf 81' lang='lat'>6,</span> 
     </span>
     <span class='ocr_line' id='line_1_42' title="bbox 190 2346 883 2387; baseline -0.001 -9"><span class='ocrx_word' id='word_1_215' title='bbox 190 2348 246 2378; x_wconf 77' lang='lat' dir='ltr'>tt:</span> <span class='ocrx_word' id='word_1_216' title='bbox 287 2347 454 2387; x_wconf 68' lang='lat' dir='ltr'>Augustus</span> <span class='ocrx_word' id='word_1_217' title='bbox 477 2346 566 2378; x_wconf 86' lang='lat' dir='ltr'>bellis</span> <span class='ocrx_word' id='word_1_218' title='bbox 587 2346 734 2378; x_wconf 76' lang='lat' dir='ltr'>civilibus</span> <span class='ocrx_word' id='word_1_219' title='bbox 765 2347 883 2386; x_wconf 85' lang='lat' dir='ltr'>&lt;etiam</span> 
     </span>
     <span class='ocr_line' id='line_1_43' title="bbox 187 2394 882 2436; baseline 0.001 -10"><span class='ocrx_word' id='word_1_220' title='bbox 187 2397 330 2436; x_wconf 78' lang='lat' dir='ltr'>postea,</span> <span class='ocrx_word' id='word_1_221' title='bbox 357 2395 415 2426; x_wconf 91' lang='lat' dir='ltr'>ubi</span> <span class='ocrx_word' id='word_1_222' title='bbox 433 2394 553 2435; x_wconf 86' lang='lat' dir='ltr'>procul</span> <span class='ocrx_word' id='word_1_223' title='bbox 571 2394 694 2427; x_wconf 85' lang='lat' dir='ltr'>aberat</span> <span class='ocrx_word' id='word_1_224' title='bbox 716 2395 760 2427; x_wconf 86' lang='lat' dir='ltr'>ab</span> <span class='ocrx_word' id='word_1_225' title='bbox 783 2395 882 2435; x_wconf 86' lang='lat' dir='ltr'>urbe)</span> 
     </span>
     <span class='ocr_line' id='line_1_44' title="bbox 189 2444 884 2483; baseline 0 -8"><span class='ocrx_word' id='word_1_226' title='bbox 189 2444 329 2475; x_wconf 78' lang='lat' dir='ltr'>Cilnium</span> <span class='ocrx_word' id='word_1_227' title='bbox 365 2444 604 2483; x_wconf 79' lang='lat' dir='ltr'>Maecenatem,</span> <span class='ocrx_word' id='word_1_228' title='bbox 642 2445 800 2483; x_wconf 73' lang='lat' dir='ltr'>equestris</span> <span class='ocrx_word' id='word_1_229' title='bbox 826 2453 884 2475; x_wconf 82' lang='lat' dir='ltr'>or-</span> 
     </span>
     <span class='ocr_line' id='line_1_45' title="bbox 188 2493 885 2532; baseline 0 -9"><span class='ocrx_word' id='word_1_230' title='bbox 188 2493 287 2531; x_wconf 81' lang='lat' dir='ltr'>dinis,</span> <span class='ocrx_word' id='word_1_231' title='bbox 327 2493 451 2523; x_wconf 83' lang='lat' dir='ltr'>cunctis</span> <span class='ocrx_word' id='word_1_232' title='bbox 484 2494 574 2532; x_wconf 78' lang='lat' dir='ltr'>apud</span> <span class='ocrx_word' id='word_1_233' title='bbox 611 2494 748 2525; x_wconf 77' lang='lat' dir='ltr'>Romam</span> <span class='ocrx_word' id='word_1_234' title='bbox 785 2496 885 2532; x_wconf 82' lang='lat' dir='ltr'>atque</span> 
     </span>
     <span class='ocr_line' id='line_1_46' title="bbox 188 2542 883 2583; baseline 0 -11"><span class='ocrx_word' id='word_1_235' title='bbox 188 2542 318 2573; x_wconf 79' lang='lat' dir='ltr'>ltaliam</span> <span class='ocrx_word' id='word_1_236' title='bbox 341 2542 598 2581; x_wconf 77' lang='lat' dir='ltr'>praeposuit.</span> <span class='ocrx_word' id='word_1_237' title='bbox 622 2559 657 2564; x_wconf 89' lang='lat'>—-</span> <span class='ocrx_word' id='word_1_238' title='bbox 684 2543 805 2583; x_wconf 84' lang='lat' dir='ltr'>Praep.</span> <span class='ocrx_word' id='word_1_239' title='bbox 827 2550 883 2572; x_wconf 83' lang='lat' dir='ltr'>su-</span> 
     </span>
     <span class='ocr_line' id='line_1_47' title="bbox 185 2589 880 2631; baseline 0.001 -10"><span class='ocrx_word' id='word_1_240' title='bbox 185 2600 245 2630; x_wconf 82' lang='lat' dir='ltr'>per</span> <span class='ocrx_word' id='word_1_241' title='bbox 261 2591 311 2622; x_wconf 85' lang='lat' dir='ltr'>sic</span> <span class='ocrx_word' id='word_1_242' title='bbox 328 2592 395 2622; x_wconf 89' lang='lat' dir='ltr'>iam</span> <span class='ocrx_word' id='word_1_243' title='bbox 413 2590 504 2631; x_wconf 86' lang='lat' dir='ltr'>apud</span> <span class='ocrx_word' id='word_1_244' title='bbox 525 2589 630 2622; x_wconf 81' lang='lat' dir='ltr'>Plaut.</span> <span class='ocrx_word' id='word_1_245' title='bbox 652 2591 776 2622; x_wconf 85' lang='lat' dir='ltr'>Bacch.</span> <span class='ocrx_word' id='word_1_246' title='bbox 798 2591 880 2622; x_wconf 70' lang='lat'>⁴62:</span> 
     </span>
     <span class='ocr_line' id='line_1_48' title="bbox 189 2639 878 2680; baseline 0.003 -11"><span class='ocrx_word' id='word_1_247' title='bbox 189 2641 274 2679; x_wconf 77' lang='lat' dir='ltr'>(mid</span> <span class='ocrx_word' id='word_1_248' title='bbox 288 2641 446 2680; x_wconf 75' lang='lat' dir='ltr'>factitasti</span> <span class='ocrx_word' id='word_1_249' title='bbox 470 2641 636 2671; x_wconf 81' lang='lat' dir='ltr'>mandatis</span> <span class='ocrx_word' id='word_1_250' title='bbox 657 2639 784 2680; x_wconf 77' lang='lat' dir='ltr'>super?</span> <span class='ocrx_word' id='word_1_251' title='bbox 807 2641 878 2671; x_wconf 77' lang='lat' dir='ltr'>Cic.</span> 
     </span>
     <span class='ocr_line' id='line_1_49' title="bbox 189 2689 876 2730; baseline 0 -10"><span class='ocrx_word' id='word_1_252' title='bbox 189 2689 232 2720; x_wconf 87' lang='lat' dir='ltr'>ad</span> <span class='ocrx_word' id='word_1_253' title='bbox 256 2692 322 2721; x_wconf 79' lang='lat' dir='ltr'>Att.</span> <span class='ocrx_word' id='word_1_254' title='bbox 351 2689 410 2728; x_wconf 66' lang='lat' dir='ltr'>it,</span> <span class='ocrx_word' id='word_1_255' title='bbox 439 2690 495 2721; x_wconf 71' lang='lat'>22:</span> <span class='ocrx_word' id='word_1_256' title='bbox 521 2698 620 2729; x_wconf 78' lang='lat' dir='ltr'>super</span> <span class='ocrx_word' id='word_1_257' title='bbox 641 2690 813 2730; x_wconf 62' lang='lat' dir='ltr'>legatione.</span> <span class='ocrx_word' id='word_1_258' title='bbox 843 2706 876 2711; x_wconf 86' lang='lat'>—-</span> 
     </span>
     <span class='ocr_line' id='line_1_50' title="bbox 188 2738 878 2770; baseline 0 -1"><span class='ocrx_word' id='word_1_259' title='bbox 188 2739 297 2769; x_wconf 73' lang='lat' dir='ltr'>civiles</span> <span class='ocrx_word' id='word_1_260' title='bbox 326 2741 442 2770; x_wconf 79' lang='lat' dir='ltr'>autem</span> <span class='ocrx_word' id='word_1_261' title='bbox 474 2747 575 2770; x_wconf 72' lang='lat' dir='ltr'>curae</span> <span class='ocrx_word' id='word_1_262' title='bbox 603 2739 801 2770; x_wconf 78' lang='lat' dir='ltr'>referuntur</span> <span class='ocrx_word' id='word_1_263' title='bbox 835 2738 878 2769; x_wconf 87' lang='lat' dir='ltr'>ad</span> 
     </span>
    </p>
   </div>
   <div class='ocr_carea' id='block_1_10' title="bbox 932 873 1640 2780">
    <p class='ocr_par' dir='ltr' id='par_1_12' title="bbox 945 873 1640 1011">
     <span class='ocr_line' id='line_1_51' title="bbox 945 873 1640 910; baseline 0.004 -7"><span class='ocrx_word' id='word_1_264' title='bbox 945 880 1003 904; x_wconf 88' lang='lat' dir='ltr'>res</span> <span class='ocrx_word' id='word_1_265' title='bbox 1021 873 1221 910; x_wconf 87' lang='lat' dir='ltr'>intestinas,</span> <span class='ocrx_word' id='word_1_266' title='bbox 1242 873 1378 904; x_wconf 85' lang='lat' dir='ltr'>«domi»</span> <span class='ocrx_word' id='word_1_267' title='bbox 1397 873 1640 906; x_wconf 85' lang='lat' dir='ltr'>administran-</span> 
     </span>
     <span class='ocr_line' id='line_1_52' title="bbox 945 920 1640 964; baseline 0.004 -13"><span class='ocrx_word' id='word_1_268' title='bbox 945 921 1030 955; x_wconf 80' lang='lat' dir='ltr'>das;</span> <span class='ocrx_word' id='word_1_269' title='bbox 1058 920 1265 953; x_wconf 90' lang='lat' dir='ltr'>militaribus</span> <span class='ocrx_word' id='word_1_270' title='bbox 1289 922 1497 962; x_wconf 84' lang='lat' dir='ltr'>providebat.</span> <span class='ocrx_word' id='word_1_271' title='bbox 1527 925 1640 964; x_wconf 76' lang='lat' dir='ltr'>Angu-</span> 
     </span>
     <span class='ocr_line' id='line_1_53' title="bbox 945 972 1310 1011; baseline 0.003 -10"><span class='ocrx_word' id='word_1_272' title='bbox 945 972 1018 1002; x_wconf 89' lang='lat' dir='ltr'>stus</span> <span class='ocrx_word' id='word_1_273' title='bbox 1043 979 1124 1001; x_wconf 90' lang='lat' dir='ltr'>cum</span> <span class='ocrx_word' id='word_1_274' title='bbox 1148 972 1310 1011; x_wconf 79' lang='lat' dir='ltr'>Agrippa.</span> 
     </span>
    </p>

    <p class='ocr_par' dir='ltr' id='par_1_13' title="bbox 933 1020 1637 2387">
     <span class='ocr_line' id='line_1_54' title="bbox 988 1020 1635 1062; baseline 0.005 -12"><span class='ocrx_word' id='word_1_275' title='bbox 988 1020 1038 1051; x_wconf 75' lang='grc'>18.</span> <span class='ocrx_word' id='word_1_276' title='bbox 1078 1020 1202 1050; x_wconf 77' lang='lat' dir='ltr'>Occidit</span> <span class='ocrx_word' id='word_1_277' title='bbox 1229 1020 1315 1060; x_wconf 67' lang='lat' dir='ltr'>cet]</span> <span class='ocrx_word' id='word_1_278' title='bbox 1347 1022 1459 1052; x_wconf 90' lang='lat' dir='ltr'>«Nam</span> <span class='ocrx_word' id='word_1_279' title='bbox 1495 1023 1635 1062; x_wconf 88' lang='lat' dir='ltr'>omnia,</span> 
     </span>
     <span class='ocr_line' id='line_1_55' title="bbox 943 1068 1635 1110; baseline 0.007 -12"><span class='ocrx_word' id='word_1_280' title='bbox 943 1076 1033 1108; x_wconf 90' lang='lat' dir='ltr'>quae</span> <span class='ocrx_word' id='word_1_281' title='bbox 1059 1068 1103 1099; x_wconf 86' lang='lat' dir='ltr'>ad</span> <span class='ocrx_word' id='word_1_282' title='bbox 1128 1077 1204 1100; x_wconf 90' lang='lat' dir='ltr'>rem</span> <span class='ocrx_word' id='word_1_283' title='bbox 1235 1068 1413 1109; x_wconf 85' lang='lat' dir='ltr'>publicam</span> <span class='ocrx_word' id='word_1_284' title='bbox 1448 1071 1635 1110; x_wconf 83' lang='lat' dir='ltr'>pertinent,</span> 
     </span>
     <span class='ocr_line' id='line_1_56' title="bbox 942 1116 1636 1152; baseline 0.007 -5"><span class='ocrx_word' id='word_1_285' title='bbox 942 1117 1011 1148; x_wconf 90' lang='lat' dir='ltr'>iam</span> <span class='ocrx_word' id='word_1_286' title='bbox 1027 1116 1116 1148; x_wconf 88' lang='lat' dir='ltr'>laeta</span> <span class='ocrx_word' id='word_1_287' title='bbox 1140 1119 1221 1149; x_wconf 92' lang='lat' dir='ltr'>sunt</span> <span class='ocrx_word' id='word_1_288' title='bbox 1245 1120 1279 1149; x_wconf 85' lang='lat' dir='ltr'>et</span> <span class='ocrx_word' id='word_1_289' title='bbox 1302 1118 1411 1149; x_wconf 83' lang='lat' dir='ltr'>fausta</span> <span class='ocrx_word' id='word_1_290' title='bbox 1437 1120 1636 1152; x_wconf 80' lang='lat' dir='ltr'>Romanis.»</span> 
     </span>
     <span class='ocr_line' id='line_1_57' title="bbox 945 1166 1637 1208; baseline 0.007 -12"><span class='ocrx_word' id='word_1_291' title='bbox 945 1183 979 1188; x_wconf 82' lang='lat'>-—</span> <span class='ocrx_word' id='word_1_292' title='bbox 1013 1166 1117 1207; x_wconf 73' lang='lat' dir='ltr'>Daci]</span> <span class='ocrx_word' id='word_1_293' title='bbox 1155 1168 1257 1205; x_wconf 86' lang='lat' dir='ltr'>Daci,</span> <span class='ocrx_word' id='word_1_294' title='bbox 1298 1169 1356 1208; x_wconf 90' lang='lat' dir='ltr'>qui</span> <span class='ocrx_word' id='word_1_295' title='bbox 1392 1170 1478 1200; x_wconf 73' lang='lat' dir='ltr'>fines</span> <span class='ocrx_word' id='word_1_296' title='bbox 1510 1171 1637 1203; x_wconf 82' lang='lat' dir='ltr'>Roma-</span> 
     </span>
     <span class='ocr_line' id='line_1_58' title="bbox 941 1216 1637 1260; baseline 0.009 -15"><span class='ocrx_word' id='word_1_297' title='bbox 941 1223 1006 1246; x_wconf 88' lang='lat' dir='ltr'>nos</span> <span class='ocrx_word' id='word_1_298' title='bbox 1035 1216 1207 1247; x_wconf 77' lang='lat' dir='ltr'>continuis</span> <span class='ocrx_word' id='word_1_299' title='bbox 1235 1218 1491 1250; x_wconf 88' lang='lat' dir='ltr'>incursionibus</span> <span class='ocrx_word' id='word_1_300' title='bbox 1523 1228 1637 1260; x_wconf 85' lang='lat' dir='ltr'>popu-</span> 
     </span>
     <span class='ocr_line' id='line_1_59' title="bbox 941 1262 1636 1307; baseline 0.007 -12"><span class='ocrx_word' id='word_1_301' title='bbox 941 1262 1104 1298; x_wconf 71' lang='lat' dir='ltr'>labantur</span> <span class='ocrx_word' id='word_1_302' title='bbox 1131 1265 1221 1296; x_wconf 86' lang='lat' dir='ltr'>duce</span> <span class='ocrx_word' id='word_1_303' title='bbox 1252 1275 1333 1305; x_wconf 77' lang='lat' dir='ltr'>rege</span> <span class='ocrx_word' id='word_1_304' title='bbox 1367 1267 1522 1307; x_wconf 88' lang='lat' dir='ltr'>ipsorum</span> <span class='ocrx_word' id='word_1_305' title='bbox 1548 1270 1636 1300; x_wconf 78' lang='lat' dir='ltr'>Coti—</span> 
     </span>
     <span class='ocr_line' id='line_1_60' title="bbox 939 1315 1636 1354; baseline 0.006 -9"><span class='ocrx_word' id='word_1_306' title='bbox 939 1322 1036 1354; x_wconf 81' lang='lat' dir='ltr'>sone,</span> <span class='ocrx_word' id='word_1_307' title='bbox 1077 1315 1226 1346; x_wconf 84' lang='lat' dir='ltr'>Antonio</span> <span class='ocrx_word' id='word_1_308' title='bbox 1256 1318 1375 1347; x_wconf 89' lang='lat' dir='ltr'>contra</span> <span class='ocrx_word' id='word_1_309' title='bbox 1408 1318 1636 1349; x_wconf 59' lang='lat' dir='ltr'>cetaxianum</span> 
     </span>
     <span class='ocr_line' id='line_1_61' title="bbox 939 1364 1636 1406; baseline 0.007 -13"><span class='ocrx_word' id='word_1_310' title='bbox 939 1371 1085 1403; x_wconf 84' lang='lat' dir='ltr'>operam</span> <span class='ocrx_word' id='word_1_311' title='bbox 1110 1372 1211 1396; x_wconf 86' lang='lat' dir='ltr'>suam</span> <span class='ocrx_word' id='word_1_312' title='bbox 1235 1364 1394 1405; x_wconf 75' lang='lat' dir='ltr'>polliciti,</span> <span class='ocrx_word' id='word_1_313' title='bbox 1426 1374 1552 1406; x_wconf 90' lang='lat' dir='ltr'>parum</span> <span class='ocrx_word' id='word_1_314' title='bbox 1584 1369 1636 1398; x_wconf 88' lang='lat' dir='ltr'>ta-</span> 
     </span>
     <span class='ocr_line' id='line_1_62' title="bbox 939 1412 1632 1456; baseline 0.007 -14"><span class='ocrx_word' id='word_1_315' title='bbox 939 1420 1021 1443; x_wconf 91' lang='lat' dir='ltr'>men</span> <span class='ocrx_word' id='word_1_316' title='bbox 1057 1412 1181 1443; x_wconf 84' lang='lat' dir='ltr'>auxilio</span> <span class='ocrx_word' id='word_1_317' title='bbox 1217 1412 1374 1451; x_wconf 89' lang='lat' dir='ltr'>suerunt,</span> <span class='ocrx_word' id='word_1_318' title='bbox 1421 1417 1500 1456; x_wconf 87' lang='lat' dir='ltr'>post</span> <span class='ocrx_word' id='word_1_319' title='bbox 1534 1424 1552 1446; x_wconf 90' lang='lat' dir='ltr'>a</span> <span class='ocrx_word' id='word_1_320' title='bbox 1589 1417 1632 1448; x_wconf 83' lang='lat' dir='ltr'>M.</span> 
     </span>
     <span class='ocr_line' id='line_1_63' title="bbox 939 1461 1634 1505; baseline 0.006 -12"><span class='ocrx_word' id='word_1_321' title='bbox 939 1461 1065 1493; x_wconf 86' lang='lat' dir='ltr'>Crasso</span> <span class='ocrx_word' id='word_1_322' title='bbox 1090 1470 1120 1492; x_wconf 86' lang='lat' dir='ltr'>a.</span> <span class='ocrx_word' id='word_1_323' title='bbox 1148 1470 1181 1493; x_wconf 93' lang='lat' dir='ltr'>u.</span> <span class='ocrx_word' id='word_1_324' title='bbox 1208 1462 1282 1494; x_wconf 74' lang='lat'>7⁶24.</span> <span class='ocrx_word' id='word_1_325' title='bbox 1326 1464 1398 1503; x_wconf 91' lang='lat' dir='ltr'>(Dio</span> <span class='ocrx_word' id='word_1_326' title='bbox 1416 1465 1450 1495; x_wconf 59' lang='lat'>521</span> <span class='ocrx_word' id='word_1_327' title='bbox 1469 1490 1475 1502; x_wconf 93' lang='lat'>,</span> <span class='ocrx_word' id='word_1_328' title='bbox 1495 1465 1547 1502; x_wconf 66' lang='lat'>⁶23,</span> <span class='ocrx_word' id='word_1_329' title='bbox 1567 1465 1634 1505; x_wconf 72' lang='lat'>25.)</span> 
     </span>
     <span class='ocr_line' id='line_1_64' title="bbox 938 1511 1634 1551; baseline 0.006 -10"><span class='ocrx_word' id='word_1_330' title='bbox 938 1511 1137 1550; x_wconf 85' lang='lat' dir='ltr'>iterumque</span> <span class='ocrx_word' id='word_1_331' title='bbox 1184 1520 1203 1542; x_wconf 88' lang='lat' dir='ltr'>a</span> <span class='ocrx_word' id='word_1_332' title='bbox 1249 1511 1413 1551; x_wconf 83' lang='lat' dir='ltr'>Lentulo,</span> <span class='ocrx_word' id='word_1_333' title='bbox 1462 1514 1634 1545; x_wconf 91' lang='lat' dir='ltr'>incertum</span> 
     </span>
     <span class='ocr_line' id='line_1_65' title="bbox 938 1562 1633 1601; baseline 0.007 -11"><span class='ocrx_word' id='word_1_334' title='bbox 938 1568 1007 1600; x_wconf 88' lang='lat' dir='ltr'>quo</span> <span class='ocrx_word' id='word_1_335' title='bbox 1025 1568 1116 1591; x_wconf 83' lang='lat' dir='ltr'>anno</span> <span class='ocrx_word' id='word_1_336' title='bbox 1132 1585 1138 1599; x_wconf 92' lang='lat'><strong>‚</strong></span> <span class='ocrx_word' id='word_1_337' title='bbox 1165 1562 1330 1601; x_wconf 89' lang='lat' dir='ltr'>repressi.</span> <span class='ocrx_word' id='word_1_338' title='bbox 1367 1562 1438 1594; x_wconf 89' lang='lat' dir='ltr'>Hoc</span> <span class='ocrx_word' id='word_1_339' title='bbox 1455 1562 1532 1594; x_wconf 90' lang='lat' dir='ltr'>loco</span> <span class='ocrx_word' id='word_1_340' title='bbox 1548 1573 1633 1595; x_wconf 84' lang='lat' dir='ltr'>sane</span> 
     </span>
     <span class='ocr_line' id='line_1_66' title="bbox 938 1609 1630 1649; baseline 0.007 -10"><span class='ocrx_word' id='word_1_341' title='bbox 938 1609 1162 1649; x_wconf 78' lang='lat' dir='ltr'>cogitandum</span> <span class='ocrx_word' id='word_1_342' title='bbox 1211 1610 1255 1641; x_wconf 89' lang='lat' dir='ltr'>de</span> <span class='ocrx_word' id='word_1_343' title='bbox 1306 1611 1422 1643; x_wconf 86' lang='lat' dir='ltr'>Crassi</span> <span class='ocrx_word' id='word_1_344' title='bbox 1474 1613 1630 1644; x_wconf 85' lang='lat' dir='ltr'>victoria.</span> 
     </span>
     <span class='ocr_line' id='line_1_67' title="bbox 938 1659 1634 1699; baseline 0.006 -10"><span class='ocrx_word' id='word_1_345' title='bbox 938 1659 1070 1689; x_wconf 89' lang='lat' dir='ltr'>Franke</span> <span class='ocrx_word' id='word_1_346' title='bbox 1095 1659 1129 1689; x_wconf 89' lang='lat' dir='ltr'>F.</span> <span class='ocrx_word' id='word_1_347' title='bbox 1157 1659 1196 1690; x_wconf 87' lang='lat'>1-1.</span> <span class='ocrx_word' id='word_1_348' title='bbox 1223 1668 1256 1699; x_wconf 91' lang='lat' dir='ltr'>p.</span> <span class='ocrx_word' id='word_1_349' title='bbox 1285 1659 1358 1690; x_wconf 74' lang='lat'>455.</span> <span class='ocrx_word' id='word_1_350' title='bbox 1386 1661 1420 1691; x_wconf 85' lang='lat' dir='ltr'>et</span> <span class='ocrx_word' id='word_1_351' title='bbox 1445 1661 1517 1692; x_wconf 76' lang='lat'>458.</span> <span class='ocrx_word' id='word_1_352' title='bbox 1553 1663 1634 1693; x_wconf 88' lang='lat' dir='ltr'>We-</span> 
     </span>
     <span class='ocr_line' id='line_1_68' title="bbox 936 1706 1632 1749; baseline 0.006 -11"><span class='ocrx_word' id='word_1_353' title='bbox 936 1706 1002 1738; x_wconf 85' lang='lat' dir='ltr'>ber</span> <span class='ocrx_word' id='word_1_354' title='bbox 1024 1708 1138 1739; x_wconf 78' lang='lat' dir='ltr'>Horaz</span> <span class='ocrx_word' id='word_1_355' title='bbox 1160 1716 1194 1749; x_wconf 88' lang='lat' dir='ltr'>p.</span> <span class='ocrx_word' id='word_1_356' title='bbox 1215 1707 1304 1746; x_wconf 62' lang='lat'>240„</span> <span class='ocrx_word' id='word_1_357' title='bbox 1331 1709 1390 1748; x_wconf 85' lang='lat' dir='ltr'>qui</span> <span class='ocrx_word' id='word_1_358' title='bbox 1416 1710 1478 1741; x_wconf 91' lang='lat' dir='ltr'>Cn.</span> <span class='ocrx_word' id='word_1_359' title='bbox 1499 1710 1632 1742; x_wconf 85' lang='lat' dir='ltr'>Lentuli</span> 
     </span>
     <span class='ocr_line' id='line_1_69' title="bbox 937 1757 1630 1798; baseline 0.004 -10"><span class='ocrx_word' id='word_1_360' title='bbox 937 1757 1196 1798; x_wconf 85' lang='lat' dir='ltr'>expeditionem</span> <span class='ocrx_word' id='word_1_361' title='bbox 1242 1757 1350 1789; x_wconf 84' lang='lat' dir='ltr'>refert</span> <span class='ocrx_word' id='word_1_362' title='bbox 1394 1758 1438 1789; x_wconf 90' lang='lat' dir='ltr'>ad</span> <span class='ocrx_word' id='word_1_363' title='bbox 1483 1768 1514 1790; x_wconf 88' lang='lat' dir='ltr'>a.</span> <span class='ocrx_word' id='word_1_364' title='bbox 1556 1761 1630 1791; x_wconf 77' lang='lat'>7:36.</span> 
     </span>
     <span class='ocr_line' id='line_1_70' title="bbox 936 1806 1630 1847; baseline 0.004 -11"><span class='ocrx_word' id='word_1_365' title='bbox 936 1806 1035 1837; x_wconf 79' lang='lat' dir='ltr'>Estre</span> <span class='ocrx_word' id='word_1_366' title='bbox 1060 1807 1142 1837; x_wconf 88' lang='lat' dir='ltr'>Hor.</span> <span class='ocrx_word' id='word_1_367' title='bbox 1169 1808 1222 1838; x_wconf 90' lang='lat' dir='ltr'>Pr.</span> <span class='ocrx_word' id='word_1_368' title='bbox 1250 1816 1283 1847; x_wconf 91' lang='lat' dir='ltr'>p.</span> <span class='ocrx_word' id='word_1_369' title='bbox 1310 1807 1384 1839; x_wconf 69' lang='lat'>228.</span> <span class='ocrx_word' id='word_1_370' title='bbox 1433 1809 1527 1839; x_wconf 88' lang='lat' dir='ltr'>Suet.</span> <span class='ocrx_word' id='word_1_371' title='bbox 1558 1809 1630 1840; x_wconf 84' lang='lat' dir='ltr'>Oct.</span> 
     </span>
     <span class='ocr_line' id='line_1_71' title="bbox 935 1854 1632 1898; baseline 0.004 -12"><span class='ocrx_word' id='word_1_372' title='bbox 935 1856 988 1886; x_wconf 66' lang='lat' dir='ltr'>el.</span> <span class='ocrx_word' id='word_1_373' title='bbox 1009 1854 1096 1887; x_wconf 87' lang='lat' dir='ltr'>Flor.</span> <span class='ocrx_word' id='word_1_374' title='bbox 1115 1854 1152 1894; x_wconf 78' lang='lat'>4,</span> <span class='ocrx_word' id='word_1_375' title='bbox 1173 1856 1230 1894; x_wconf 77' lang='lat'>42,</span> <span class='ocrx_word' id='word_1_376' title='bbox 1250 1856 1301 1887; x_wconf 72' lang='lat'>⁴9.</span> <span class='ocrx_word' id='word_1_377' title='bbox 1329 1857 1494 1888; x_wconf 87' lang='lat' dir='ltr'>Getarum</span> <span class='ocrx_word' id='word_1_378' title='bbox 1511 1866 1632 1898; x_wconf 78' lang='lat' dir='ltr'>regem</span> 
     </span>
     <span class='ocr_line' id='line_1_72' title="bbox 936 1905 1626 1938; baseline 0.004 -3"><span class='ocrx_word' id='word_1_379' title='bbox 936 1905 1137 1936; x_wconf 88' lang='lat' dir='ltr'>Cotisonem</span> <span class='ocrx_word' id='word_1_380' title='bbox 1166 1907 1270 1936; x_wconf 90' lang='lat' dir='ltr'>vocat</span> <span class='ocrx_word' id='word_1_381' title='bbox 1293 1906 1435 1937; x_wconf 85' lang='lat' dir='ltr'>Sueten.</span> <span class='ocrx_word' id='word_1_382' title='bbox 1473 1908 1546 1938; x_wconf 88' lang='lat' dir='ltr'>Oct.</span> <span class='ocrx_word' id='word_1_383' title='bbox 1574 1907 1626 1938; x_wconf 87' lang='lat'>63.</span> 
     </span>
     <span class='ocr_line' id='line_1_73' title="bbox 934 1954 1630 1993; baseline 0.003 -8"><span class='ocrx_word' id='word_1_384' title='bbox 934 1954 1092 1985; x_wconf 88' lang='lat' dir='ltr'>Etenim:</span> <span class='ocrx_word' id='word_1_385' title='bbox 1119 1954 1206 1986; x_wconf 85' lang='lat' dir='ltr'>alias</span> <span class='ocrx_word' id='word_1_386' title='bbox 1221 1955 1343 1993; x_wconf 83' lang='lat' dir='ltr'>Getae,</span> <span class='ocrx_word' id='word_1_387' title='bbox 1369 1956 1455 1986; x_wconf 79' lang='lat' dir='ltr'>Daci</span> <span class='ocrx_word' id='word_1_388' title='bbox 1475 1956 1630 1987; x_wconf 79' lang='lat' dir='ltr'>Romanis</span> 
     </span>
     <span class='ocr_line' id='line_1_74' title="bbox 935 2003 1628 2046; baseline 0.004 -12"><span class='ocrx_word' id='word_1_389' title='bbox 935 2005 1023 2035; x_wconf 83' lang='lat' dir='ltr'>dicti.</span> <span class='ocrx_word' id='word_1_390' title='bbox 1042 2003 1125 2035; x_wconf 91' lang='lat' dir='ltr'>Plin.</span> <span class='ocrx_word' id='word_1_391' title='bbox 1146 2004 1184 2035; x_wconf 89' lang='lat' dir='ltr'>H.</span> <span class='ocrx_word' id='word_1_392' title='bbox 1199 2005 1238 2035; x_wconf 94' lang='lat' dir='ltr'>N.</span> <span class='ocrx_word' id='word_1_393' title='bbox 1258 2003 1296 2043; x_wconf 72' lang='lat'>4,</span> <span class='ocrx_word' id='word_1_394' title='bbox 1315 2005 1368 2036; x_wconf 71' lang='lat'>⁶25.</span> <span class='ocrx_word' id='word_1_395' title='bbox 1391 2023 1425 2027; x_wconf 87' lang='grc'>-</span> <span class='ocrx_word' id='word_1_396' title='bbox 1455 2006 1628 2046; x_wconf 79' lang='lat' dir='ltr'>Cotisonis]</span> 
     </span>
     <span class='ocr_line' id='line_1_75' title="bbox 937 2052 1630 2094; baseline 0.003 -10"><span class='ocrx_word' id='word_1_397' title='bbox 937 2054 1007 2084; x_wconf 82' lang='lat' dir='ltr'>Hac</span> <span class='ocrx_word' id='word_1_398' title='bbox 1032 2052 1161 2090; x_wconf 82' lang='lat' dir='ltr'>torma,</span> <span class='ocrx_word' id='word_1_399' title='bbox 1189 2061 1256 2084; x_wconf 91' lang='lat' dir='ltr'>non</span> <span class='ocrx_word' id='word_1_400' title='bbox 1286 2053 1457 2085; x_wconf 81' lang='lat' dir='ltr'>Cotisontis</span> <span class='ocrx_word' id='word_1_401' title='bbox 1480 2055 1630 2094; x_wconf 77' lang='lat' dir='ltr'>(Codd.‘t</span> 
     </span>
     <span class='ocr_line' id='line_1_76' title="bbox 935 2102 1628 2141; baseline 0.004 -9"><span class='ocrx_word' id='word_1_402' title='bbox 935 2102 1130 2141; x_wconf 82' lang='lat' dir='ltr'>Torrentii),</span> <span class='ocrx_word' id='word_1_403' title='bbox 1154 2102 1262 2132; x_wconf 90' lang='lat' dir='ltr'>utitur</span> <span class='ocrx_word' id='word_1_404' title='bbox 1278 2103 1381 2134; x_wconf 84' lang='lat' dir='ltr'>ctiam</span> <span class='ocrx_word' id='word_1_405' title='bbox 1400 2103 1494 2134; x_wconf 89' lang='lat' dir='ltr'>Suet.</span> <span class='ocrx_word' id='word_1_406' title='bbox 1515 2104 1588 2135; x_wconf 84' lang='lat' dir='ltr'>Oct.</span> <span class='ocrx_word' id='word_1_407' title='bbox 1607 2103 1628 2135; x_wconf 90' lang='lat' dir='ltr'>l.</span> 
     </span>
     <span class='ocr_line' id='line_1_77' title="bbox 935 2149 1631 2190; baseline 0.003 -9"><span class='ocrx_word' id='word_1_408' title='bbox 935 2149 974 2181; x_wconf 92' lang='lat' dir='ltr'>l.:</span> <span class='ocrx_word' id='word_1_409' title='bbox 1005 2151 1152 2181; x_wconf 71' lang='lat' dir='ltr'>Primum</span> <span class='ocrx_word' id='word_1_410' title='bbox 1180 2159 1254 2181; x_wconf 84' lang='lat' dir='ltr'>eam</span> <span class='ocrx_word' id='word_1_411' title='bbox 1285 2151 1534 2190; x_wconf 71' lang='lat' dir='ltr'>(Octavianum)</span> <span class='ocrx_word' id='word_1_412' title='bbox 1562 2152 1631 2183; x_wconf 83' lang='lat' dir='ltr'>An-</span> 
     </span>
     <span class='ocr_line' id='line_1_78' title="bbox 934 2199 1632 2240; baseline 0.001 -9"><span class='ocrx_word' id='word_1_413' title='bbox 934 2200 1022 2231; x_wconf 86' lang='lat' dir='ltr'>tonio</span> <span class='ocrx_word' id='word_1_414' title='bbox 1043 2200 1111 2240; x_wconf 74' lang='lat' dir='ltr'>silio</span> <span class='ocrx_word' id='word_1_415' title='bbox 1130 2208 1188 2230; x_wconf 76' lang='lat' dir='ltr'>sao</span> <span class='ocrx_word' id='word_1_416' title='bbox 1206 2200 1242 2239; x_wconf 90' lang='lat' dir='ltr'>(s.</span> <span class='ocrx_word' id='word_1_417' title='bbox 1263 2199 1409 2240; x_wconf 80' lang='lat' dir='ltr'>Antyllo)</span> <span class='ocrx_word' id='word_1_418' title='bbox 1429 2201 1632 2239; x_wconf 77' lang='lat' dir='ltr'>despondisse</span> 
     </span>
     <span class='ocr_line' id='line_1_79' title="bbox 935 2249 1626 2291; baseline 0.003 -12"><span class='ocrx_word' id='word_1_419' title='bbox 935 2249 1068 2288; x_wconf 75' lang='lat' dir='ltr'>Iuliam,</span> <span class='ocrx_word' id='word_1_420' title='bbox 1095 2249 1167 2280; x_wconf 70' lang='lat' dir='ltr'>dein</span> <span class='ocrx_word' id='word_1_421' title='bbox 1185 2249 1344 2285; x_wconf 78' lang='lat' dir='ltr'>Cotisoni,</span> <span class='ocrx_word' id='word_1_422' title='bbox 1371 2250 1530 2281; x_wconf 81' lang='lat' dir='ltr'>Getarum</span> <span class='ocrx_word' id='word_1_423' title='bbox 1546 2251 1626 2291; x_wconf 68' lang='lat' dir='ltr'>rossi.</span> 
     </span>
     <span class='ocr_line' id='line_1_80' title="bbox 936 2297 1630 2330; baseline 0.001 -1"><span class='ocrx_word' id='word_1_424' title='bbox 936 2297 1056 2330; x_wconf 86' lang='lat' dir='ltr'>Florus</span> <span class='ocrx_word' id='word_1_425' title='bbox 1082 2297 1103 2329; x_wconf 88' lang='lat' dir='ltr'>l.</span> <span class='ocrx_word' id='word_1_426' title='bbox 1133 2297 1174 2329; x_wconf 86' lang='lat' dir='ltr'>l.:</span> <span class='ocrx_word' id='word_1_427' title='bbox 1212 2298 1296 2329; x_wconf 82' lang='lat' dir='ltr'>Daci</span> <span class='ocrx_word' id='word_1_428' title='bbox 1330 2299 1492 2329; x_wconf 77' lang='lat' dir='ltr'>montibus</span> <span class='ocrx_word' id='word_1_429' title='bbox 1515 2299 1630 2330; x_wconf 82' lang='lat' dir='ltr'>inhac—</span> 
     </span>
     <span class='ocr_line' id='line_1_81' title="bbox 933 2347 1626 2387; baseline -0.001 -8"><span class='ocrx_word' id='word_1_430' title='bbox 933 2350 1025 2386; x_wconf 81' lang='lat' dir='ltr'>rent,</span> <span class='ocrx_word' id='word_1_431' title='bbox 1051 2347 1208 2379; x_wconf 80' lang='lat' dir='ltr'>Cotisonis</span> <span class='ocrx_word' id='word_1_432' title='bbox 1224 2347 1474 2387; x_wconf 66' lang='lat' dir='ltr'>reyisimpcria</span> <span class='ocrx_word' id='word_1_433' title='bbox 1505 2348 1626 2378; x_wconf 71' lang='lat' dir='ltr'>anrr.</span> 
     </span>
    </p>

    <p class='ocr_par' dir='ltr' id='par_1_14' title="bbox 932 2396 1630 2780">
     <span class='ocr_line' id='line_1_82' title="bbox 979 2396 1629 2437; baseline 0 -9"><span class='ocrx_word' id='word_1_434' title='bbox 979 2396 1030 2428; x_wconf 74' lang='lat'>49.</span> <span class='ocrx_word' id='word_1_435' title='bbox 1067 2396 1196 2437; x_wconf 79' lang='lat' dir='ltr'>Medus]</span> <span class='ocrx_word' id='word_1_436' title='bbox 1229 2397 1383 2434; x_wconf 85' lang='lat' dir='ltr'>«Parthi,</span> <span class='ocrx_word' id='word_1_437' title='bbox 1425 2397 1629 2437; x_wconf 78' lang='lat' dir='ltr'>sempiterni</span> 
     </span>
     <span class='ocr_line' id='line_1_83' title="bbox 935 2445 1630 2486; baseline 0 -10"><span class='ocrx_word' id='word_1_438' title='bbox 935 2445 1068 2486; x_wconf 88' lang='lat' dir='ltr'>imperii</span> <span class='ocrx_word' id='word_1_439' title='bbox 1086 2446 1229 2476; x_wconf 88' lang='lat' dir='ltr'>Romani</span> <span class='ocrx_word' id='word_1_440' title='bbox 1247 2445 1378 2481; x_wconf 80' lang='lat' dir='ltr'>hostes,</span> <span class='ocrx_word' id='word_1_441' title='bbox 1399 2446 1488 2476; x_wconf 83' lang='lat' dir='ltr'>inter</span> <span class='ocrx_word' id='word_1_442' title='bbox 1506 2446 1630 2476; x_wconf 82' lang='lat' dir='ltr'>Phraa-</span> 
     </span>
     <span class='ocr_line' id='line_1_84' title="bbox 935 2493 1628 2534; baseline 0 -9"><span class='ocrx_word' id='word_1_443' title='bbox 935 2495 976 2526; x_wconf 87' lang='lat' dir='ltr'>tis</span> <span class='ocrx_word' id='word_1_444' title='bbox 1000 2495 1092 2534; x_wconf 80' lang='lat' dir='ltr'>regis</span> <span class='ocrx_word' id='word_1_445' title='bbox 1116 2495 1151 2525; x_wconf 90' lang='lat' dir='ltr'>et</span> <span class='ocrx_word' id='word_1_446' title='bbox 1174 2494 1333 2525; x_wconf 82' lang='lat' dir='ltr'>Tiridatis</span> <span class='ocrx_word' id='word_1_447' title='bbox 1358 2493 1487 2525; x_wconf 86' lang='lat' dir='ltr'>exsulis</span> <span class='ocrx_word' id='word_1_448' title='bbox 1511 2496 1628 2534; x_wconf 82' lang='lat' dir='ltr'>partes</span> 
     </span>
     <span class='ocr_line' id='line_1_85' title="bbox 934 2543 1626 2582; baseline 0 -8"><span class='ocrx_word' id='word_1_449' title='bbox 934 2544 1104 2575; x_wconf 86' lang='lat' dir='ltr'>intestinis</span> <span class='ocrx_word' id='word_1_450' title='bbox 1130 2552 1220 2575; x_wconf 88' lang='lat' dir='ltr'>nunc</span> <span class='ocrx_word' id='word_1_451' title='bbox 1238 2543 1424 2575; x_wconf 86' lang='lat' dir='ltr'>discordiis</span> <span class='ocrx_word' id='word_1_452' title='bbox 1441 2544 1626 2582; x_wconf 77' lang='lat' dir='ltr'>agitantur,</span> 
     </span>
     <span class='ocr_line' id='line_1_86' title="bbox 933 2592 1627 2632; baseline 0 -9"><span class='ocrx_word' id='word_1_453' title='bbox 933 2592 1022 2623; x_wconf 87' lang='lat' dir='ltr'>adeo</span> <span class='ocrx_word' id='word_1_454' title='bbox 1057 2594 1095 2623; x_wconf 91' lang='lat' dir='ltr'>ut</span> <span class='ocrx_word' id='word_1_455' title='bbox 1128 2593 1253 2631; x_wconf 86' lang='lat' dir='ltr'>armis,</span> <span class='ocrx_word' id='word_1_456' title='bbox 1300 2601 1391 2632; x_wconf 82' lang='lat' dir='ltr'>quae</span> <span class='ocrx_word' id='word_1_457' title='bbox 1432 2593 1627 2624; x_wconf 84' lang='lat' dir='ltr'>contrariae</span> 
     </span>
     <span class='ocr_line' id='line_1_87' title="bbox 933 2640 1626 2682; baseline -0.001 -10"><span class='ocrx_word' id='word_1_458' title='bbox 933 2641 1101 2673; x_wconf 88' lang='lat' dir='ltr'>sactiones</span> <span class='ocrx_word' id='word_1_459' title='bbox 1126 2643 1375 2682; x_wconf 86' lang='lat' dir='ltr'>sumpserunt,</span> <span class='ocrx_word' id='word_1_460' title='bbox 1401 2640 1542 2672; x_wconf 89' lang='lat' dir='ltr'>sibimet</span> <span class='ocrx_word' id='word_1_461' title='bbox 1564 2641 1626 2682; x_wconf 87' lang='lat' dir='ltr'>ipsi</span> 
     </span>
     <span class='ocr_line' id='line_1_88' title="bbox 932 2689 1627 2722; baseline -0.001 -1"><span class='ocrx_word' id='word_1_462' title='bbox 932 2689 1051 2722; x_wconf 80' lang='lat' dir='ltr'>clades</span> <span class='ocrx_word' id='word_1_463' title='bbox 1077 2689 1199 2721; x_wconf 88' lang='lat' dir='ltr'>illaturi</span> <span class='ocrx_word' id='word_1_464' title='bbox 1230 2691 1332 2721; x_wconf 85' lang='lat' dir='ltr'>sint.»</span> <span class='ocrx_word' id='word_1_465' title='bbox 1379 2689 1516 2721; x_wconf 87' lang='lat' dir='ltr'>Scilicet</span> <span class='ocrx_word' id='word_1_466' title='bbox 1540 2690 1627 2722; x_wconf 88' lang='lat' dir='ltr'>Tiri-</span> 
     </span>
     <span class='ocr_line' id='line_1_89' title="bbox 932 2739 1627 2780; baseline 0 -11"><span class='ocrx_word' id='word_1_467' title='bbox 932 2739 1049 2778; x_wconf 86' lang='lat' dir='ltr'>dates,</span> <span class='ocrx_word' id='word_1_468' title='bbox 1076 2741 1134 2780; x_wconf 86' lang='lat' dir='ltr'>qui</span> <span class='ocrx_word' id='word_1_469' title='bbox 1159 2741 1278 2770; x_wconf 77' lang='lat' dir='ltr'>contra</span> <span class='ocrx_word' id='word_1_470' title='bbox 1304 2739 1488 2771; x_wconf 76' lang='lat' dir='ltr'>l&#39;liraatem</span> <span class='ocrx_word' id='word_1_471' title='bbox 1512 2740 1627 2770; x_wconf 86' lang='lat' dir='ltr'>insur-</span> 
     </span>
    </p>
   </div>
  </div>
 </body>
</html>
