1997 3219
686 208 760 238 ΜΒ.
787 208 840 238 111.

890 209 925 238 (Ι.
954 208 1049 239 xvu.

1556 206 1568 245 -x

1579 206 1601 246 §.s

1606 221 1630 244 ,ζ’
1608 207 1626 215 2

373 313 588 366 Componc
618 310 794 367 lignum:
828 324 922 353 cras
955 311 1133 352 Genium
1165 324 1282 352 mero

423 391 600 434 Curabis
632 399 672 433 ct
703 404 833 447 porco
864 390 1053 433 bimestri
1584 390 1627 430 15

479 472 582 514 Cum
614 471 777 513 famulis
808 486 988 528 operum
1019 470 1180 513 solutis.

286 579 334 609 135.
357 588 459 618 porca
485 579 526 616 d,
553 580 589 609 ut
613 578 720 609 edidit
743 578 1028 618 Cuninghamius.
1058 594 1094 599 —
1121 577 1286 608 bimenstri
1310 576 1468 608 BbSTcd.

196 672 301 711 legum
317 672 447 702 curiata
460 671 589 709 consul,
611 670 670 702 ubi
684 679 748 710 ego
762 672 796 701 ct
809 669 886 702 Hal—

198 722 286 752 mius
313 721 407 761 leye.)
433 737 467 742 —
493 722 637 761 Propter
663 720 729 751 hoc
756 721 881 760 ipsum,

197 770 289 810 quod
326 770 441 802 famuli
474 770 641 811 operibus
672 771 773 801 vacui
805 778 883 801 esse

196 819 364 855 debeant,
406 822 546 860 poetam
584 828 653 850 non
692 818 735 849 de
772 817 883 859 epulis

195 869 391 905 dumtaxat,
418 868 480 900 sed
505 868 548 899 de
575 876 674 900 sacro
692 867 806 908 aliquo
823 867 884 898 do-

195 919 340 949 mestico
379 920 519 958 praeter
556 916 755 948 natalicium
790 916 881 957 loqui

195 967 416 998 manifestum
437 968 500 998 cst.
526 967 615 998 Dicit
631 966 774 1006 quidem
791 967 880 997 Iani:

196 1016 336 1047 «solutis
368 1018 509 1056 propter
539 1014 761 1056 procellam.»
810 1014 883 1046 Noli

195 1065 357 1096 credere:
386 1067 466 1096 tunc
491 1065 583 1096 enim
600 1065 691 1096 scrxi
716 1063 882 1105 operibus

194 1114 394 1145 domesticis
418 1114 691 1155 occupabantur.
720 1115 780 1154 (De
801 1123 884 1154 epu-

194 1163 233 1195 lis
268 1163 322 1195 die
358 1163 509 1204 profesto
538 1163 746 1203 apparandis
778 1172 883 1194 acce—

194 1222 276 1253 pere
300 1213 528 1245 Casaubonus
551 1213 595 1245 ad
622 1214 715 1244 Pcrs.
736 1213 771 1250 ⁴2,
799 1212 828 1243 3.
849 1214 883 1243 et

935 670 1087 701 Bosscha
1111 678 1144 710 p.
1173 670 1260 707 Μ’Ζ.1
1287 677 1410 700 verum
1432 669 1475 699 dc
1500 667 1624 699 talibus

935 728 976 750 ex
1002 727 1080 750 mco
1109 718 1251 758 quidem
1279 727 1385 749 sensu
1408 718 1624 758 putidissimi»

934 768 1055 799 suisset.
1088 768 1183 808 porci
1214 767 1392 799 bimestris
1428 768 1626 808 apponendi

935 817 1089 857 mentio.)
1133 817 1296 849 «Urbane
1333 826 1369 848 se
1405 816 1507 848 simul
1540 826 1626 848 con-

932 866 1049 897 vivam
1062 866 1200 897 Lamiae
1219 866 1345 897 offerre
1361 867 1551 904 Horatium,
1572 876 1627 897 ur-

934 916 1063 947 banum
1081 924 1259 956 quemque
1279 924 1363 946 suus
1386 914 1484 946 facile
1501 923 1625 946 sensus

933 964 1107 996 docebit.»
1144 965 1281 996 Mirscn.
1320 964 1450 995 Verum
1478 965 1623 996 huiusce

933 1014 1150 1052 urbanitatis,
1176 1014 1204 1045 si
1229 1015 1347 1044 tamen
1371 1013 1549 1044 urbanitas
1571 1016 1626 1045 est

934 1064 1013 1104 (qua
1048 1063 1091 1094 de
1128 1073 1164 1094 re
1200 1063 1430 1095 vehementer
1464 1062 1623 1094 dubitare

931 1113 1040 1153 licet),
1068 1114 1100 1144 in
1118 1114 1189 1144 toto
1204 1113 1357 1144 carmine
1375 1112 1507 1144 nullum
1524 1122 1626 1154 pror-

931 1172 990 1194 sus
1014 1163 1105 1194 inest
1127 1163 1320 1202 vestigium.
1363 1162 1413 1194 cf.
1441 1171 1531 1203 quae
1565 1162 1626 1194 ad-

1282 1212 1299 1222 ,-

933 1213 1129 1244 noem-‘unus
1155 1212 1198 1243 ad
1223 1221 1254 1243 v.
1289 1221 1312 1242 A.
