1997 3219
724 215 964 247 PRAEFATlo.
1523 215 1560 245 lX

125 326 300 365 tieorum
325 321 646 377 explicationes,
676 321 766 361 sine
794 319 876 361 ulla
913 327 1051 361 tamen
1086 320 1124 359 in
1162 332 1422 375 quemquam
1455 318 1567 360 inse-

126 403 305 446 ctatione
348 409 416 443 aut
458 400 729 443 contumelia:
777 400 879 456 quin
917 401 956 441 in
990 399 1069 442 hoc
1110 414 1284 455 quoque
1316 412 1473 455 genere
1506 405 1566 440 ta-

127 483 217 525 citis
249 482 500 538 plerumque
534 481 811 525 adversariis,
849 494 961 537 quae
988 480 1156 523 veriora
1185 480 1345 536 ubique
1368 479 1567 521 videren-

128 572 212 611 tur,
254 562 511 613 argumentis
547 562 700 603 additis
731 561 930 617 exposui,
956 575 1008 603 ne
1042 560 1388 617 tranquillissima
1422 559 1568 616 dispu-

130 644 228 686 tatio
260 644 371 686 acris
405 643 520 685 rixae
557 656 652 684 cum
689 641 769 684 hoe
798 641 863 684 vel
897 640 965 683 illo
996 641 1164 683 inimico
1197 647 1438 684 contractae
1471 653 1569 696 spe-

130 725 238 766 eiem
279 738 464 780 unquam
505 736 607 778 prae
640 736 685 764 se
719 722 865 773 serret3
907 736 992 778 quo
1029 721 1205 778 quidem
1237 736 1334 765 cum
1375 720 1466 763 aliis
1502 720 1571 762 di-

131 804 343 861 gladiandi
377 811 417 846 et
451 802 723 859 depugnandi
756 802 895 844 studio
932 802 972 843 in
1009 801 1250 844 huiusmodi
1285 801 1452 858 scriptis
1484 808 1572 843 stu-

134 885 280 927 diosae
314 884 515 927 iuventuti
547 883 776 940 propositis
809 882 908 924 nihil
942 883 1131 939 profecto
1166 882 1412 938 perversius
1449 895 1572 938 repe-

133 966 201 1007 riri
236 973 384 1021 potest.

220 1047 446 1088 Praeterea
469 1044 662 1087 crebrius
695 1058 823 1101 quam
854 1045 1031 1087 sortasse
1064 1043 1275 1087 nonnullis
1310 1043 1570 1101 probabitur,

134 1128 250 1169 locos
283 1125 442 1168 similes
473 1125 539 1168 vel
575 1125 745 1168 aliunde
777 1133 968 1182 sumptos
999 1126 1065 1169 vel
1096 1140 1119 1168 a
1153 1140 1221 1168 me
1256 1126 1348 1182 ipso
1379 1132 1573 1181 repertos

134 1206 330 1248 omnihus
364 1205 506 1247 verbis
544 1206 721 1248 inserui.
771 1206 871 1262 quia
908 1206 1106 1248 diuturna
1141 1206 1403 1262 experientia
1431 1205 1572 1254 didici,

137 1287 214 1329 lioe
247 1286 325 1327 nisi
361 1286 507 1328 facias.
543 1286 611 1326 xix
645 1285 697 1327 ab
731 1285 840 1334 aliis,
874 1293 1175 1342 praeterquam
1205 1286 1257 1328 al)
1279 1300 1364 1327 uno
1387 1285 1573 1328 alterove

138 1367 335 1421 magistro
384 1366 484 1408 satis
530 1366 749 1421 religioso,
803 1366 900 1408 talia
940 1366 1135 1423 exempla
1183 1367 1297 1423 apud
1343 1367 1574 1422 scriptores

136 1447 249 1502 ipsos
295 1447 445 1502 inquiri
495 1453 622 1503 atque
667 1447 905 1489 accuratius
946 1448 1192 1490 examinari.
1252 1448 1338 1490 Nec
1382 1461 1484 1490 vero
1532 1447 1574 1488 in

137 1528 226 1583 ipso
260 1526 359 1568 ludo
393 1526 593 1568 litterario
633 1541 729 1569 eum
767 1527 987 1584 discipulis
1027 1528 1080 1571 de
1121 1529 1171 1570 iis
1199 1529 1413 1571 disserere
1454 1527 1571 1577 licet,

137 1607 214 1649 uisi
239 1607 428 1663 ipsorum
461 1607 595 1649 oeulis
632 1607 822 1651 subiecta
852 1617 960 1651 sunt.
1021 1609 1184 1661 Quodsi
1222 1616 1355 1652 totum
1385 1609 1466 1651 hoc
1501 1623 1575 1665 ge-

135 1702 213 1728 nus
246 1687 385 1729 multis
422 1695 463 1730 et
498 1702 864 1744 supervacaneum
900 1690 1071 1732 omnino
1111 1698 1152 1733 et
1186 1691 1381 1747 putidum
1411 1690 1574 1733 widoni-

136 1777 220 1811 tur.
258 1769 470 1811 diversam
504 1769 747 1824 opinionem
779 1771 900 1827 sequi
931 1771 1031 1813 mihi
1054 1771 1203 1814 saltem
1232 1784 1486 1814 concessum
1508 1771 1572 1813 sit.

138 1849 390 1891 indicandae
425 1850 536 1891 enim
560 1849 673 1906 apud
706 1849 818 1894 hune
846 1856 1015 1907 poetam
1047 1852 1292 1895 necessario
1325 1859 1421 1894 sunt
1443 1852 1575 1894 Grae-

137 1944 282 1971 corum
325 1930 632 1986 exemplarium
682 1931 929 1974 manifestae
971 1932 1248 1982 imitationes3
1298 1933 1411 1974 iuvat
1450 1932 1576 1975 etiam

137 2010 317 2052 subinde
364 2011 621 2063 significare,
669 2011 740 2054 ubi
786 2025 887 2054 casu
926 2013 1066 2069 potius
1109 2027 1236 2069 quam
1280 2012 1458 2056 consilio
1499 2012 1575 2054 has

139 2089 281 2131 ill-asie
311 2091 541 2132 sententias
574 2106 670 2132 euin
699 2091 790 2132 aliis
826 2106 960 2148 prope
992 2107 1239 2136 communes
1270 2093 1442 2139 habeat,
1469 2100 1574 2150 ‚tum

140 2170 405 2224 praesertum,
444 2185 539 2212 cum
574 2171 612 2211 in
641 2171 848 2213 similibus
871 2173 1129 2226 arg-{umentis
1150 2173 1459 2229 pertractandis
1480 2187 1575 2216 ver-

139 2257 265 2290 satur.
329 2251 370 2290 ln
407 2251 552 2306 primis
596 2260 735 2294 autem
780 2252 1008 2295 lectoribus
1048 2254 1186 2295 minus
1226 2254 1465 2296 exercitatis
1501 2253 1576 2295 de-

139 2330 459 2372 monstrandum
481 2339 561 2373 est.
596 2332 822 2388 permulta,
858 2348 969 2389 quae
992 2334 1095 2389 ipsis
1117 2335 1345 2389 singularia
1366 2334 1430 2376 vel
1454 2348 1575 2390 pror-

139 2424 211 2451 sus
253 2410 416 2451 insolita
457 2411 692 2455 xideantur.
741 2414 890 2469 partim
920 2414 1076 2456 Graeco
1099 2415 1209 2470 simle
1239 2415 1575 2470 ‹·eci‹l1'.s:s·1÷pam—e

139 2491 315 2541 detorta,
350 2492 498 2547 partim
532 2492 681 2535 eadem
708 2495 883 2549 reperiri
917 2494 1042 2536 modo
1075 2496 1187 2551 apud
1210 2496 1472 2552 antiquimvs
1498 2496 1576 2537 La-

141 2571 265 2614 tinos,
299 2572 426 2613 niodo
455 2573 566 2627 apud
605 2574 760 2615 lloratii
791 2575 1016 2631 aequales.
1057 2576 1182 2617 inodo
1215 2584 1384 2631 recepta
1407 2590 1503 2618 esse
1527 2591 1574 2618 ac

143 2652 316 2706 repetita
366 2667 387 2692 a
430 2654 750 2708 posterioribus.
826 2658 1146 2711 Saepenumero
1196 2657 1321 2698 etiam
1365 2657 1575 2712 pedestris

142 2732 341 2773 orationis·
373 2733 637 2775 consuetudo
668 2734 778 2776 wlut
811 2737 1064 2792 opponenda
1098 2745 1158 2778 est
1197 2737 1407 2792 poeticae.
1447 2744 1487 2778 ut
1522 2736 1574 2777 d(-
