1997 3219
366 175 447 217 296
874 178 1040 209 lIORATII
1065 178 1285 210 CARMINUM

589 282 724 335 Leges
756 279 969 329 sinebant,
1003 280 1160 336 oppida
1191 279 1362 337 publico

645 361 823 416 Sumptu
853 360 1047 403 iubentes
1080 367 1121 402 et
1148 360 1331 403 deorum

700 440 872 497 Templa
902 455 1012 483 novo
1044 440 1250 483 decorare
1281 456 1396 484 saxo.
1745 443 1798 484 ⁶20

362 602 427 634 per
451 593 654 632 synaeresin
679 591 716 623 fit
748 591 983 632 trisyllabum,
1018 594 1056 623 ut

363 641 475 674 Manil.
503 643 538 680 4,
566 642 644 673 ⁴80:
676 642 764 672 Nam
780 650 883 681 neque
904 642 1057 681 fortuitos

361 695 453 723 ortus
464 690 669 732 sumentibus
684 691 782 721 astris
799 692 865 722 cet.
885 691 982 722 Idem
997 700 1057 721 va-

363 741 410 772 let
427 741 470 772 de
486 750 543 771 vv.
561 741 744 780 qratuitus,
765 741 900 779 pituita.
930 740 969 772 Ut
984 740 1052 779 hie,

362 790 542 822 Phaedrus
565 790 602 824 ⁶2,
636 788 674 827 li,
707 789 744 821 li:
781 790 855 821 Post
881 790 1056 829 fortuitum

360 840 438 880 feles
452 839 700 870 contubernium
716 840 783 871 cet.
803 856 837 860 —
853 839 901 870 Ex
914 839 981 869 hoc
998 839 1057 878 igi-

363 891 420 920 tur
443 889 595 929 caespite
619 887 732 919 ubivis
757 887 860 919 obvio
882 888 1057 919 faciebant

363 939 493 978 antiqui
516 938 643 978 partim
666 938 818 978 parietes
843 939 877 968 et
905 936 1054 969 culmina

365 989 539 1019 tectorum
565 987 666 1027 (Virg.
694 986 763 1018 Ecl.
789 988 824 1025 4,
851 987 908 1018 69:
944 987 1058 1027 tuguri

365 1040 553 1078 conqeslum
581 1037 721 1075 caespite
742 1036 881 1067 culmen.
915 1037 969 1067 Sic
991 1037 1059 1067 Ro-

363 1086 448 1118 muli
472 1094 553 1117 casa
582 1086 784 1117 stramentis
815 1086 906 1116 tecta
919 1095 929 1123 ,2-
963 1085 1054 1124 Virg.

363 1137 449 1167 Aen.
469 1135 504 1173 8,
525 1134 603 1166 654:
627 1135 843 1174 Romuleoque
857 1142 969 1165 recens
983 1134 1059 1165 hor-

362 1185 456 1216 rebat
477 1185 573 1224 regia
595 1184 739 1224 culmo.);
764 1184 890 1224 partim
912 1182 996 1215 alios
1013 1183 1058 1214 ad

364 1242 449 1266 usus
463 1232 688 1272 adhibebant,
703 1232 808 1264 veluti
823 1232 868 1264 ad
880 1242 958 1264 aras
972 1235 1060 1264 tem-

366 1284 536 1324 porarias.
553 1283 634 1313 Stat.
647 1283 758 1321 Tne,
781 1281 862 1314 246:
884 1291 1060 1323 pauperes

366 1332 466 1364 litant
477 1333 617 1371 caespite
628 1332 727 1370 nudo,
743 1331 838 1371 quod
850 1331 1060 1363 incredibili-

365 1383 420 1413 ter
436 1383 630 1422 exponunt:
658 1380 803 1411 «farre».
834 1380 954 1412 Tibull.
973 1382 1004 1419 ⁶2,
1024 1382 1054 1417 5,

365 1431 424 1461 99:
460 1430 501 1461 Al
531 1430 590 1461 sibi
621 1431 756 1469 quisque
785 1431 884 1470 dapes
911 1434 941 1461 et
961 1431 1061 1470 festas

365 1483 511 1511 eoestruet
535 1479 599 1510 alle
620 1479 819 1518 &cespitibus
838 1488 967 1510 mensas
983 1488 1060 1510 cae-

363 1529 561 1568 spitibusque
584 1532 703 1559 torum.
737 1529 863 1560 Contra
882 1529 964 1560 satis
980 1537 1060 1569 per-

367 1588 469 1610 verse
501 1577 555 1609 alii
580 1578 796 1618 interpretati
825 1579 907 1609 sunt
936 1578 980 1609 de
1004 1579 1056 1615 iis,

367 1629 425 1668 qui
449 1627 515 1659 sub
540 1627 595 1658 dio
618 1628 715 1658 humi
740 1636 777 1659 se
794 1628 955 1659 sternunt
971 1628 1060 1668 apri-

367 1678 510 1708 cationis
533 1675 589 1707 vel
612 1676 864 1708 meridiationis
881 1686 999 1708 causa.
1021 1695 1057 1699 ——

368 1727 534 1758 Ceterum
576 1726 610 1756 in
657 1734 698 1756 eo
737 1734 841 1756 nemo
879 1724 1055 1763 haerebit,

367 1775 461 1815 quod
486 1775 529 1806 de
550 1774 676 1805 talibus
693 1774 846 1815 legibus,
874 1784 964 1815 quae
983 1784 1060 1806 cae-

367 1825 456 1865 spite
481 1825 514 1855 in
537 1824 678 1864 privatis
714 1824 897 1861 aedificiis,
935 1825 969 1855 in
992 1833 1060 1865 pu-

365 1873 465 1905 blicis
490 1882 573 1904 voro
602 1872 775 1913 lapidibus
806 1873 854 1904 uti
878 1873 1057 1911 iuberent,

368 1922 450 1954 nihil
472 1931 564 1953 nunc
596 1924 747 1959 constat,
781 1931 864 1953 nam
893 1924 995 1963 poeta
1025 1923 1059 1954 id

367 1974 500 2003 tantum
517 1972 702 2012 spectavit,
726 1973 763 2002 ut
778 1971 891 2002 vivida
909 1973 1058 2011 imagine

367 2020 505 2062 priscae
540 2022 630 2052 vitae
667 2020 923 2061 simplicitatem
959 2021 1059 2053 nobis

368 2079 453 2111 prae
475 2069 582 2101 oculis
606 2072 764 2111 poneret,
792 2072 827 2101 ut
844 2070 941 2101 Ovid.
968 2071 1057 2102 Fast.

370 2121 407 2157 11,
432 2119 512 2150 203:
541 2120 665 2160 (prisco
690 2119 860 2159 tempore)
879 2120 1061 2150 Frondibus

370 2168 549 2207 ornabant,
576 2177 660 2207 quae
682 2177 769 2199 nunc
793 2168 955 2207 Capitolia
969 2177 1061 2209 qem-

369 2218 450 2257 mis,
482 2218 699 2256 Pascebalque
728 2226 805 2248 suas
834 2218 901 2256 ipse
931 2221 1063 2249 senator

371 2276 454 2297 oves.
480 2268 545 2298 Noc
564 2267 674 2306 pudor
696 2267 730 2297 in
752 2267 875 2305 stipula
891 2267 1062 2306 placidam

370 2317 487 2355 cepisse
510 2317 666 2355 quietem,
702 2317 768 2347 Nec
797 2316 930 2356 foenum
959 2318 1062 2356 capiti

1105 593 1308 631 supposuisse
1329 593 1393 633 fuit
1416 594 1497 630 cet,
1524 594 1628 633 atque
1654 601 1800 624 consue-

1106 641 1262 673 tudinem
1287 650 1476 682 moresque
1501 643 1660 682 antiquos
1682 643 1798 683 potius

1105 691 1259 732 respexit
1292 700 1398 732 quam
1433 691 1528 732 leges
1563 693 1722 733 scriptas.
1760 710 1795 714 -

1106 741 1242 781 oppida]
1287 749 1408 773 muros
1446 742 1655 782 praesertim
1693 742 1798 782 atque

1106 789 1262 820 aedificia
1287 789 1440 830 publica.

1149 839 1201 869 ΞΟ.
1231 839 1370 879 Templa]
1398 839 1549 871 «Caesar
1576 840 1795 877 Octavianus,

1103 891 1249 918 veterum
1272 888 1380 927 legum
1403 891 1521 927 tenu-w,
1555 897 1586 919 a.
1613 889 1687 920 7:26.
1713 897 1799 929 cen-

1107 944 1225 967 suram
1243 945 1350 976 agens
1367 937 1474 968 aedes
1492 946 1610 969 sacras
1626 938 1799 969 vetustate

1108 985 1277 1026 collapsas
1312 987 1371 1017 aut
1404 986 1565 1017 incendio
1595 986 1800 1027 absumptas

1107 1034 1246 1072 refecit,
1279 1043 1409 1075 easque
1435 1037 1469 1066 et
1493 1037 1629 1067 ceteras
1653 1036 1801 1077 opulen-

1108 1084 1250 1116 tissimis
1276 1084 1376 1116 donis
1401 1084 1599 1124 adornavit,
1625 1085 1799 1117 referente

1108 1134 1273 1164 Suetonio
1303 1134 1421 1165 Octav.
1446 1134 1521 1165 30.»
1562 1135 1711 1173 FRANKE,
1741 1135 1800 1175 qui

1108 1183 1189 1214 hinc
1213 1184 1309 1214 recte
1327 1182 1469 1223 colligit,
1497 1183 1624 1215 eodem
1641 1183 1696 1215 illo
1714 1185 1802 1215 tem-

1108 1241 1193 1272 pore
1210 1232 1277 1263 hoe
1294 1241 1437 1264 carmen
1455 1234 1688 1274 compositum
1706 1242 1796 1265 esse.

1112 1299 1147 1303 —
1178 1290 1262 1312 novo
1291 1282 1447 1313 decorare
1474 1282 1573 1323 saaeo]
1606 1292 1755 1314 «recens
1780 1292 1799 1314 e

1108 1329 1301 1371 lapicidinis
1336 1332 1453 1363 exciso
1485 1332 1529 1363 ad
1561 1331 1691 1373 templa
1715 1341 1801 1363 con-

1109 1380 1314 1411 struenda.»
1362 1382 1437 1413 Non
1471 1382 1590 1421 video,
1628 1391 1690 1414 cur
1720 1391 1801 1414 cum

1109 1430 1243 1461 Handio
1276 1430 1321 1462 ad
1353 1432 1456 1462 Gron.
1488 1432 1594 1463 Diatr.
1628 1433 1658 1463 4.
1683 1441 1718 1473 p.
1745 1431 1798 1463 76.

1109 1479 1327 1520 interpretari
1352 1479 1566 1512 debeamus:
1594 1482 1715 1519 «miro,
1742 1480 1802 1512 ad-

1109 1529 1286 1568 mirando,
1313 1529 1407 1569 quod
1427 1530 1627 1561 inusitatam
1644 1531 1800 1571 speciem

1109 1577 1289 1618 decusque
1321 1578 1461 1610 habet.»
1508 1580 1596 1610 Nam
1628 1578 1736 1610 multa
1767 1583 1802 1612 et

1109 1628 1350 1667 antiquissima
1386 1629 1485 1659 erant
1512 1629 1546 1659 in
1574 1627 1670 1659 Italia
1694 1636 1800 1669 opera

1110 1685 1128 1707 e
1153 1677 1244 1708 saxis
1265 1679 1477 1713 constructa,
1503 1678 1594 1708 muri
1617 1677 1662 1708 illi
1679 1676 1803 1718 Cyclo-

1108 1726 1166 1766 pii,
1195 1725 1350 1766 Capitolii
1374 1726 1670 1765 substructiones,
1705 1726 1801 1758 cloa-

1110 1784 1149 1806 ca
1174 1776 1341 1813 maxima,
1380 1776 1600 1808 emissarium
1623 1775 1719 1808 lacus
1741 1775 1801 1808 Al-

1109 1824 1191 1855 bani
1215 1826 1296 1863 cet,
1323 1825 1411 1856 adeo
1428 1826 1466 1856 ut
1485 1824 1655 1866 templum
1673 1834 1691 1857 e
1709 1826 1800 1857 saxis

1110 1873 1286 1914 quadratis
1332 1874 1554 1905 aedificatum
1601 1875 1800 1906 inusitatam

1109 1923 1265 1963 speciem
1295 1923 1351 1953 vix
1374 1922 1562 1963 praeberet
1593 1924 1713 1964 primis
1737 1924 1800 1954 tri-

1110 1972 1176 2003 bus
1211 1972 1309 2005 Urbis
1349 1972 1486 2004 seculis.
1535 1973 1701 2004 Ceterum
1735 1973 1796 2004 cfr.

1111 2022 1181 2053 Cic.
1206 2031 1270 2062 pro
1295 2020 1416 2053 Flacco
1441 2022 1498 2053 42:
1534 2022 1622 2053 Haec
1651 2023 1739 2053 ratio
1760 2030 1800 2053 ac

1108 2071 1301 2111 ‘magnitudo
1335 2071 1523 2102 animorum
1556 2071 1591 2102 in
1619 2071 1800 2102 maioribus

1108 2121 1228 2151 nostris
1241 2120 1322 2160 fuit,
1346 2123 1394 2158 ul,
1413 2129 1487 2151 cum
1502 2121 1536 2151 in
1548 2121 1691 2159 privatis
1704 2120 1801 2151 rebus

1109 2169 1237 2208 suisque
1273 2169 1451 2208 sumptibus
1486 2170 1621 2200 minimo
1659 2170 1800 2201 contenti

1110 2218 1296 2249 tenuissimo
1319 2218 1408 2249 cultu
1422 2218 1586 2257 viverent,
1611 2219 1645 2249 in
1661 2219 1798 2258 imperio

1111 2271 1209 2307 atque
1230 2268 1265 2298 in
1283 2268 1418 2307 publica
1441 2268 1599 2308 diynitate
1621 2268 1732 2299 omnia
1755 2269 1799 2299 ad

1108 2317 1252 2358 gloriam
1274 2318 1539 2357 splendoremque
1561 2320 1762 2349 revocarent.
