<?xml version="1.0" encoding="UTF-8"?>
<!DOCTYPE html PUBLIC "-//W3C//DTD XHTML 1.0 Transitional//EN"
    "http://www.w3.org/TR/xhtml1/DTD/xhtml1-transitional.dtd">
<html xmlns="http://www.w3.org/1999/xhtml" xml:lang="en" lang="en">
 <head>
  <title>
</title>
<meta http-equiv="Content-Type" content="text/html;charset=utf-8" />
  <meta name='ocr-system' content='tesseract 3.04.00' />
  <meta name='ocr-capabilities' content='ocr_page ocr_carea ocr_par ocr_line ocrx_word'/>
</head>
<body>
  <div class='ocr_page' id='page_1' title='image "./qhoratiusflaccus01horauoft/qhoratiusflaccus01horauoft_0468.png"; bbox 0 0 1997 3219; ppageno 0'>
   <div class='ocr_carea' id='block_1_1' title="bbox 297 213 375 254">
    <p class='ocr_par' dir='ltr' id='par_1_1' title="bbox 297 213 375 254">
     <span class='ocr_line' id='line_1_1' title="bbox 297 213 375 254; baseline 0 -1"><span class='ocrx_word' id='word_1_1' title='bbox 297 213 375 254; x_wconf 67' lang='lat' dir='ltr'>fill-</span> 
     </span>
    </p>
   </div>
   <div class='ocr_carea' id='block_1_2' title="bbox 804 211 1217 244">
    <p class='ocr_par' dir='ltr' id='par_1_2' title="bbox 804 211 1217 244">
     <span class='ocr_line' id='line_1_2' title="bbox 804 211 1217 244; baseline -0.005 0"><span class='ocrx_word' id='word_1_2' title='bbox 804 212 969 244; x_wconf 67' lang='lat' dir='ltr'>HORATH</span> <span class='ocrx_word' id='word_1_3' title='bbox 996 211 1217 243; x_wconf 74' lang='lat' dir='ltr'>uARMlNUM</span> 
     </span>
    </p>
   </div>
   <div class='ocr_carea' id='block_1_3' title="bbox 521 314 1327 372">
    <p class='ocr_par' dir='ltr' id='par_1_3' title="bbox 521 314 1327 372">
     <span class='ocr_line' id='line_1_3' title="bbox 521 314 1327 372; baseline -0.005 -15"><span class='ocrx_word' id='word_1_4' title='bbox 521 317 653 372; x_wconf 76' lang='lat' dir='ltr'>Digna</span> <span class='ocrx_word' id='word_1_5' title='bbox 685 316 902 371; x_wconf 78' lang='lat' dir='ltr'>periurum</span> <span class='ocrx_word' id='word_1_6' title='bbox 934 314 1008 355; x_wconf 82' lang='lat' dir='ltr'>suit</span> <span class='ocrx_word' id='word_1_7' title='bbox 1039 315 1079 354; x_wconf 89' lang='lat' dir='ltr'>in</span> <span class='ocrx_word' id='word_1_8' title='bbox 1109 318 1327 369; x_wconf 71' lang='lat' dir='ltr'>“parentem</span> 
     </span>
    </p>
   </div>
   <div class='ocr_carea' id='block_1_4' title="bbox 522 391 1733 452">
    <p class='ocr_par' dir='ltr' id='par_1_4' title="bbox 522 391 1733 452">
     <span class='ocr_line' id='line_1_4' title="bbox 522 391 1733 452; baseline -0.007 -14"><span class='ocrx_word' id='word_1_9' title='bbox 522 395 752 452; x_wconf 79' lang='lat' dir='ltr'>Splendide</span> <span class='ocrx_word' id='word_1_10' title='bbox 785 394 966 437; x_wconf 82' lang='lat' dir='ltr'>mendax</span> <span class='ocrx_word' id='word_1_11' title='bbox 997 400 1038 436; x_wconf 86' lang='lat' dir='ltr'>et</span> <span class='ocrx_word' id='word_1_12' title='bbox 1068 394 1107 434; x_wconf 84' lang='lat' dir='ltr'>in</span> <span class='ocrx_word' id='word_1_13' title='bbox 1144 407 1268 434; x_wconf 88' lang='lat' dir='ltr'>omne</span> <span class='ocrx_word' id='word_1_14' title='bbox 1300 393 1416 444; x_wconf 64' lang='lat' dir='ltr'>virgo</span> <span class='ocrx_word' id='word_1_15' title='bbox 1682 391 1733 429; x_wconf 72' lang='grc'>331</span> 
     </span>
    </p>
   </div>
   <div class='ocr_carea' id='block_1_5' title="bbox 630 476 998 519">
    <p class='ocr_par' dir='ltr' id='par_1_5' title="bbox 630 476 998 519">
     <span class='ocr_line' id='line_1_5' title="bbox 630 476 998 519; baseline -0.008 -1"><span class='ocrx_word' id='word_1_16' title='bbox 630 476 788 518; x_wconf 83' lang='lat' dir='ltr'>Nobilis</span> <span class='ocrx_word' id='word_1_17' title='bbox 829 489 998 519; x_wconf 81' lang='lat' dir='ltr'>aevum.</span> 
     </span>
    </p>
   </div>
   <div class='ocr_carea' id='block_1_6' title="bbox 523 578 1333 637">
    <p class='ocr_par' dir='ltr' id='par_1_6' title="bbox 523 578 1333 637">
     <span class='ocr_line' id='line_1_6' title="bbox 523 578 1333 637; baseline -0.006 -14"><span class='ocrx_word' id='word_1_18' title='bbox 523 585 679 637; x_wconf 73' lang='lat' dir='ltr'>Surge,</span> <span class='ocrx_word' id='word_1_19' title='bbox 713 594 825 636; x_wconf 79' lang='lat' dir='ltr'>quae</span> <span class='ocrx_word' id='word_1_20' title='bbox 856 580 959 621; x_wconf 82' lang='lat' dir='ltr'>dixit</span> <span class='ocrx_word' id='word_1_21' title='bbox 991 579 1131 621; x_wconf 83' lang='lat' dir='ltr'>iuveni</span> <span class='ocrx_word' id='word_1_22' title='bbox 1163 578 1333 625; x_wconf 85' lang='lat' dir='ltr'>marito,</span> 
     </span>
    </p>
   </div>
   <div class='ocr_carea' id='block_1_7' title="bbox 523 657 1429 718">
    <p class='ocr_par' dir='ltr' id='par_1_7' title="bbox 523 657 1429 718">
     <span class='ocr_line' id='line_1_7' title="bbox 523 657 1429 718; baseline -0.007 -14"><span class='ocrx_word' id='word_1_23' title='bbox 523 663 677 718; x_wconf 78' lang='lat' dir='ltr'>Surge,</span> <span class='ocrx_word' id='word_1_24' title='bbox 711 674 763 703; x_wconf 86' lang='lat' dir='ltr'>ne</span> <span class='ocrx_word' id='word_1_25' title='bbox 794 660 945 716; x_wconf 83' lang='lat' dir='ltr'>longus</span> <span class='ocrx_word' id='word_1_26' title='bbox 978 659 1056 701; x_wconf 81' lang='lat' dir='ltr'>tibi</span> <span class='ocrx_word' id='word_1_27' title='bbox 1088 672 1282 707; x_wconf 90' lang='lat' dir='ltr'>somnus,</span> <span class='ocrx_word' id='word_1_28' title='bbox 1318 657 1429 699; x_wconf 87' lang='lat' dir='ltr'>unde</span> 
     </span>
    </p>
   </div>
   <div class='ocr_carea' id='block_1_8' title="bbox 521 738 1513 791">
    <p class='ocr_par' dir='ltr' id='par_1_8' title="bbox 521 738 1513 791">
     <span class='ocr_line' id='line_1_8' title="bbox 521 738 1513 791; baseline -0.005 -7"><span class='ocrx_word' id='word_1_29' title='bbox 521 744 611 784; x_wconf 90' lang='lat' dir='ltr'>Non</span> <span class='ocrx_word' id='word_1_30' title='bbox 643 742 786 789; x_wconf 90' lang='lat' dir='ltr'>times,</span> <span class='ocrx_word' id='word_1_31' title='bbox 819 741 964 791; x_wconf 69' lang='lat' dir='ltr'>demi-3</span> <span class='ocrx_word' id='word_1_32' title='bbox 996 753 1195 782; x_wconf 81' lang='lat' dir='ltr'>socerum</span> <span class='ocrx_word' id='word_1_33' title='bbox 1227 745 1268 781; x_wconf 90' lang='lat' dir='ltr'>et</span> <span class='ocrx_word' id='word_1_34' title='bbox 1308 738 1513 780; x_wconf 81' lang='lat' dir='ltr'>scelestas</span> 
     </span>
    </p>
   </div>
   <div class='ocr_carea' id='block_1_9' title="bbox 636 821 973 869">
    <p class='ocr_par' dir='ltr' id='par_1_9' title="bbox 636 821 973 869">
     <span class='ocr_line' id='line_1_9' title="bbox 636 821 973 869; baseline -0.003 -6"><span class='ocrx_word' id='word_1_35' title='bbox 636 821 749 864; x_wconf 87' lang='lat' dir='ltr'>Falle</span> <span class='ocrx_word' id='word_1_36' title='bbox 783 834 973 869; x_wconf 81' lang='lat' dir='ltr'>sorores,</span> 
     </span>
    </p>
   </div>
   <div class='ocr_carea' id='block_1_10' title="bbox 1688 818 1738 857">
    <p class='ocr_par' dir='ltr' id='par_1_10' title="bbox 1688 818 1738 857">
     <span class='ocr_line' id='line_1_10' title="bbox 1688 818 1738 857; baseline -0.02 -1"><span class='ocrx_word' id='word_1_37' title='bbox 1688 818 1738 857; x_wconf 77' lang='lat' dir='ltr'>-l-lJ</span> 
     </span>
    </p>
   </div>
   <div class='ocr_carea' id='block_1_11' title="bbox 528 924 1363 979">
    <p class='ocr_par' dir='ltr' id='par_1_11' title="bbox 528 924 1363 979">
     <span class='ocr_line' id='line_1_11' title="bbox 528 924 1363 979; baseline -0.005 -10"><span class='ocrx_word' id='word_1_38' title='bbox 528 929 648 979; x_wconf 89' lang='lat' dir='ltr'>Quae</span> <span class='ocrx_word' id='word_1_39' title='bbox 678 926 794 968; x_wconf 76' lang='lat' dir='ltr'>velut</span> <span class='ocrx_word' id='word_1_40' title='bbox 824 932 972 968; x_wconf 84' lang='lat' dir='ltr'>nactae</span> <span class='ocrx_word' id='word_1_41' title='bbox 1002 924 1157 966; x_wconf 80' lang='lat' dir='ltr'>vitulos</span> <span class='ocrx_word' id='word_1_42' title='bbox 1188 924 1363 966; x_wconf 80' lang='lat' dir='ltr'>leaenae</span> 
     </span>
    </p>
   </div>
   <div class='ocr_carea' id='block_1_12' title="bbox 525 1003 1329 1064">
    <p class='ocr_par' dir='ltr' id='par_1_12' title="bbox 525 1003 1329 1064">
     <span class='ocr_line' id='line_1_12' title="bbox 525 1003 1329 1064; baseline -0.007 -14"><span class='ocrx_word' id='word_1_43' title='bbox 525 1007 722 1064; x_wconf 81' lang='lat' dir='ltr'>Singulos</span> <span class='ocrx_word' id='word_1_44' title='bbox 754 1006 865 1049; x_wconf 90' lang='lat' dir='ltr'>eheu</span> <span class='ocrx_word' id='word_1_45' title='bbox 895 1005 1104 1048; x_wconf 85' lang='lat' dir='ltr'>lacerant:</span> <span class='ocrx_word' id='word_1_46' title='bbox 1139 1018 1219 1060; x_wconf 79' lang='lat' dir='ltr'>ego</span> <span class='ocrx_word' id='word_1_47' title='bbox 1250 1003 1329 1051; x_wconf 88' lang='lat' dir='ltr'>illis</span> 
     </span>
    </p>
   </div>
   <div class='ocr_carea' id='block_1_13' title="bbox 525 1084 1357 1141">
    <p class='ocr_par' dir='ltr' id='par_1_13' title="bbox 525 1084 1357 1141">
     <span class='ocr_line' id='line_1_13' title="bbox 525 1084 1357 1141; baseline -0.006 -11"><span class='ocrx_word' id='word_1_48' title='bbox 525 1088 689 1130; x_wconf 87' lang='lat' dir='ltr'>Mollior</span> <span class='ocrx_word' id='word_1_49' title='bbox 719 1101 798 1129; x_wconf 88' lang='grc'><strong>1166</strong></span> <span class='ocrx_word' id='word_1_50' title='bbox 828 1094 868 1128; x_wconf 88' lang='lat' dir='ltr'>te</span> <span class='ocrx_word' id='word_1_51' title='bbox 899 1085 1047 1127; x_wconf 87' lang='lat' dir='ltr'>feriam</span> <span class='ocrx_word' id='word_1_52' title='bbox 1077 1098 1219 1141; x_wconf 85' lang='lat' dir='ltr'>neque</span> <span class='ocrx_word' id='word_1_53' title='bbox 1251 1084 1357 1126; x_wconf 85' lang='lat' dir='ltr'>intra</span> 
     </span>
    </p>
   </div>
   <div class='ocr_carea' id='block_1_14' title="bbox 390 1222 1698 1265">
    <p class='ocr_par' dir='ltr' id='par_1_14' title="bbox 390 1222 1698 1265">
     <span class='ocr_line' id='line_1_14' title="bbox 390 1222 1698 1265; baseline -0.005 -6"><span class='ocrx_word' id='word_1_54' title='bbox 390 1228 442 1259; x_wconf 77' lang='lat'>36.</span> <span class='ocrx_word' id='word_1_55' title='bbox 481 1235 561 1258; x_wconf 80' lang='lat' dir='ltr'>aevo</span> <span class='ocrx_word' id='word_1_56' title='bbox 587 1226 632 1265; x_wconf 78' lang='lat' dir='ltr'>(id</span> <span class='ocrx_word' id='word_1_57' title='bbox 658 1227 727 1262; x_wconf 84' lang='lat' dir='ltr'>est,</span> <span class='ocrx_word' id='word_1_58' title='bbox 766 1225 890 1264; x_wconf 71' lang='lat' dir='ltr'>aevom)</span> <span class='ocrx_word' id='word_1_59' title='bbox 916 1225 952 1255; x_wconf 88' lang='lat' dir='ltr'>B.</span> <span class='ocrx_word' id='word_1_60' title='bbox 988 1241 1024 1245; x_wconf 91' lang='lat'><strong>—</strong></span> <span class='ocrx_word' id='word_1_61' title='bbox 1057 1222 1108 1255; x_wconf 73' lang='lat'>43.</span> <span class='ocrx_word' id='word_1_62' title='bbox 1136 1232 1192 1254; x_wconf 75' lang='lat' dir='ltr'>nec</span> <span class='ocrx_word' id='word_1_63' title='bbox 1220 1223 1311 1253; x_wconf 75' lang='lat' dir='ltr'>intra</span> <span class='ocrx_word' id='word_1_64' title='bbox 1334 1222 1504 1260; x_wconf 84' lang='lat' dir='ltr'>de‚LCt.</span> <span class='ocrx_word' id='word_1_65' title='bbox 1545 1223 1593 1262; x_wconf 86' lang='lat' dir='ltr'>(Ut</span> <span class='ocrx_word' id='word_1_66' title='bbox 1618 1231 1698 1260; x_wconf 73' lang='lat' dir='ltr'>nos,</span> 
     </span>
    </p>
   </div>
   <div class='ocr_carea' id='block_1_15' title="bbox 346 1274 552 1318">
    <p class='ocr_par' dir='ltr' id='par_1_15' title="bbox 346 1274 552 1318">
     <span class='ocr_line' id='line_1_15' title="bbox 346 1274 552 1318; baseline -0.01 -10"><span class='ocrx_word' id='word_1_67' title='bbox 346 1274 552 1318; x_wconf 62' lang='lat' dir='ltr'>ssscssydu.)</span> 
     </span>
    </p>
   </div>
   <div class='ocr_carea' id='block_1_16' title="bbox 303 1387 1012 2810">
    <p class='ocr_par' dir='ltr' id='par_1_16' title="bbox 303 1387 1003 1927">
     <span class='ocr_line' id='line_1_16' title="bbox 303 1387 998 1436; baseline -0.009 -11"><span class='ocrx_word' id='word_1_68' title='bbox 303 1391 480 1436; x_wconf 70' lang='grc' dir='ltr'>πλάγχθη</span> <span class='ocrx_word' id='word_1_69' title='bbox 504 1389 748 1434; x_wconf 71' lang='grc' dir='ltr'><strong><em>μονόψαφον</em></strong></span> <span class='ocrx_word' id='word_1_70' title='bbox 780 1389 819 1422; x_wconf 78' lang='grc' dir='ltr'><em>ἐν</em></span> <span class='ocrx_word' id='word_1_71' title='bbox 854 1387 998 1431; x_wconf 69' lang='grc' dir='ltr'><em>κουλεῷ</em></span> 
     </span>
     <span class='ocr_line' id='line_1_17' title="bbox 305 1438 997 1481; baseline -0.007 -6"><span class='ocrx_word' id='word_1_72' title='bbox 305 1444 547 1481; x_wconf 76' lang='grc' dir='ltr'><em>κατασχοῖσα</em></span> <span class='ocrx_word' id='word_1_73' title='bbox 559 1439 684 1481; x_wconf 76' lang='grc' dir='ltr'><em>ξίφος.</em></span> <span class='ocrx_word' id='word_1_74' title='bbox 706 1438 869 1480; x_wconf 83' lang='lat' dir='ltr'>Aeschyl.</span> <span class='ocrx_word' id='word_1_75' title='bbox 881 1441 997 1470; x_wconf 89' lang='lat' dir='ltr'>Prom.</span> 
     </span>
     <span class='ocr_line' id='line_1_18' title="bbox 304 1486 1001 1533; baseline -0.01 -8"><span class='ocrx_word' id='word_1_76' title='bbox 304 1494 384 1525; x_wconf 79' lang='lat'>865:</span> <span class='ocrx_word' id='word_1_77' title='bbox 418 1492 518 1523; x_wconf 84' lang='grc' dir='ltr'><em>Μίαν</em></span> <span class='ocrx_word' id='word_1_78' title='bbox 539 1490 578 1522; x_wconf 76' lang='grc' dir='ltr'>δὲ</span> <span class='ocrx_word' id='word_1_79' title='bbox 601 1488 744 1522; x_wconf 77' lang='grc' dir='ltr'><em>παίδων</em></span> <span class='ocrx_word' id='word_1_80' title='bbox 768 1488 897 1533; x_wconf 73' lang='grc' dir='ltr'><em>ἵμερος</em></span> <span class='ocrx_word' id='word_1_81' title='bbox 912 1486 1001 1519; x_wconf 77' lang='grc' dir='ltr'><em>θέλ-</em></span> 
     </span>
     <span class='ocr_line' id='line_1_19' title="bbox 305 1533 998 1582; baseline -0.009 -9"><span class='ocrx_word' id='word_1_82' title='bbox 305 1540 360 1582; x_wconf 75' lang='grc' dir='ltr'>ξει</span> <span class='ocrx_word' id='word_1_83' title='bbox 384 1538 426 1573; x_wconf 86' lang='grc' dir='ltr'>τὸ</span> <span class='ocrx_word' id='word_1_84' title='bbox 443 1538 498 1582; x_wconf 72' lang='grc' dir='ltr'>μὴ</span> <span class='ocrx_word' id='word_1_85' title='bbox 516 1541 668 1572; x_wconf 80' lang='grc' dir='ltr'><em>Κτεῖναι</em></span> <span class='ocrx_word' id='word_1_86' title='bbox 691 1536 893 1576; x_wconf 77' lang='grc' dir='ltr'><em>σύνευνον,</em></span> <span class='ocrx_word' id='word_1_87' title='bbox 919 1533 998 1569; x_wconf 76' lang='grc' dir='ltr'>ἀλλ’</span> 
     </span>
     <span class='ocr_line' id='line_1_20' title="bbox 306 1585 1002 1632; baseline -0.007 -10"><span class='ocrx_word' id='word_1_88' title='bbox 306 1587 675 1632; x_wconf 77' lang='grc' dir='ltr'><em>ἀπαμβλυνθήσεται</em></span> <span class='ocrx_word' id='word_1_89' title='bbox 690 1585 871 1629; x_wconf 58' lang='grc' dir='ltr'><em>Γνώμην</em></span> <span class='ocrx_word' id='word_1_90' title='bbox 895 1585 1002 1618; x_wconf 81' lang='grc' dir='ltr'><em>δυοῖν</em></span> 
     </span>
     <span class='ocr_line' id='line_1_21' title="bbox 305 1632 1002 1684; baseline -0.007 -13"><span class='ocrx_word' id='word_1_91' title='bbox 305 1639 344 1672; x_wconf 81' lang='grc' dir='ltr'>δὲ</span> <span class='ocrx_word' id='word_1_92' title='bbox 377 1637 540 1684; x_wconf 75' lang='grc' dir='ltr'><em>θάτερον</em></span> <span class='ocrx_word' id='word_1_93' title='bbox 570 1634 827 1680; x_wconf 78' lang='grc' dir='ltr'><em>βουλήσεται,</em></span> <span class='ocrx_word' id='word_1_94' title='bbox 867 1632 1002 1668; x_wconf 79' lang='grc' dir='ltr'><em>Κλύειν</em></span> 
     </span>
     <span class='ocr_line' id='line_1_22' title="bbox 305 1683 1000 1729; baseline -0.01 -7"><span class='ocrx_word' id='word_1_95' title='bbox 305 1686 462 1729; x_wconf 75' lang='grc' dir='ltr'><em>ἄναλκις</em></span> <span class='ocrx_word' id='word_1_96' title='bbox 499 1686 645 1729; x_wconf 72' lang='grc' dir='ltr'><em>μᾶλλον</em></span> <span class='ocrx_word' id='word_1_97' title='bbox 694 1684 720 1729; x_wconf 78' lang='grc' dir='ltr'><strong><em>ἧ</em></strong></span> <span class='ocrx_word' id='word_1_98' title='bbox 767 1683 978 1727; x_wconf 79' lang='grc' dir='ltr'><em>μιαιφόνος</em></span> <span class='ocrx_word' id='word_1_99' title='bbox 993 1693 1000 1701; x_wconf 90' lang='grc'><em>·</em></span> 
     </span>
     <span class='ocr_line' id='line_1_23' title="bbox 309 1732 1003 1782; baseline -0.009 -11"><span class='ocrx_word' id='word_1_100' title='bbox 309 1735 411 1780; x_wconf 81' lang='grc' dir='ltr'><em>Αὕτη</em></span> <span class='ocrx_word' id='word_1_101' title='bbox 448 1739 528 1769; x_wconf 82' lang='grc' dir='ltr'><em>κατ’</em></span> <span class='ocrx_word' id='word_1_102' title='bbox 554 1733 687 1782; x_wconf 67' lang='grc' dir='ltr'><em>Ἥργος</em></span> <span class='ocrx_word' id='word_1_103' title='bbox 709 1732 912 1775; x_wconf 80' lang='grc' dir='ltr'><em>βασιλικὸν</em></span> <span class='ocrx_word' id='word_1_104' title='bbox 944 1734 1003 1765; x_wconf 76' lang='grc' dir='ltr'>τὲ-</span> 
     </span>
     <span class='ocr_line' id='line_1_24' title="bbox 306 1783 1002 1833; baseline -0.011 -12"><span class='ocrx_word' id='word_1_105' title='bbox 306 1787 361 1830; x_wconf 77' lang='grc' dir='ltr'>ξει</span> <span class='ocrx_word' id='word_1_106' title='bbox 376 1789 495 1831; x_wconf 79' lang='grc' dir='ltr'><em>γένος.</em></span> <span class='ocrx_word' id='word_1_107' title='bbox 536 1786 587 1833; x_wconf 58' lang='lat' dir='ltr'>{m</span> <span class='ocrx_word' id='word_1_108' title='bbox 612 1794 716 1817; x_wconf 86' lang='lat' dir='ltr'>usum</span> <span class='ocrx_word' id='word_1_109' title='bbox 733 1783 1002 1825; x_wconf 79' lang='lat' dir='ltr'>praepositionis</span> 
     </span>
     <span class='ocr_line' id='line_1_25' title="bbox 307 1833 1003 1876; baseline -0.01 -6"><span class='ocrx_word' id='word_1_110' title='bbox 307 1839 346 1870; x_wconf 82' lang='lat' dir='ltr'>de</span> <span class='ocrx_word' id='word_1_111' title='bbox 369 1838 430 1869; x_wconf 87' lang='lat' dir='ltr'>cfr.</span> <span class='ocrx_word' id='word_1_112' title='bbox 457 1837 528 1868; x_wconf 81' lang='lat' dir='ltr'>Cic.</span> <span class='ocrx_word' id='word_1_113' title='bbox 555 1844 619 1876; x_wconf 91' lang='lat' dir='ltr'>pro</span> <span class='ocrx_word' id='word_1_114' title='bbox 644 1834 711 1866; x_wconf 84' lang='lat' dir='ltr'>Mil.</span> <span class='ocrx_word' id='word_1_115' title='bbox 739 1833 802 1866; x_wconf 69' lang='lat'>24:</span> <span class='ocrx_word' id='word_1_116' title='bbox 835 1843 866 1865; x_wconf 84' lang='lat' dir='ltr'>se</span> <span class='ocrx_word' id='word_1_117' title='bbox 891 1833 1003 1873; x_wconf 55' lang='lat' dir='ltr'>,qladz&#39;o</span> 
     </span>
     <span class='ocr_line' id='line_1_26' title="bbox 305 1883 893 1927; baseline -0.009 -9"><span class='ocrx_word' id='word_1_118' title='bbox 305 1894 495 1927; x_wconf 77' lang='lat' dir='ltr'>percussum</span> <span class='ocrx_word' id='word_1_119' title='bbox 518 1893 583 1916; x_wconf 77' lang='lat' dir='ltr'>esse</span> <span class='ocrx_word' id='word_1_120' title='bbox 605 1884 646 1914; x_wconf 88' lang='lat' dir='ltr'>ab</span> <span class='ocrx_word' id='word_1_121' title='bbox 668 1892 735 1914; x_wconf 77' lang='lat' dir='ltr'>uno</span> <span class='ocrx_word' id='word_1_122' title='bbox 759 1884 797 1914; x_wconf 86' lang='lat' dir='ltr'>de</span> <span class='ocrx_word' id='word_1_123' title='bbox 819 1883 893 1913; x_wconf 81' lang='lat' dir='ltr'>illis.</span> 
     </span>
    </p>

    <p class='ocr_par' dir='ltr' id='par_1_17' title="bbox 308 1931 1008 2567">
     <span class='ocr_line' id='line_1_27' title="bbox 352 1931 1004 1974; baseline -0.009 -6"><span class='ocrx_word' id='word_1_124' title='bbox 352 1936 404 1968; x_wconf 77' lang='lat'>34.</span> <span class='ocrx_word' id='word_1_125' title='bbox 442 1935 494 1967; x_wconf 86' lang='lat'>35.</span> <span class='ocrx_word' id='word_1_126' title='bbox 527 1933 712 1974; x_wconf 73' lang='lat' dir='ltr'>periurum]</span> <span class='ocrx_word' id='word_1_127' title='bbox 750 1933 831 1973; x_wconf 86' lang='lat' dir='ltr'>quia</span> <span class='ocrx_word' id='word_1_128' title='bbox 867 1931 1004 1963; x_wconf 81' lang='lat' dir='ltr'>filiabus</span> 
     </span>
     <span class='ocr_line' id='line_1_28' title="bbox 308 1981 1005 2025; baseline -0.007 -8"><span class='ocrx_word' id='word_1_129' title='bbox 308 1988 343 2018; x_wconf 92' lang='lat' dir='ltr'>in</span> <span class='ocrx_word' id='word_1_130' title='bbox 367 1992 580 2025; x_wconf 81' lang='lat' dir='ltr'>generorum</span> <span class='ocrx_word' id='word_1_131' title='bbox 604 1983 799 2023; x_wconf 80' lang='lat' dir='ltr'>perniciem</span> <span class='ocrx_word' id='word_1_132' title='bbox 820 1981 1005 2021; x_wconf 86' lang='lat' dir='ltr'>desponsis</span> 
     </span>
     <span class='ocr_line' id='line_1_29' title="bbox 310 2030 1006 2075; baseline -0.01 -8"><span class='ocrx_word' id='word_1_133' title='bbox 310 2035 450 2075; x_wconf 80' lang='lat' dir='ltr'><strong>decepit</strong></span> <span class='ocrx_word' id='word_1_134' title='bbox 478 2031 724 2073; x_wconf 77' lang='lat' dir='ltr'>Aegyptiadas.</span> <span class='ocrx_word' id='word_1_135' title='bbox 757 2048 793 2053; x_wconf 91' lang='lat'><em>-</em></span> <span class='ocrx_word' id='word_1_136' title='bbox 832 2030 1006 2070; x_wconf 73' lang='lat' dir='ltr'><em>splendide</em></span> 
     </span>
     <span class='ocr_line' id='line_1_30' title="bbox 311 2079 1005 2124; baseline -0.007 -9"><span class='ocrx_word' id='word_1_137' title='bbox 311 2082 466 2124; x_wconf 61' lang='lat' dir='ltr'>mendax]</span> <span class='ocrx_word' id='word_1_138' title='bbox 493 2090 640 2122; x_wconf 82' lang='lat' dir='ltr'>«magna</span> <span class='ocrx_word' id='word_1_139' title='bbox 666 2089 749 2112; x_wconf 84' lang='lat' dir='ltr'>cum</span> <span class='ocrx_word' id='word_1_140' title='bbox 772 2079 909 2112; x_wconf 85' lang='lat' dir='ltr'>laude.»</span> <span class='ocrx_word' id='word_1_141' title='bbox 951 2080 1005 2111; x_wconf 87' lang='lat' dir='ltr'>Sic</span> 
     </span>
     <span class='ocr_line' id='line_1_31' title="bbox 310 2124 1007 2172; baseline -0.009 -7"><span class='ocrx_word' id='word_1_142' title='bbox 310 2132 473 2172; x_wconf 69' lang='lat' dir='ltr'>Aeschyl.</span> <span class='ocrx_word' id='word_1_143' title='bbox 502 2133 614 2171; x_wconf 78' lang='lat' dir='ltr'>Frgm.</span> <span class='ocrx_word' id='word_1_144' title='bbox 641 2131 708 2161; x_wconf 90' lang='grc'><strong>1116.</strong></span> <span class='ocrx_word' id='word_1_145' title='bbox 736 2129 818 2161; x_wconf 71' lang='lat'><strong>⁵273:</strong></span> <span class='ocrx_word' id='word_1_146' title='bbox 848 2124 1007 2171; x_wconf 76' lang='grc' dir='ltr'><em>Ἀπάτης</em></span> 
     </span>
     <span class='ocr_line' id='line_1_32' title="bbox 310 2175 1008 2221; baseline -0.009 -6"><span class='ocrx_word' id='word_1_147' title='bbox 310 2182 459 2221; x_wconf 81' lang='grc' dir='ltr'><em>δικαίας</em></span> <span class='ocrx_word' id='word_1_148' title='bbox 483 2177 553 2213; x_wconf 80' lang='grc' dir='ltr'><em>οὐκ</em></span> <span class='ocrx_word' id='word_1_149' title='bbox 577 2176 790 2211; x_wconf 75' lang='grc' dir='ltr'><em>ἀποστατεῖ</em></span> <span class='ocrx_word' id='word_1_150' title='bbox 809 2175 913 2218; x_wconf 76' lang='grc' dir='ltr'><em>θεός.</em></span> <span class='ocrx_word' id='word_1_151' title='bbox 940 2180 1008 2210; x_wconf 86' lang='grc' dir='ltr'><strong>Α11-</strong></span> 
     </span>
     <span class='ocr_line' id='line_1_33' title="bbox 312 2227 1004 2273; baseline -0.009 -9"><span class='ocrx_word' id='word_1_152' title='bbox 312 2234 427 2273; x_wconf 79' lang='lat' dir='ltr'>tigone</span> <span class='ocrx_word' id='word_1_153' title='bbox 453 2231 496 2262; x_wconf 89' lang='lat' dir='ltr'>de</span> <span class='ocrx_word' id='word_1_154' title='bbox 522 2239 559 2262; x_wconf 89' lang='lat' dir='ltr'>se</span> <span class='ocrx_word' id='word_1_155' title='bbox 584 2230 658 2270; x_wconf 87' lang='lat' dir='ltr'>ipsa</span> <span class='ocrx_word' id='word_1_156' title='bbox 688 2227 861 2269; x_wconf 79' lang='lat' dir='ltr'>(sopliocl.</span> <span class='ocrx_word' id='word_1_157' title='bbox 893 2227 1004 2267; x_wconf 83' lang='lat' dir='ltr'>Antig.</span> 
     </span>
     <span class='ocr_line' id='line_1_34' title="bbox 312 2275 1005 2322; baseline -0.012 -8"><span class='ocrx_word' id='word_1_158' title='bbox 312 2282 399 2322; x_wconf 83' lang='lat'>74.):</span> <span class='ocrx_word' id='word_1_159' title='bbox 427 2275 518 2311; x_wconf 86' lang='grc' dir='ltr'><em>ὅσια</em></span> <span class='ocrx_word' id='word_1_160' title='bbox 544 2275 858 2321; x_wconf 78' lang='grc' dir='ltr'><em>πανουργήσασα.</em></span> <span class='ocrx_word' id='word_1_161' title='bbox 888 2277 1005 2317; x_wconf 87' lang='lat' dir='ltr'>Eurip.</span> 
     </span>
     <span class='ocr_line' id='line_1_35' title="bbox 313 2324 1008 2371; baseline -0.01 -8"><span class='ocrx_word' id='word_1_162' title='bbox 313 2329 433 2363; x_wconf 82' lang='lat' dir='ltr'>Helen.</span> <span class='ocrx_word' id='word_1_163' title='bbox 464 2328 564 2360; x_wconf 72' lang='lat'><strong>4633:</strong></span> <span class='ocrx_word' id='word_1_164' title='bbox 591 2324 711 2367; x_wconf 81' lang='grc' dir='ltr'><em>καλήν</em></span> <span class='ocrx_word' id='word_1_165' title='bbox 734 2336 776 2368; x_wconf 79' lang='grc' dir='ltr'>γε</span> <span class='ocrx_word' id='word_1_166' title='bbox 800 2324 1008 2371; x_wconf 73' lang='grc' dir='ltr'><em>προδοσίαν</em></span> 
     </span>
     <span class='ocr_line' id='line_1_36' title="bbox 312 2374 1005 2423; baseline -0.009 -11"><span class='ocrx_word' id='word_1_167' title='bbox 312 2379 441 2412; x_wconf 87' lang='grc' dir='ltr'><em>δίκαια</em></span> <span class='ocrx_word' id='word_1_168' title='bbox 457 2375 560 2423; x_wconf 78' lang='grc' dir='ltr'><em>δρᾷν.</em></span> <span class='ocrx_word' id='word_1_169' title='bbox 602 2377 657 2407; x_wconf 86' lang='lat' dir='ltr'>Sic</span> <span class='ocrx_word' id='word_1_170' title='bbox 681 2376 751 2407; x_wconf 87' lang='lat' dir='ltr'>Cic.</span> <span class='ocrx_word' id='word_1_171' title='bbox 778 2383 843 2415; x_wconf 91' lang='lat' dir='ltr'>pro</span> <span class='ocrx_word' id='word_1_172' title='bbox 867 2374 934 2407; x_wconf 82' lang='lat' dir='ltr'>Mil.</span> <span class='ocrx_word' id='word_1_173' title='bbox 953 2375 1005 2406; x_wconf 67' lang='lat'>27.</span> 
     </span>
     <span class='ocr_line' id='line_1_37' title="bbox 312 2424 1006 2469; baseline -0.01 -8"><span class='ocrx_word' id='word_1_174' title='bbox 312 2429 445 2461; x_wconf 78' lang='lat' dir='ltr'>mentiri</span> <span class='ocrx_word' id='word_1_175' title='bbox 465 2427 625 2469; x_wconf 64' lang='lat' dir='ltr'>gloriose,</span> <span class='ocrx_word' id='word_1_176' title='bbox 651 2425 757 2457; x_wconf 85' lang='lat' dir='ltr'>Tacit.</span> <span class='ocrx_word' id='word_1_177' title='bbox 779 2425 864 2455; x_wconf 85' lang='lat' dir='ltr'>Hist.</span> <span class='ocrx_word' id='word_1_178' title='bbox 891 2424 926 2462; x_wconf 67' lang='lat' dir='ltr'>li,</span> <span class='ocrx_word' id='word_1_179' title='bbox 954 2424 1006 2455; x_wconf 80' lang='lat'>50.</span> 
     </span>
     <span class='ocr_line' id='line_1_38' title="bbox 314 2473 1006 2519; baseline -0.01 -9"><span class='ocrx_word' id='word_1_180' title='bbox 314 2477 482 2519; x_wconf 59' lang='lat' dir='ltr'>egregium</span> <span class='ocrx_word' id='word_1_181' title='bbox 502 2475 732 2512; x_wconf 78' lang='lat' dir='ltr'><em>mendacium,</em></span> <span class='ocrx_word' id='word_1_182' title='bbox 765 2475 844 2504; x_wconf 88' lang='lat' dir='ltr'>Sen.</span> <span class='ocrx_word' id='word_1_183' title='bbox 872 2474 934 2514; x_wconf 84' lang='lat' dir='ltr'>Ep.</span> <span class='ocrx_word' id='word_1_184' title='bbox 954 2473 1006 2504; x_wconf 79' lang='lat'>95.</span> 
     </span>
     <span class='ocr_line' id='line_1_39' title="bbox 314 2523 736 2567; baseline -0.009 -9"><span class='ocrx_word' id='word_1_185' title='bbox 314 2528 494 2567; x_wconf 67' lang='lat' dir='ltr'>{sloriosum</span> <span class='ocrx_word' id='word_1_186' title='bbox 517 2525 618 2556; x_wconf 77' lang='lat' dir='ltr'>scelus</span> <span class='ocrx_word' id='word_1_187' title='bbox 642 2523 736 2555; x_wconf 80' lang='lat' dir='ltr'>dixit.</span> 
     </span>
    </p>

    <p class='ocr_par' dir='ltr' id='par_1_18' title="bbox 316 2571 1012 2810">
     <span class='ocr_line' id='line_1_40' title="bbox 359 2571 1007 2616; baseline -0.009 -9"><span class='ocrx_word' id='word_1_188' title='bbox 359 2576 411 2607; x_wconf 83' lang='lat'>37.</span> <span class='ocrx_word' id='word_1_189' title='bbox 453 2573 575 2616; x_wconf 66' lang='lat' dir='ltr'>Surge]</span> <span class='ocrx_word' id='word_1_190' title='bbox 626 2573 723 2605; x_wconf 82' lang='lat' dir='ltr'>ovid.</span> <span class='ocrx_word' id='word_1_191' title='bbox 751 2573 831 2603; x_wconf 87' lang='lat' dir='ltr'>Her.</span> <span class='ocrx_word' id='word_1_192' title='bbox 860 2571 916 2609; x_wconf 64' lang='grc'>14,</span> <span class='ocrx_word' id='word_1_193' title='bbox 944 2571 1007 2602; x_wconf 83' lang='lat'>73:</span> 
     </span>
     <span class='ocr_line' id='line_1_41' title="bbox 316 2621 1012 2666; baseline -0.01 -9"><span class='ocrx_word' id='word_1_194' title='bbox 316 2628 422 2666; x_wconf 65' lang='lat' dir='ltr'>Surge</span> <span class='ocrx_word' id='word_1_195' title='bbox 438 2633 518 2665; x_wconf 67' lang='lat' dir='ltr'>aye,</span> <span class='ocrx_word' id='word_1_196' title='bbox 544 2623 669 2661; x_wconf 78' lang='lat' dir='ltr'><em>Belide,</em></span> <span class='ocrx_word' id='word_1_197' title='bbox 696 2623 734 2653; x_wconf 79' lang='lat' dir='ltr'>de</span> <span class='ocrx_word' id='word_1_198' title='bbox 757 2624 802 2652; x_wconf 69' lang='lat' dir='ltr'>tot</span> <span class='ocrx_word' id='word_1_199' title='bbox 824 2622 919 2651; x_wconf 78' lang='lat' dir='ltr'>modo</span> <span class='ocrx_word' id='word_1_200' title='bbox 940 2621 1012 2660; x_wconf 80' lang='lat' dir='ltr'>sra—</span> 
     </span>
     <span class='ocr_line' id='line_1_42' title="bbox 317 2671 1008 2709; baseline -0.007 -4"><span class='ocrx_word' id='word_1_201' title='bbox 317 2674 419 2705; x_wconf 76' lang='lat' dir='ltr'>tribus</span> <span class='ocrx_word' id='word_1_202' title='bbox 444 2682 548 2705; x_wconf 79' lang='lat' dir='ltr'>unus:</span> <span class='ocrx_word' id='word_1_203' title='bbox 573 2673 650 2704; x_wconf 67' lang='lat' dir='ltr'>Now</span> <span class='ocrx_word' id='word_1_204' title='bbox 674 2671 730 2703; x_wconf 78' lang='lat' dir='ltr'>libi</span> <span class='ocrx_word' id='word_1_205' title='bbox 745 2697 755 2709; x_wconf 86' lang='lat'><em>,</em></span> <span class='ocrx_word' id='word_1_206' title='bbox 781 2671 816 2701; x_wconf 72' lang='lat' dir='ltr'>ni</span> <span class='ocrx_word' id='word_1_207' title='bbox 835 2679 1008 2709; x_wconf 74' lang='lat' dir='ltr'>properas,</span> 
     </span>
     <span class='ocr_line' id='line_1_43' title="bbox 318 2717 1011 2762; baseline -0.006 -10"><span class='ocrx_word' id='word_1_208' title='bbox 318 2725 379 2753; x_wconf 82' lang='lat' dir='ltr'>isla</span> <span class='ocrx_word' id='word_1_209' title='bbox 400 2723 554 2762; x_wconf 81' lang='lat' dir='ltr'>perennis</span> <span class='ocrx_word' id='word_1_210' title='bbox 577 2722 649 2753; x_wconf 79' lang='lat' dir='ltr'>erit.</span> <span class='ocrx_word' id='word_1_211' title='bbox 680 2738 714 2742; x_wconf 92' lang='lat'>—</span> <span class='ocrx_word' id='word_1_212' title='bbox 739 2719 879 2759; x_wconf 78' lang='lat' dir='ltr'>marito]</span> <span class='ocrx_word' id='word_1_213' title='bbox 905 2717 1011 2759; x_wconf 84' lang='lat' dir='ltr'>Apol-</span> 
     </span>
     <span class='ocr_line' id='line_1_44' title="bbox 319 2765 1011 2810; baseline -0.007 -8"><span class='ocrx_word' id='word_1_214' title='bbox 319 2772 386 2802; x_wconf 79' lang='lat' dir='ltr'>lod.</span> <span class='ocrx_word' id='word_1_215' title='bbox 414 2772 449 2808; x_wconf 71' lang='grc' dir='ltr'>Ξ,</span> <span class='ocrx_word' id='word_1_216' title='bbox 475 2773 505 2805; x_wconf 72' lang='lat' dir='ltr'>l,</span> <span class='ocrx_word' id='word_1_217' title='bbox 527 2772 563 2801; x_wconf 97' lang='lat'>5</span> <span class='ocrx_word' id='word_1_218' title='bbox 592 2765 688 2810; x_wconf 75' lang='grc' dir='ltr'>αὕτη</span> <span class='ocrx_word' id='word_1_219' title='bbox 712 2768 863 2810; x_wconf 70' lang='grc' dir='ltr'><em>Λυγκέα</em></span> <span class='ocrx_word' id='word_1_220' title='bbox 879 2765 1011 2799; x_wconf 70' lang='grc' dir='ltr'><em>διέσω-</em></span> 
     </span>
    </p>
   </div>
   <div class='ocr_carea' id='block_1_17' title="bbox 1051 1384 1748 1674">
    <p class='ocr_par' dir='ltr' id='par_1_19' title="bbox 1051 1384 1748 1674">
     <span class='ocr_line' id='line_1_45' title="bbox 1052 1384 1743 1432; baseline -0.001 -13"><span class='ocrx_word' id='word_1_221' title='bbox 1052 1398 1095 1420; x_wconf 82' lang='grc' dir='ltr'>σε</span> <span class='ocrx_word' id='word_1_222' title='bbox 1131 1388 1320 1432; x_wconf 75' lang='grc' dir='ltr'><em>παρθένον</em></span> <span class='ocrx_word' id='word_1_223' title='bbox 1355 1384 1475 1429; x_wconf 80' lang='grc' dir='ltr'><em>αὐτὴν</em></span> <span class='ocrx_word' id='word_1_224' title='bbox 1509 1385 1743 1429; x_wconf 72' lang='grc' dir='ltr'><em>φυλάξαντα.</em></span> 
     </span>
     <span class='ocr_line' id='line_1_46' title="bbox 1052 1436 1744 1478; baseline -0.003 -10"><span class='ocrx_word' id='word_1_225' title='bbox 1052 1437 1181 1469; x_wconf 82' lang='lat' dir='ltr'>Contra</span> <span class='ocrx_word' id='word_1_226' title='bbox 1206 1436 1321 1468; x_wconf 79' lang='lat' dir='ltr'>Sohol.</span> <span class='ocrx_word' id='word_1_227' title='bbox 1349 1437 1466 1478; x_wconf 90' lang='lat' dir='ltr'>Eurip.</span> <span class='ocrx_word' id='word_1_228' title='bbox 1493 1437 1537 1468; x_wconf 88' lang='lat' dir='ltr'>ad</span> <span class='ocrx_word' id='word_1_229' title='bbox 1562 1438 1644 1468; x_wconf 81' lang='lat' dir='ltr'>Hec.</span> <span class='ocrx_word' id='word_1_230' title='bbox 1665 1437 1744 1469; x_wconf 80' lang='lat'>869:</span> 
     </span>
     <span class='ocr_line' id='line_1_47' title="bbox 1052 1482 1748 1528; baseline -0.001 -10"><span class='ocrx_word' id='word_1_231' title='bbox 1052 1485 1235 1525; x_wconf 67' lang='grc' dir='ltr'><em>ἐφείσατο</em></span> <span class='ocrx_word' id='word_1_232' title='bbox 1268 1484 1336 1518; x_wconf 77' lang='grc' dir='ltr'><em>τοῦ</em></span> <span class='ocrx_word' id='word_1_233' title='bbox 1371 1486 1549 1528; x_wconf 79' lang='grc' dir='ltr'><em>Λυγκέως</em></span> <span class='ocrx_word' id='word_1_234' title='bbox 1580 1482 1657 1517; x_wconf 71' lang='grc' dir='ltr'>ἀπὸ</span> <span class='ocrx_word' id='word_1_235' title='bbox 1682 1483 1748 1526; x_wconf 79' lang='grc' dir='ltr'><em>τῆς</em></span> 
     </span>
     <span class='ocr_line' id='line_1_48' title="bbox 1051 1532 1748 1580; baseline -0.001 -14"><span class='ocrx_word' id='word_1_236' title='bbox 1051 1533 1190 1577; x_wconf 76' lang='grc' dir='ltr'><em>μίξεως</em></span> <span class='ocrx_word' id='word_1_237' title='bbox 1223 1533 1395 1567; x_wconf 77' lang='grc' dir='ltr'><em>διάθεσιν</em></span> <span class='ocrx_word' id='word_1_238' title='bbox 1429 1535 1618 1577; x_wconf 78' lang='grc' dir='ltr'><em>ἐσχηκυῖα</em></span> <span class='ocrx_word' id='word_1_239' title='bbox 1653 1532 1748 1580; x_wconf 74' lang='grc' dir='ltr'><em>πρὸς</em></span> 
     </span>
     <span class='ocr_line' id='line_1_49' title="bbox 1052 1581 1747 1625; baseline -0.001 -9"><span class='ocrx_word' id='word_1_240' title='bbox 1052 1581 1183 1618; x_wconf 81' lang='grc' dir='ltr'><em>αὐτόν.</em></span> <span class='ocrx_word' id='word_1_241' title='bbox 1231 1587 1344 1625; x_wconf 83' lang='lat' dir='ltr'><strong>Atque</strong></span> <span class='ocrx_word' id='word_1_242' title='bbox 1368 1586 1435 1616; x_wconf 85' lang='lat' dir='ltr'>hoc</span> <span class='ocrx_word' id='word_1_243' title='bbox 1460 1585 1575 1625; x_wconf 86' lang='lat' dir='ltr'>potius</span> <span class='ocrx_word' id='word_1_244' title='bbox 1600 1586 1690 1616; x_wconf 84' lang='lat' dir='ltr'>inest</span> <span class='ocrx_word' id='word_1_245' title='bbox 1715 1586 1747 1615; x_wconf 92' lang='lat' dir='ltr'>in</span> 
     </span>
     <span class='ocr_line' id='line_1_50' title="bbox 1054 1633 1622 1674; baseline 0 -9"><span class='ocrx_word' id='word_1_246' title='bbox 1054 1644 1109 1666; x_wconf 79' lang='lat' dir='ltr'>vv.</span> <span class='ocrx_word' id='word_1_247' title='bbox 1136 1633 1301 1674; x_wconf 80' lang='lat' dir='ltr'>Aeschyli</span> <span class='ocrx_word' id='word_1_248' title='bbox 1325 1633 1346 1665; x_wconf 95' lang='lat' dir='ltr'>l.</span> <span class='ocrx_word' id='word_1_249' title='bbox 1373 1633 1394 1665; x_wconf 88' lang='lat' dir='ltr'>l.</span> <span class='ocrx_word' id='word_1_250' title='bbox 1422 1636 1457 1665; x_wconf 87' lang='lat' dir='ltr'>et</span> <span class='ocrx_word' id='word_1_251' title='bbox 1482 1634 1622 1665; x_wconf 80' lang='lat' dir='ltr'>Horatii.</span> 
     </span>
    </p>
   </div>
   <div class='ocr_carea' id='block_1_18' title="bbox 1054 1706 1756 2732">
    <p class='ocr_par' dir='ltr' id='par_1_20' title="bbox 1054 1706 1756 2732">
     <span class='ocr_line' id='line_1_51' title="bbox 1096 1706 1750 1749; baseline -0.003 -8"><span class='ocrx_word' id='word_1_252' title='bbox 1096 1709 1136 1741; x_wconf 70' lang='lat'>40</span> <span class='ocrx_word' id='word_1_253' title='bbox 1154 1708 1240 1741; x_wconf 72' lang='lat'>-44.</span> <span class='ocrx_word' id='word_1_254' title='bbox 1267 1707 1367 1748; x_wconf 80' lang='lat' dir='ltr'>Falle]</span> <span class='ocrx_word' id='word_1_255' title='bbox 1396 1706 1528 1747; x_wconf 77' lang='grc' dir='ltr'><em>«λάθε,</em></span> <span class='ocrx_word' id='word_1_256' title='bbox 1555 1708 1680 1749; x_wconf 77' lang='lat' dir='ltr'>decipe</span> <span class='ocrx_word' id='word_1_257' title='bbox 1700 1709 1750 1740; x_wconf 84' lang='lat' dir='ltr'>su-</span> 
     </span>
     <span class='ocr_line' id='line_1_52' title="bbox 1054 1757 1750 1798; baseline 0 -10"><span class='ocrx_word' id='word_1_258' title='bbox 1054 1758 1215 1797; x_wconf 77' lang='lat' dir='ltr'>giendo.»</span> <span class='ocrx_word' id='word_1_259' title='bbox 1241 1758 1361 1788; x_wconf 59' lang='lat' dir='ltr'>senon.</span> <span class='ocrx_word' id='word_1_260' title='bbox 1391 1775 1426 1779; x_wconf 83' lang='lat'><em>-</em></span> <span class='ocrx_word' id='word_1_261' title='bbox 1455 1759 1544 1797; x_wconf 78' lang='lat' dir='ltr'>Quae</span> <span class='ocrx_word' id='word_1_262' title='bbox 1566 1757 1663 1798; x_wconf 74' lang='lat' dir='ltr'>velut]</span> <span class='ocrx_word' id='word_1_263' title='bbox 1688 1758 1750 1788; x_wconf 89' lang='lat' dir='ltr'>Lo-</span> 
     </span>
     <span class='ocr_line' id='line_1_53' title="bbox 1055 1807 1751 1847; baseline 0 -10"><span class='ocrx_word' id='word_1_264' title='bbox 1055 1808 1173 1847; x_wconf 84' lang='lat' dir='ltr'>quitur</span> <span class='ocrx_word' id='word_1_265' title='bbox 1196 1807 1494 1847; x_wconf 77' lang='lat' dir='ltr'>Hypermnestra,</span> <span class='ocrx_word' id='word_1_266' title='bbox 1539 1807 1638 1847; x_wconf 84' lang='lat' dir='ltr'>quasi</span> <span class='ocrx_word' id='word_1_267' title='bbox 1667 1815 1751 1847; x_wconf 78' lang='lat' dir='ltr'>per-</span> 
     </span>
     <span class='ocr_line' id='line_1_54' title="bbox 1056 1854 1751 1895; baseline 0 -9"><span class='ocrx_word' id='word_1_268' title='bbox 1056 1856 1213 1887; x_wconf 89' lang='lat' dir='ltr'>euntium</span> <span class='ocrx_word' id='word_1_269' title='bbox 1230 1856 1380 1895; x_wconf 78' lang='lat' dir='ltr'>gemitus</span> <span class='ocrx_word' id='word_1_270' title='bbox 1398 1856 1552 1894; x_wconf 85' lang='lat' dir='ltr'>audiret,</span> <span class='ocrx_word' id='word_1_271' title='bbox 1576 1857 1613 1887; x_wconf 91' lang='lat' dir='ltr'>ut</span> <span class='ocrx_word' id='word_1_272' title='bbox 1630 1854 1751 1887; x_wconf 83' lang='lat' dir='ltr'>scribit</span> 
     </span>
     <span class='ocr_line' id='line_1_55' title="bbox 1055 1904 1752 1946; baseline -0.003 -9"><span class='ocrx_word' id='word_1_273' title='bbox 1055 1907 1129 1946; x_wconf 85' lang='lat' dir='ltr'>ipsa</span> <span class='ocrx_word' id='word_1_274' title='bbox 1143 1904 1236 1945; x_wconf 86' lang='lat' dir='ltr'>apud</span> <span class='ocrx_word' id='word_1_275' title='bbox 1254 1904 1349 1935; x_wconf 93' lang='lat' dir='ltr'>Ovid.</span> <span class='ocrx_word' id='word_1_276' title='bbox 1366 1905 1447 1936; x_wconf 89' lang='lat' dir='ltr'>Her.</span> <span class='ocrx_word' id='word_1_277' title='bbox 1468 1904 1519 1943; x_wconf 74' lang='grc'>14,</span> <span class='ocrx_word' id='word_1_278' title='bbox 1534 1905 1574 1936; x_wconf 89' lang='lat'>35</span> <span class='ocrx_word' id='word_1_279' title='bbox 1589 1914 1594 1935; x_wconf 93' lang='lat'>:</span> <span class='ocrx_word' id='word_1_280' title='bbox 1621 1905 1752 1936; x_wconf 77' lang='lat' dir='ltr'>Circum</span> 
     </span>
     <span class='ocr_line' id='line_1_56' title="bbox 1054 1954 1752 1995; baseline -0.001 -10"><span class='ocrx_word' id='word_1_281' title='bbox 1054 1964 1105 1986; x_wconf 81' lang='lat' dir='ltr'>me</span> <span class='ocrx_word' id='word_1_282' title='bbox 1134 1954 1274 1995; x_wconf 60' lang='lat' dir='ltr'>gemitus</span> <span class='ocrx_word' id='word_1_283' title='bbox 1301 1954 1499 1985; x_wconf 76' lang='lat' dir='ltr'>morientum</span> <span class='ocrx_word' id='word_1_284' title='bbox 1521 1954 1640 1985; x_wconf 77' lang='lat' dir='ltr'>audire</span> <span class='ocrx_word' id='word_1_285' title='bbox 1660 1954 1752 1985; x_wconf 75' lang='lat' dir='ltr'>vide—</span> 
     </span>
     <span class='ocr_line' id='line_1_57' title="bbox 1055 2002 1749 2044; baseline 0 -10"><span class='ocrx_word' id='word_1_286' title='bbox 1055 2004 1127 2035; x_wconf 85' lang='lat' dir='ltr'>bar.</span> <span class='ocrx_word' id='word_1_287' title='bbox 1156 2020 1192 2025; x_wconf 91' lang='lat'>—</span> <span class='ocrx_word' id='word_1_288' title='bbox 1216 2002 1350 2043; x_wconf 67' lang='lat' dir='ltr'>vitulos]</span> <span class='ocrx_word' id='word_1_289' title='bbox 1377 2004 1492 2044; x_wconf 85' lang='lat' dir='ltr'>Eurip.</span> <span class='ocrx_word' id='word_1_290' title='bbox 1519 2004 1627 2044; x_wconf 77' lang='lat' dir='ltr'>Iphig.</span> <span class='ocrx_word' id='word_1_291' title='bbox 1647 2003 1749 2034; x_wconf 87' lang='lat' dir='ltr'>Taur.</span> 
     </span>
     <span class='ocr_line' id='line_1_58' title="bbox 1055 2048 1752 2096; baseline -0.004 -11"><span class='ocrx_word' id='word_1_292' title='bbox 1055 2053 1131 2085; x_wconf 72' lang='lat'>⁶296.</span> <span class='ocrx_word' id='word_1_293' title='bbox 1159 2051 1203 2083; x_wconf 89' lang='lat' dir='ltr'>de</span> <span class='ocrx_word' id='word_1_294' title='bbox 1227 2052 1372 2084; x_wconf 85' lang='lat' dir='ltr'>Oreste:</span> <span class='ocrx_word' id='word_1_295' title='bbox 1414 2048 1435 2082; x_wconf 90' lang='grc' dir='ltr'><em>ὁ</em></span> <span class='ocrx_word' id='word_1_296' title='bbox 1469 2050 1508 2084; x_wconf 80' lang='grc' dir='ltr'>δὲ</span> <span class='ocrx_word' id='word_1_297' title='bbox 1540 2052 1622 2096; x_wconf 75' lang='grc' dir='ltr'><em>χερὶ</em></span> <span class='ocrx_word' id='word_1_298' title='bbox 1652 2048 1752 2083; x_wconf 75' lang='grc' dir='ltr'><em>σπά-</em></span> 
     </span>
     <span class='ocr_line' id='line_1_59' title="bbox 1058 2097 1753 2146; baseline 0 -12"><span class='ocrx_word' id='word_1_299' title='bbox 1058 2113 1131 2142; x_wconf 88' lang='grc' dir='ltr'>σας</span> <span class='ocrx_word' id='word_1_300' title='bbox 1162 2099 1275 2142; x_wconf 74' lang='grc' dir='ltr'><em>ξίφος</em></span> <span class='ocrx_word' id='word_1_301' title='bbox 1298 2099 1482 2141; x_wconf 83' lang='grc' dir='ltr'><em>Μόσχους</em></span> <span class='ocrx_word' id='word_1_302' title='bbox 1511 2097 1680 2146; x_wconf 71' lang='grc' dir='ltr'><em>ὀρούσας</em></span> <span class='ocrx_word' id='word_1_303' title='bbox 1714 2100 1753 2141; x_wconf 79' lang='grc' dir='ltr'><em>ἐς</em></span> 
     </span>
     <span class='ocr_line' id='line_1_60' title="bbox 1056 2146 1753 2194; baseline -0.004 -10"><span class='ocrx_word' id='word_1_304' title='bbox 1056 2153 1179 2194; x_wconf 73' lang='grc' dir='ltr'><em>μέσας</em></span> <span class='ocrx_word' id='word_1_305' title='bbox 1195 2150 1288 2183; x_wconf 78' lang='grc' dir='ltr'><em>λέων</em></span> <span class='ocrx_word' id='word_1_306' title='bbox 1306 2146 1419 2190; x_wconf 75' lang='grc' dir='ltr'><em>ὅπως.</em></span> <span class='ocrx_word' id='word_1_307' title='bbox 1469 2151 1547 2182; x_wconf 85' lang='lat' dir='ltr'>Sine</span> <span class='ocrx_word' id='word_1_308' title='bbox 1571 2159 1675 2182; x_wconf 84' lang='lat' dir='ltr'>causa</span> <span class='ocrx_word' id='word_1_309' title='bbox 1695 2160 1753 2181; x_wconf 86' lang='lat' dir='ltr'>re-</span> 
     </span>
     <span class='ocr_line' id='line_1_61' title="bbox 1058 2200 1753 2240; baseline -0.003 -7"><span class='ocrx_word' id='word_1_310' title='bbox 1058 2202 1232 2233; x_wconf 82' lang='lat' dir='ltr'>centiores</span> <span class='ocrx_word' id='word_1_311' title='bbox 1262 2200 1416 2232; x_wconf 90' lang='lat' dir='ltr'>nonnulli</span> <span class='ocrx_word' id='word_1_312' title='bbox 1450 2201 1542 2232; x_wconf 88' lang='grc'><strong>113116</strong></span> <span class='ocrx_word' id='word_1_313' title='bbox 1565 2201 1753 2240; x_wconf 81' lang='lat' dir='ltr'>imaginem</span> 
     </span>
     <span class='ocr_line' id='line_1_62' title="bbox 1058 2249 1754 2290; baseline -0.004 -7"><span class='ocrx_word' id='word_1_314' title='bbox 1058 2253 1239 2290; x_wconf 83' lang='lat' dir='ltr'>tamquam</span> <span class='ocrx_word' id='word_1_315' title='bbox 1262 2249 1367 2281; x_wconf 86' lang='lat' dir='ltr'>vilem</span> <span class='ocrx_word' id='word_1_316' title='bbox 1392 2251 1426 2281; x_wconf 86' lang='lat' dir='ltr'>et</span> <span class='ocrx_word' id='word_1_317' title='bbox 1443 2249 1618 2281; x_wconf 87' lang='lat' dir='ltr'>abiectam</span> <span class='ocrx_word' id='word_1_318' title='bbox 1634 2258 1754 2289; x_wconf 87' lang='lat' dir='ltr'>repre—</span> 
     </span>
     <span class='ocr_line' id='line_1_63' title="bbox 1059 2296 1754 2340; baseline -0.003 -9"><span class='ocrx_word' id='word_1_319' title='bbox 1059 2300 1268 2332; x_wconf 87' lang='lat' dir='ltr'>henderunt.</span> <span class='ocrx_word' id='word_1_320' title='bbox 1318 2299 1357 2330; x_wconf 87' lang='lat' dir='ltr'>V.</span> <span class='ocrx_word' id='word_1_321' title='bbox 1386 2299 1479 2330; x_wconf 89' lang='lat' dir='ltr'>enim</span> <span class='ocrx_word' id='word_1_322' title='bbox 1501 2296 1676 2340; x_wconf 72' lang='grc' dir='ltr'><em>μόσχος,</em></span> <span class='ocrx_word' id='word_1_323' title='bbox 1701 2299 1754 2329; x_wconf 82' lang='lat' dir='ltr'>vi—</span> 
     </span>
     <span class='ocr_line' id='line_1_64' title="bbox 1059 2347 1756 2388; baseline -0.003 -8"><span class='ocrx_word' id='word_1_324' title='bbox 1059 2349 1156 2387; x_wconf 72' lang='lat' dir='ltr'>tulus,</span> <span class='ocrx_word' id='word_1_325' title='bbox 1182 2347 1264 2380; x_wconf 86' lang='lat' dir='ltr'>nihil</span> <span class='ocrx_word' id='word_1_326' title='bbox 1289 2347 1399 2388; x_wconf 85' lang='lat' dir='ltr'>putidi</span> <span class='ocrx_word' id='word_1_327' title='bbox 1416 2347 1572 2379; x_wconf 84' lang='lat' dir='ltr'>habebat</span> <span class='ocrx_word' id='word_1_328' title='bbox 1588 2347 1680 2387; x_wconf 88' lang='lat' dir='ltr'>apud</span> <span class='ocrx_word' id='word_1_329' title='bbox 1696 2356 1756 2378; x_wconf 86' lang='grc'><strong>311-</strong></span> 
     </span>
     <span class='ocr_line' id='line_1_65' title="bbox 1060 2395 1750 2438; baseline -0.003 -10"><span class='ocrx_word' id='word_1_330' title='bbox 1060 2398 1177 2438; x_wconf 86' lang='lat' dir='ltr'>tiquos</span> <span class='ocrx_word' id='word_1_331' title='bbox 1194 2423 1200 2435; x_wconf 92' lang='lat'>,</span> <span class='ocrx_word' id='word_1_332' title='bbox 1226 2398 1275 2428; x_wconf 92' lang='lat' dir='ltr'>uti</span> <span class='ocrx_word' id='word_1_333' title='bbox 1299 2396 1407 2428; x_wconf 88' lang='lat' dir='ltr'>habet</span> <span class='ocrx_word' id='word_1_334' title='bbox 1423 2397 1583 2427; x_wconf 89' lang='lat' dir='ltr'>nostrum</span> <span class='ocrx_word' id='word_1_335' title='bbox 1599 2395 1693 2427; x_wconf 86' lang='lat' dir='ltr'>Kalb.</span> <span class='ocrx_word' id='word_1_336' title='bbox 1716 2412 1750 2417; x_wconf 89' lang='lat'>—-</span> 
     </span>
     <span class='ocr_line' id='line_1_66' title="bbox 1060 2445 1754 2487; baseline -0.004 -9"><span class='ocrx_word' id='word_1_337' title='bbox 1060 2447 1229 2487; x_wconf 60' lang='lat' dir='ltr'>Singulos]</span> <span class='ocrx_word' id='word_1_338' title='bbox 1256 2455 1379 2477; x_wconf 88' lang='lat' dir='ltr'>«suum</span> <span class='ocrx_word' id='word_1_339' title='bbox 1404 2454 1564 2486; x_wconf 86' lang='lat' dir='ltr'>quaeque</span> <span class='ocrx_word' id='word_1_340' title='bbox 1589 2445 1754 2476; x_wconf 88' lang='lat' dir='ltr'>maritum</span> 
     </span>
     <span class='ocr_line' id='line_1_67' title="bbox 1062 2492 1752 2532; baseline -0.006 -5"><span class='ocrx_word' id='word_1_341' title='bbox 1062 2496 1215 2528; x_wconf 81' lang='lat' dir='ltr'>thalamo</span> <span class='ocrx_word' id='word_1_342' title='bbox 1233 2495 1440 2527; x_wconf 72' lang='lat' dir='ltr'>inclusum.»</span> <span class='ocrx_word' id='word_1_343' title='bbox 1458 2513 1492 2516; x_wconf 97' lang='lat'><strong>—</strong></span> <span class='ocrx_word' id='word_1_344' title='bbox 1511 2503 1569 2525; x_wconf 74' lang='lat' dir='ltr'>nec</span> <span class='ocrx_word' id='word_1_345' title='bbox 1583 2511 1598 2516; x_wconf 90' lang='lat'>-</span> <span class='ocrx_word' id='word_1_346' title='bbox 1611 2511 1626 2516; x_wconf 97' lang='lat'>-</span> <span class='ocrx_word' id='word_1_347' title='bbox 1640 2492 1752 2532; x_wconf 81' lang='lat' dir='ltr'>neque]</span> 
     </span>
     <span class='ocr_line' id='line_1_68' title="bbox 1062 2542 1751 2577; baseline -0.007 0"><span class='ocrx_word' id='word_1_348' title='bbox 1062 2544 1212 2577; x_wconf 87' lang='lat' dir='ltr'>Consule</span> <span class='ocrx_word' id='word_1_349' title='bbox 1243 2543 1436 2575; x_wconf 87' lang='lat' dir='ltr'>Bentleium</span> <span class='ocrx_word' id='word_1_350' title='bbox 1468 2545 1503 2574; x_wconf 91' lang='lat' dir='ltr'>et</span> <span class='ocrx_word' id='word_1_351' title='bbox 1526 2542 1625 2574; x_wconf 85' lang='lat' dir='ltr'>Hand</span> <span class='ocrx_word' id='word_1_352' title='bbox 1653 2543 1751 2573; x_wconf 86' lang='lat' dir='ltr'>Turs.</span> 
     </span>
     <span class='ocr_line' id='line_1_69' title="bbox 1062 2590 1755 2635; baseline -0.007 -10"><span class='ocrx_word' id='word_1_353' title='bbox 1062 2594 1116 2626; x_wconf 88' lang='lat' dir='ltr'>IV.</span> <span class='ocrx_word' id='word_1_354' title='bbox 1143 2603 1176 2635; x_wconf 91' lang='lat' dir='ltr'>p.</span> <span class='ocrx_word' id='word_1_355' title='bbox 1204 2594 1256 2625; x_wconf 85' lang='lat'>95.</span> <span class='ocrx_word' id='word_1_356' title='bbox 1286 2594 1359 2624; x_wconf 68' lang='lat'>425.</span> <span class='ocrx_word' id='word_1_357' title='bbox 1387 2593 1460 2624; x_wconf 71' lang='lat'>428.</span> <span class='ocrx_word' id='word_1_358' title='bbox 1490 2610 1525 2614; x_wconf 97' lang='lat'><strong>—</strong></span> <span class='ocrx_word' id='word_1_359' title='bbox 1550 2592 1641 2622; x_wconf 79' lang='lat' dir='ltr'>intra</span> <span class='ocrx_word' id='word_1_360' title='bbox 1659 2590 1755 2621; x_wconf 79' lang='lat' dir='ltr'>clau-</span> 
     </span>
     <span class='ocr_line' id='line_1_70' title="bbox 1061 2639 1754 2684; baseline -0.009 -9"><span class='ocrx_word' id='word_1_361' title='bbox 1061 2643 1141 2684; x_wconf 75' lang='lat' dir='ltr'>stra]</span> <span class='ocrx_word' id='word_1_362' title='bbox 1168 2642 1321 2681; x_wconf 80' lang='lat' dir='ltr'>thalami,</span> <span class='ocrx_word' id='word_1_363' title='bbox 1349 2651 1435 2673; x_wconf 81' lang='lat' dir='ltr'>«nec</span> <span class='ocrx_word' id='word_1_364' title='bbox 1452 2640 1609 2673; x_wconf 87' lang='lat' dir='ltr'>clausum</span> <span class='ocrx_word' id='word_1_365' title='bbox 1626 2639 1754 2671; x_wconf 81' lang='lat' dir='ltr'>tenebo</span> 
     </span>
     <span class='ocr_line' id='line_1_71' title="bbox 1062 2690 1594 2732; baseline -0.008 -7"><span class='ocrx_word' id='word_1_366' title='bbox 1062 2693 1106 2724; x_wconf 86' lang='lat' dir='ltr'>ab</span> <span class='ocrx_word' id='word_1_367' title='bbox 1131 2692 1197 2725; x_wconf 87' lang='lat' dir='ltr'>alio</span> <span class='ocrx_word' id='word_1_368' title='bbox 1222 2691 1337 2732; x_wconf 88' lang='lat' dir='ltr'>aliquo</span> <span class='ocrx_word' id='word_1_369' title='bbox 1362 2690 1594 2722; x_wconf 81' lang='lat' dir='ltr'>necandum.»</span> 
     </span>
    </p>
   </div>
   <div class='ocr_carea' id='block_1_19' title="bbox 1106 2764 1750 2805">
    <p class='ocr_par' dir='ltr' id='par_1_21' title="bbox 1106 2764 1750 2805">
     <span class='ocr_line' id='line_1_72' title="bbox 1106 2764 1750 2805; baseline -0.008 -8"><span class='ocrx_word' id='word_1_370' title='bbox 1106 2767 1157 2798; x_wconf 67' lang='lat'>45.</span> <span class='ocrx_word' id='word_1_371' title='bbox 1186 2767 1237 2797; x_wconf 79' lang='lat' dir='ltr'>Me</span> <span class='ocrx_word' id='word_1_372' title='bbox 1258 2765 1370 2805; x_wconf 77' lang='lat' dir='ltr'>pater]</span> <span class='ocrx_word' id='word_1_373' title='bbox 1398 2766 1543 2795; x_wconf 76' lang='lat' dir='ltr'>Pausan.</span> <span class='ocrx_word' id='word_1_374' title='bbox 1567 2764 1601 2796; x_wconf 65' lang='lat'>2,</span> <span class='ocrx_word' id='word_1_375' title='bbox 1634 2764 1686 2795; x_wconf 69' lang='lat'>19.</span> <span class='ocrx_word' id='word_1_376' title='bbox 1715 2764 1750 2792; x_wconf 67' lang='lat' dir='ltr'>ti:</span> 
     </span>
    </p>
   </div>
  </div>
 </body>
</html>
