1997 3219
739 201 813 231 Lm.
843 201 895 231 lll.

945 200 981 230 e.
1010 199 1092 229 viu.
1562 196 1641 235 :397

432 306 562 346 Docte
595 316 816 345 sermones
849 302 1073 357 utriusque
1107 299 1274 355 linguae
1293 300 1312 338 ἱ)
1617 300 1641 337 .‘'›

431 386 635 426 voveram
667 382 814 425 dulces
846 381 995 438 epulas
1028 388 1069 423 et
1099 380 1240 422 album

431 464 579 506 Libero
613 477 789 519 caprum
821 475 954 518 prope
988 462 1203 503 funeratus

655 543 827 585 Arboris
861 542 956 584 ictu.

429 649 505 690 Hic
536 647 628 690 dies
661 660 770 689 anno
802 645 1011 688 redeunte
1042 646 1174 688 festus

429 729 638 771 Corticem
670 726 920 769 adstrictum
950 725 1045 781 pice
1077 725 1309 767 dimovebit

1600 723 1645 764 10

429 808 668 865 Amphor-ae
700 806 862 848 fumum
892 804 1041 848 bibere
1072 805 1284 847 institutae

290 955 320 985 5
347 953 504 985 sermonis
527 950 692 988 BbSc,Ct.
721 951 800 990 (non
825 950 874 989 T.)
914 964 948 970 —
991 948 1022 979 6.
1049 948 1152 979 dulcis
1174 948 1238 979 BT.
1270 944 1303 970 -’
1346 947 1398 978 40.
1426 947 1599 979 dimovebit

250 1003 457 1039 RbSTc,LCt
482 1003 515 1032 et
538 999 739 1032 Bentleius:
765 998 942 1030 demovebtt
967 998 1034 1030 FM.
1063 998 1114 1037 (Ut
1138 1005 1222 1036 nos,
1248 997 1290 1036 J.)

206 1134 281 1164 ioco
328 1133 361 1162 et
410 1131 531 1163 festiva
577 1128 731 1170 quadem
769 1129 894 1160 ironia:

207 1183 292 1219 «Tu,
329 1181 387 1221 qui
416 1181 546 1221 optime
577 1178 683 1211 calles
706 1178 838 1210 litteras
864 1179 897 1210 et

204 1232 354 1261 Graecas
386 1231 420 1261 et
451 1230 607 1266 Latinas,
644 1237 685 1259 ac
709 1229 896 1268 propterea

203 1281 364 1311 versatus
388 1287 425 1310 es
451 1279 556 1309 etiam
573 1279 606 1309 in
624 1277 769 1309 scientia
786 1276 899 1307 cultus

203 1329 351 1360 deorum
383 1330 415 1359 et
446 1328 740 1359 caerimoniarum
772 1325 898 1365 cuique

204 1378 271 1409 diei
297 1377 384 1409 festo
410 1377 444 1407 et
468 1376 651 1407 hominum
675 1375 795 1415 generi
820 1383 901 1405 con-

205 1427 454 1458 venientium.»
489 1426 632 1456 Doctum
656 1424 810 1455 amicum
837 1431 901 1463 ap-

204 1475 306 1517 pellat
325 1476 430 1506 etiam
447 1475 533 1515 Epp.
550 1475 584 1512 4,
612 1473 668 1512 49,
696 1473 725 1504 4.
757 1472 900 1513 (Seneca

205 1526 266 1566 Ep.
283 1525 333 1555 119.
349 1533 382 1564 p.
399 1524 450 1555 82.
473 1524 561 1555 Fick.
578 1524 754 1554 memorat
766 1523 903 1554 Maece-

204 1574 294 1605 natis
320 1572 466 1610 librum,
494 1573 549 1611 qui
565 1572 772 1603 Prometheus
788 1571 904 1602 inscri-

205 1623 303 1660 bitur,
324 1623 356 1653 in
375 1630 444 1662 quo
462 1630 547 1654 sane
564 1623 733 1653 Graecam
750 1619 904 1660 φιλολο-

205 1673 290 1714 γίαν
307 1680 516 1712 expromere
531 1670 709 1710 debebat.)
727 1689 762 1694 —
780 1671 905 1701 utrius-

205 1730 267 1761 que
290 1719 434 1761 linquae]
453 1719 544 1752 Alias
565 1719 700 1759 linguas
717 1728 799 1751 cum
816 1721 904 1751 tam-

205 1779 311 1811 quam
335 1769 506 1801 barbaras
537 1771 813 1809 aspernarentur
835 1769 903 1800 Ro-

206 1820 316 1855 mani,
354 1827 461 1859 saepe
496 1819 541 1849 ita
571 1817 823 1858 loquebantur,
862 1826 902 1849 ac

206 1869 233 1899 si
259 1869 348 1899 duae
373 1867 553 1899 dumtaxat
577 1868 761 1899 hominum
783 1869 903 1899 essent

207 1917 353 1957 linguae.
393 1918 462 1949 Cic.
499 1917 542 1948 de
575 1917 637 1948 Oss'.
667 1919 702 1955 4,
730 1918 765 1955 t,
794 1918 830 1948 4:
867 1920 903 1947 ut

202 1976 270 2006 par
292 1968 335 1997 sis
358 1967 389 1997 ιή
414 1967 585 2005 utriusque
607 1966 766 1997 orationis
793 1966 904 2005 facul-

207 2020 283 2047 tate.
333 2014 414 2046 Plin.
448 2016 486 2046 H.
520 2016 558 2045 N.
587 2016 644 2052 42,
674 2016 710 2045 vl:
744 2015 904 2054 platanus

208 2074 273 2095 una
309 2064 446 2104 iusifflzis
474 2064 644 2102 utriusque
674 2063 808 2104 linquae
830 2073 904 2094 mo-

209 2114 379 2145 numenti&
419 2114 503 2144 Stat.
535 2112 614 2143 Silv.
641 2114 677 2149 5,
710 2112 744 2150 3,
779 2113 838 2143 9οῑ
875 2117 905 2144 et

207 2164 340 2203 gyemina
384 2163 520 2202 plariqet
567 2162 726 2201 facundia
773 2162 900 2202 linqua.

210 2213 319 2244 Etiam
359 2211 453 2252 apud
492 2212 666 2243 nostrates
713 2211 747 2242 in
794 2211 904 2243 beiden

209 2262 377 2301 Sprachen
408 2260 502 2292 idem
532 2260 701 2300 significat
727 2260 820 2300 quod
851 2262 906 2292 «et

212 2311 419 2341 Germanice
445 2311 479 2340 et
503 2308 663 2340 Gallice.»

253 2362 284 2391 6.
301 2360 330 2391 7.
347 2359 668 2399 album--caprum]
684 2359 754 2390 Diis
769 2359 907 2399 superis

213 2409 314 2440 albae
334 2409 466 2440 hostiae
485 2408 770 2446 immolabantur,
791 2408 907 2440 inseris

213 2459 343 2497 nigrae.
394 2459 508 2498 Caper
539 2460 675 2495 autem,
709 2458 789 2498 quia
819 2459 908 2489 vites

211 2508 430 2548 depascitur,
490 2507 627 2537 Baccho
675 2506 904 2538 mactabatur.

210 2557 302 2596 Virg.
323 2558 382 2586 Ge.
403 2556 438 2589 ἱ).
458 2555 532 2586 380.
561 2556 700 2586 Euenus
718 2556 749 2586 in
769 2554 904 2587 Antinoi.

212 2604 280 2636 Pal.
302 2605 339 2635 11.
360 2613 392 2644 p.
414 2605 466 2635 ΞΤ.
495 2604 571 2635 vitis
596 2612 725 2644 capro:
754 2599 835 2645 Κῆν
861 2613 907 2645 με

211 2651 339 2698 φάγῃς
363 2654 421 2684 επὶ
447 2649 571 2696 ῥίζαν,
607 2648 712 2693 ὅμως
737 2649 790 2684 ἔτι
815 2663 908 2698 καρ-

213 2700 427 2747 ποφορήσω
445 2726 453 2739 ,
506 2699 644 2733 Ὄσσον
690 2702 906 2734 ἐπισπεῖσαι

213 2754 293 2786 σοι’,
321 2750 430 2795 τράγε
447 2776 454 2786 ,
482 2752 670 2793 θυομέιίρ.

993 1129 1024 1159 7.
1052 1129 1082 1161 8.
1115 1128 1305 1169 funeratus]
1327 1128 1487 1169 funerare
1509 1127 1646 1160 Valerio

950 1178 1037 1209 Max.
1060 1178 1071 1208 vl
1088 1202 1095 1216 ,
1115 1178 1151 1217 6,
1171 1178 1202 1209 6.
1221 1177 1261 1215 4,
1280 1176 1312 1215 4,
1331 1178 1361 1209 2.
1382 1177 1413 1216 4,
1432 1178 1462 1216 6,
1481 1177 1512 1208 3.
1540 1176 1647 1209 Plinio

951 1226 1003 1264 33,
1024 1226 1075 1257 40.
1092 1252 1097 1264 ,
1116 1227 1289 1258 Suetonio
1308 1227 1434 1258 Domit.
1455 1227 1507 1258 47.
1527 1228 1581 1258 est
1596 1235 1648 1257 se-

946 1275 1061 1314 pelire,
1081 1276 1169 1307 Hora
1175 1276 1220 1306 tio
1234 1284 1364 1314 necare,
1378 1276 1597 1316 eoestinyuere.
1611 1293 1646 1297 —

949 1324 1085 1355 Arboris
1100 1324 1176 1365 ictu]
1196 1324 1264 1356 Csr.
1286 1324 1347 1355 Od.
1367 1325 1404 1363 2,
1424 1324 1474 1356 43.
1500 1325 1650 1356 Conser-

951 1373 1129 1405 vationem
1153 1381 1255 1404 suam
1283 1373 1345 1405 Od.
1371 1374 1409 1413 ⁶2,
1430 1374 1487 1413 17,
1506 1373 1558 1404 27.
1587 1373 1649 1404 tri-

951 1422 1027 1453 buit
1043 1423 1176 1461 Fauno,
1204 1422 1277 1461 hie,
1304 1424 1341 1454 ut
1356 1424 1482 1463 poetae
1506 1421 1646 1460 licebat,

953 1471 1097 1510 Libero,
1123 1473 1310 1512 poetarum
1331 1472 1479 1504 custodi.

996 1521 1026 1551 9.
1055 1521 1106 1551 40.
1133 1530 1221 1552 anno
1244 1521 1408 1562 redeunte]
1435 1522 1468 1553 in
1493 1530 1555 1559 se,
1583 1530 1649 1552 ,τε-

953 1568 1182 1614 ριῑῑλομένου
1208 1569 1397 1602 ἐνιαυτοῦ.
1430 1572 1533 1603 Corn.
1560 1572 1646 1611 Nep.

952 1621 1055 1659 Ages.
1076 1618 1111 1651 4:
1149 1628 1236 1651 anno
1257 1623 1411 1651 vertente.
1455 1620 1587 1651 Franke
1614 1620 1646 1650 F.

954 1668 993 1699 H.
1020 1676 1053 1708 p.
1083 1669 1165 1700 258:
1191 1669 1307 1700 Dieser
1326 1669 1411 1700 'nach
1432 1669 1537 1700 etitem
1551 1668 1651 1699 Jahre

951 1718 1018 1748 mir
1058 1718 1339 1749 wiederkehrencle
1381 1718 1522 1758 festliche
1569 1718 1647 1758 Tay.

954 1767 1082 1799 Contra
1097 1766 1254 1799 Liibker:
1281 1768 1395 1800 Dieser
1411 1768 1456 1799 im
1472 1766 1650 1808 (inspeciem)

951 1817 1255 1848 wiederlcehrenden
1283 1818 1384 1849 Jahre
1405 1817 1546 1858 festliche
1571 1817 1649 1857 Tay.

955 1866 1047 1897 «Hoc
1076 1866 1355 1897 anniversarium
1388 1865 1558 1897 sollemne
1590 1874 1652 1896 ce-

953 1913 1087 1945 lebro.»
1114 1931 1148 1936 —
1177 1914 1347 1955 Cortieem]
1375 1915 1460 1947 Cato
1485 1914 1529 1945 de
1555 1915 1591 1945 R.
1611 1915 1648 1944 R.

955 1964 1033 1995 420:
1073 1964 1111 1995 In
1143 1964 1341 2003 amphoram
1373 1967 1516 1995 mustum
1549 1963 1652 1994 ‘indito

953 2015 983 2043 et
1006 2013 1159 2043 corticem
1184 2012 1344 2052 (suberis)
1373 2014 1537 2053 opptcato.
1587 2014 1652 2043 Ar-

955 2061 1102 2092 cliiloch.
1139 2062 1190 2092 Fr.
1212 2062 1323 2101 Bergk
1348 2062 1384 2093 4:
1411 2061 1550 2093 κοίλων
1574 2058 1652 2092 πώ·

953 2112 1039 2152 μαῖ’
1064 2106 1209 2149 ἄφελκε
1233 2108 1370 2142 κάδων.
1400 2128 1434 2133 -
1463 2109 1650 2150 dimovebit]

957 2160 1049 2191 Haec
1089 2159 1190 2190 lectio
1239 2168 1307 2191 non
1355 2159 1469 2190 solum
1507 2161 1653 2200 propter

957 2208 1066 2241 Codd.
1087 2209 1347 2247 auctoritatem,
1374 2208 1437 2240 sed
1454 2210 1561 2239 etiam
1588 2216 1653 2248 per

957 2267 994 2291 se
1030 2259 1186 2298 spectata
1210 2259 1355 2298 propter
1377 2266 1432 2288 vv.
1459 2257 1653 2287 adstrictum

952 2308 1024 2347 pice
1041 2307 1152 2348 aptior
1169 2308 1222 2338 est
1237 2305 1344 2337 altera
1362 2306 1547 2338 demonem.
1582 2305 1650 2337 Csr.

959 2357 1096 2388 Lubker
1119 2365 1152 2396 p.
1181 2356 1231 2387 18.
1445 2349 1449 2352 ”

1001 2407 1052 2437 Μ.
1081 2406 1132 2436 12.
1157 2405 1286 2445 fumum
1309 2403 1424 2444 bibere]
1452 2403 1586 2434 Colum.
1620 2405 1646 2442 t,

958 2455 994 2491 6,
1014 2454 1071 2485 20:
1097 2454 1279 2493 Apothecae
1295 2457 1379 2484 recte
1394 2456 1655 2492 ειιμιϊμοηιίιὶιυ·

959 2505 997 2534 iis
1036 2503 1133 2540 locis,
1187 2504 1272 2533 unde
1305 2502 1500 2541 plerumque
1545 2502 1655 2541 sumus

957 2553 1132 2589 exoritur,
1157 2552 1314 2590 quoniam
1337 2551 1417 2581 vina
1439 2551 1576 2581 celerius
1598 2559 1654 2581 ve-

958 2605 1132 2633 tustescunt
1149 2627 1154 2638 ,
1182 2610 1265 2641 quae
1287 2601 1371 2640 sumi
1387 2601 1530 2639 quodam
1545 2603 1655 2631 tenore

955 2659 1148 2691 praecocem
1155 2650 1383 2681 maturitatem
1396 2649 1541 2680 trahunt.
1553 2649 1650 2680 Ovid.

962 2702 1048 2732 Fast.
1075 2702 1113 2739 5,
1141 2700 1224 2731 548:
1264 2699 1387 2730 Premit
1414 2698 1541 2738 fumoso
1575 2706 1654 2727 con-

960 2751 1029 2781 ‹titn
1055 2751 1131 2781 vitia
1155 2749 1247 2779 cado,
1272 2765 1305 2770 —
1337 2747 1514 2788 institutae]
1542 2756 1652 2787 «qnae
