1997 3219
301 202 382 241 396
803 203 971 235 nost-xm
998 203 1219 236 omninum

764 454 1075 493 CARMEN
1118 455 1273 494 vm.

524 566 680 608 Martiis
712 565 882 609 caelebs
915 566 1019 622 quid
1050 579 1171 622 agam
1204 565 1425 614 Kalendis,

524 645 636 697 Quid
668 645 797 688 velint
828 646 957 689 flores
980 652 1030 688 -et
1060 659 1209 689 acerra
1238 645 1373 688 thuris

527 726 676 774 Plena,
711 726 899 775 miraris,
932 726 1185 783 positusque
1216 726 1345 769 carbo
1378 727 1417 767 in

749 807 945 863 Caespite
978 807 1100 855 vivo,

384 927 469 957 vm.
496 927 603 957 Inscr.
630 924 719 965 volg.
767 925 816 957 Ad
838 926 1086 964 Maecenatem,
1114 927 1149 956 et
1172 926 1222 957 sic
1245 925 1380 957 BbSTc.
1412 944 1444 947 —
1486 927 1514 957 4.
1541 928 1695 959 Kalendis

342 975 465 1012 Bbs,t:
493 975 642 1007 Calendis
657 975 715 1012 Tc,
735 976 781 1013 L,
808 973 939 1012 Bentl.,
966 974 1054 1007 FMJ.
1076 992 1111 997 -
1138 975 1169 1006 τὶ.
1196 975 1282 1006 turis
1307 975 1342 1006 T.
1373 993 1407 997 -
1434 975 1465 1007 3.
1492 976 1525 1007 in
1543 985 1611 1009 om.
1634 978 1691 1009 Bc.

342 1024 492 1063 (Habent
517 1023 617 1062 bST.)

342 1130 425 1160 VIII.
464 1130 703 1161 Maecenatem
739 1128 782 1160 ad
817 1128 911 1160 diem
942 1128 994 1160 fe-

298 1181 391 1211 stum
425 1177 660 1209 Kalendarum
696 1178 898 1210 Martiarum
935 1186 993 1209 se-

297 1237 378 1259 cum
403 1227 655 1259 celebrandum
679 1228 800 1259 invitat
816 1227 990 1265 Horatius,

296 1276 350 1309 vel
383 1278 488 1309 etiam
512 1277 658 1308 invitare
684 1286 721 1308 se
748 1276 992 1308 tantummodo

297 1326 409 1366 fingit,
447 1325 481 1357 id
512 1326 607 1366 quod
638 1326 721 1357 mihi
750 1325 894 1366 quidem
919 1326 993 1356 veri

298 1374 445 1407 similius
480 1375 631 1406 videtur.
680 1375 792 1405 Scena
828 1375 993 1405 carminis

297 1425 341 1455 ita
367 1426 419 1455 est
444 1426 665 1465 comparata,
692 1425 791 1464 quasi
808 1425 993 1455 Maecena-

297 1475 369 1505 tem
404 1473 545 1504 iamiam
578 1472 689 1514 epulis
721 1473 887 1513 excipiat,
926 1473 993 1504 mi-

297 1524 451 1561 rantem,
489 1532 552 1554 cur
584 1522 725 1554 caelebs
758 1524 892 1554 amicus
925 1523 992 1554 hoc

296 1571 403 1603 modo
419 1571 619 1603 Matronalia
639 1571 806 1603 celebret.
829 1573 879 1603 De
897 1580 993 1603 com-

296 1621 477 1661 positionis
511 1622 669 1661 tempore
703 1620 846 1653 consule
878 1621 992 1653 Lach-

296 1679 465 1702 mannum
490 1670 523 1701 in
548 1671 716 1702 Excursu.

341 1721 369 1751 4.
399 1720 719 1761 Martiis-Kalendis]
744 1721 794 1751 De
820 1721 992 1752 Matrona-

296 1768 432 1800 nalibus
447 1770 480 1800 in
495 1769 667 1800 honorem
684 1769 824 1800 Iunonis
838 1770 988 1801 Lucinae

295 1817 482 1850 celebratis
515 1818 575 1849 cfr.
610 1818 706 1850 Ovid.
741 1820 830 1851 Fast.
856 1819 894 1856 3,
926 1819 988 1850 ⁶233

295 1876 348 1907 sq.
370 1866 571 1898 Pseudotib.
596 1867 634 1905 3,
663 1869 698 1905 4,
728 1868 761 1898 l:
788 1869 908 1899 Martis
923 1869 988 1900 Ro-

294 1917 385 1947 mani
414 1917 514 1956 festae
546 1925 663 1947 venere
698 1917 867 1948 Kalendae
901 1917 989 1958 (Ex-

295 1966 402 1996 oriens
430 1965 548 1997 nostris
578 1966 628 1996 hic
657 1965 720 2005 suit
744 1976 851 1997 annas
874 1967 985 2007 aris),

294 2016 335 2046 Et
356 2024 446 2056 vagya
468 2024 555 2045 nunc
577 2018 668 2046 certa
691 2016 880 2047 discurrunt
895 2018 990 2048 undi-

295 2074 355 2103 que
368 2073 492 2103 pompa
506 2065 629 2102 Perque
650 2065 722 2095 vias
744 2065 835 2096 urbis
848 2074 989 2098 munera

296 2114 457 2153 (strenae)
489 2122 614 2153 perque
645 2114 765 2146 domos.
799 2116 916 2147 luven.
949 2116 985 2154 9,

294 2163 346 2194 53.
374 2164 475 2194 vocat
488 2163 645 2203 femineas
671 2164 847 2196 Kalendas,
897 2166 989 2197 Mar-

295 2212 382 2244 tialis
407 2212 450 2243 ad
475 2212 606 2244 Gallam
623 2214 660 2251 5,
687 2213 744 2251 84,
772 2214 807 2244 9:
835 2214 905 2245 Scis
921 2223 990 2245 cer-

294 2265 341 2295 te.
371 2265 471 2300 pato,
503 2265 613 2293 vestra
644 2263 712 2293 iam
733 2263 844 2294 venire
866 2264 989 2294 Satur-

295 2311 403 2349 nalia,
439 2311 582 2342 Martias
613 2311 788 2342 Kalendas.
832 2311 984 2343 Macrob.

295 2361 362 2390 Sat.
392 2361 428 2397 4,
457 2360 514 2390 42ῑ
550 2360 592 2390 Et
618 2360 718 2390 servis
741 2369 859 2391 coenas
882 2370 988 2400 appo-

293 2409 412 2440 nebant
440 2412 625 2439 matronae.
676 2408 879 2441 Celebratas
909 2418 987 2441 esse

294 2466 405 2497 usque
438 2457 482 2488 ad
514 2466 544 2488 a.
579 2457 652 2489 553.
680 2457 745 2489 sub
782 2458 986 2497 Iustiniano,

295 2508 376 2537 tunc
402 2506 602 2539 interdictas
620 2516 700 2538 cum
718 2506 792 2538 aliis
809 2507 987 2547 gentilium

294 2555 540 2595 sollemnibus,
567 2558 747 2589 annotavit
764 2557 894 2589 Preller
908 2559 988 2589 Phi-

295 2605 349 2635 lol.
376 2607 400 2636 I.
428 2615 460 2647 p.
481 2607 554 2638 354.
583 2616 624 2638 ex
644 2607 753 2638 Photii
785 2608 881 2646 Synt.
903 2609 984 2639 Can.

294 2654 329 2684 T.
366 2654 412 2685 13.
445 2657 481 2686 (2.
511 2656 563 2686 ⁴24.
615 2654 853 2695 (aMatronalia
891 2656 988 2688 (licc—

295 2702 421 2733 banlur
452 2714 510 2743 eo,
549 2704 641 2744 quod
676 2705 788 2737 mariti
814 2713 876 2745 pro
909 2714 989 2737 con—

295 2753 492 2785 servatione
529 2755 678 2794 coniugii
712 2753 987 2795 supplicabant.»

1045 1128 1180 1160 Comm.
1221 1129 1340 1169 Cruq.)
1379 1148 1413 1151 —
1451 1130 1584 1172 caelebs]
1622 1131 1737 1162 «Cum

1045 1178 1093 1215 tu,
1120 1177 1222 1209 docte
1248 1178 1377 1217 amice,
1404 1179 1515 1219 probe
1541 1178 1666 1212 calleas
1690 1181 1738 1210 ri-

1043 1228 1100 1259 tus
1135 1228 1241 1267 atque
1277 1228 1509 1261 caerimonias
1543 1230 1735 1268 Romanas,

1044 1276 1191 1307 fortasse
1216 1276 1413 1316 miraberis,
1432 1286 1503 1316 *cur
1528 1287 1610 1318 ego,
1637 1277 1739 1310 caeli-

1042 1325 1130 1357 bum
1167 1334 1246 1357 cum
1284 1325 1398 1358 nullae
1431 1327 1464 1358 in
1488 1327 1738 1359 Matronalibus

1044 1375 1112 1406 sint
1135 1376 1272 1415 partes,
1311 1376 1441 1416 quippe
1477 1385 1568 1416 quae
1593 1377 1637 1408 ad
1661 1386 1739 1409 ma-

1043 1426 1162 1455 tronas
1198 1423 1379 1456 dumtaxat
1410 1426 1445 1456 et
1475 1426 1619 1457 maritos
1654 1435 1738 1467 per—

1043 1474 1192 1512 tineant,
1231 1482 1271 1504 ea
1305 1473 1530 1506 nihilominus
1564 1476 1610 1506 ita
1643 1474 1738 1507 cele-

1042 1522 1168 1554 brem?
1202 1523 1352 1561 Verum,
1385 1524 1449 1554 etsi
1474 1533 1538 1563 ego
1562 1534 1627 1565 pro
1652 1534 1738 1556 con—

1043 1572 1130 1611 iugis
1155 1573 1423 1603 conservatione
1447 1574 1528 1603 vota
1555 1575 1736 1614 suscipere

1041 1630 1190 1661 remque
1235 1621 1389 1653 divinam
1425 1622 1540 1653 facere
1573 1631 1734 1662 nequeo¹

1041 1671 1187 1711 propter
1218 1669 1322 1702 aliam
1353 1672 1471 1702 tamen
1499 1680 1644 1703 causam
1669 1672 1736 1704 hoc

1041 1718 1210 1751 sollemne
1237 1718 1363 1751 obeo.»

1083 1769 1176 1810 2-4.
1215 1769 1324 1809 flores]
1363 1770 1456 1800 serta
1496 1771 1531 1801 et
1570 1778 1733 1802 coronae.

1040 1817 1136 1849 Ovid.
1164 1818 1253 1849 Fast.
1279 1817 1314 1856 3,
1334 1818 1408 1849 253.
1435 1819 1527 1850 Mars
1552 1819 1596 1850 do
1621 1822 1733 1852 matre

1039 1875 1118 1904 sua⁷
1145 1868 1277 1898 Iunone
1302 1867 1449 1903 Lucina,
1488 1868 1532 1898 ita
1558 1870 1735 1900 matronas

1039 1915 1245 1955 alloquitur:
1271 1916 1364 1947 Ferte
1380 1917 1461 1947 deae
1473 1918 1591 1957 flores,·
1614 1919 1736 1957 ¹qazldel

1036 1965 1226 2005 florentibus
1241 1965 1346 1996 herbis
1361 1966 1448 1997 Haec
1465 1967 1544 1997 dea:
1568 1968 1606 1998 de
1626 1970 1735 1998 tenero

1038 2014 1158 2054 cinyite
1171 2016 1254 2055 flore
1269 2018 1378 2053 caput.
1397 2033 1432 2037 —-
1451 2016 1582 2057 acerra]
1602 2016 1736 2058 θυμια-

1037 2061 1188 2109 τήριον,
1208 2062 1445 2109 λιβανωτρίς,
1464 2073 1545 2097 arca
1563 2066 1732 2106 thuraria,

1038 2123 1108 2145 non
1123 2113 1351 2145 thuribulum.
1372 2115 1500 2146 Veram
1512 2124 1656 2147 acerrae
1670 2116 1736 2147 for-

1039 2171 1133 2194 mam
1157 2164 1328 2195 monstrat
1344 2165 1428 2195 Mus.
1446 2164 1540 2195 Borb.
1558 2165 1610 2195 IX.
1627 2165 1663 2196 T.
1680 2166 1731 2196 56.

1042 2231 1076 2234 —
1106 2212 1219 2253 thuris]
1244 2214 1294 2244 Dc
1320 2213 1492 2253 scriptura
1515 2214 1584 2245 vid.
1609 2214 1650 2245 ad
1670 2214 1731 2245 Od.

1040 2261 1069 2299 4,
1091 2261 1141 2298 49,
1170 2261 1222 2293 44.
1241 2279 1275 2283 —
1289 2261 1531 2304 Caesplteulvo]
1549 2271 1618 2302 quo
1635 2273 1732 2295 aram

1038 2311 1289 2350 temporariam
1340 2313 1569 2343 exstruxerat.
1632 2312 1730 2353 Apul.

1038 2360 1117 2391 Met.
1128 2360 1158 2398 7,
1172 2360 1184 2391 4
1194 2361 1212 2391 Ο
1227 2370 1232 2390 :
1252 2369 1349 2391 aram
1358 2361 1498 2399 caespite
1506 2361 1734 2393 virenliillarli

1039 2413 1096 2443 deo
1112 2411 1248 2451 faciunt.
1282 2411 1332 2442 Cf.
1353 2411 1414 2442 Od.
1437 2412 1466 2449 4,
1488 2411 1541 2449 49,
1564 2411 1614 2442 43.
1636 2411 1730 2452 Calp.

1039 2459 1108 2492 Ecl.
1130 2461 1161 2498 5,
1177 2460 1238 2491 ⁶25:
1260 2460 1400 2499 caespite
1417 2460 1491 2491 vivo
1504 2460 1587 2491 Pone
1611 2460 1729 2500 soctan.

1082 2510 1112 2540 5.
1153 2510 1252 2540 Docte
1282 2509 1455 2549 sermones]
1488 2509 1615 2549 Exigua
1649 2518 1732 2541 sanc

1040 2557 1114 2590 laus
1140 2558 1246 2595 foret,
1274 2559 1300 2589 si
1327 2559 1393 2589 hoc
1419 2560 1553 2590 tantum
1578 2558 1729 2589 diceret:

1043 2608 1128 2645 «Tu,
1159 2608 1216 2647 qui
1242 2608 1372 2648 optime
1399 2609 1432 2639 ct
1457 2609 1588 2638 Graece
1614 2608 1649 2637 ct
1674 2608 1734 2637 La-

1041 2658 1109 2688 tine
1135 2658 1237 2689 scis»;
1265 2666 1354 2697 quae
1380 2659 1462 2688 tunc
1484 2657 1559 2687 crat
1575 2657 1732 2687 omnium

1040 2706 1221 2737 hominum
1249 2715 1316 2737 non
1341 2714 1486 2747 prorsus
1512 2705 1650 2736 rudium
1669 2706 1733 2736 sci-

1040 2756 1141 2787 entia.
1191 2755 1321 2786 Verum
1353 2755 1419 2786 hoc
1452 2754 1532 2786 (licit
1565 2762 1632 2785 non
1658 2755 1730 2785 sine
