1997 3219
738 219 814 250 LlB.
842 219 895 249 111.
946 219 982 248 (ἶ.
1011 219 1063 249 ΙΙΙ.

1544 215 1624 255 :357

469 323 606 364 Omne
639 334 809 363 sacrum
839 323 1029 377 rapiente
1061 320 1220 363 (lextra.

355 427 610 483 Quicunque
642 426 800 469 mundo
833 427 1036 469 terminus
1067 426 1244 472 obstitit,

356 509 477 550 Hunc
508 514 650 563 tanget
681 508 828 556 armis,
861 507 1001 550 visere
1034 507 1240 563 gestiens,

408 589 501 639 Qua
531 594 650 644 parte
682 587 999 630 debacchentur
1029 587 1167 642 ignes,
1571 585 1623 624 50

466 668 560 718 Qua
590 666 771 710 nebulae
802 666 1019 723 pluviique
1050 680 1182 709 rores.

354 771 439 814 Sed
471 771 685 814 bellicosis
716 770 796 813 fata
828 770 1062 822 Quiritibus

352 853 441 895 Hac
470 851 564 909 lege
595 851 713 901 dico,
746 864 799 893 ne
831 850 1008 893 nimium
1037 850 1095 907 pii

269 1008 321 1040 53.
357 1008 558 1048 Quaeunque
588 1006 742 1039 malebat
775 1006 885 1038 Bentl.
923 1025 958 1029 —
990 1007 1105 1038 mundi
1135 1007 1176 1045 L,
1214 1008 1252 1037 ut
1282 1006 1385 1038 Mald.
1419 1007 1577 1047 Cruquii,

227 1058 377 1090 Pottierii
401 1058 453 1088 ⁶32.
479 1057 544 1089 Mei
569 1058 604 1087 et
626 1055 751 1096 reliqui
774 1057 862 1088 Pott.
887 1056 1026 1093 mundo;
1051 1056 1136 1087 item
1161 1056 1290 1087 «nostri
1312 1057 1455 1096 praeter
1469 1064 1579 1087 unum

226 1109 261 1138 et
283 1106 432 1138 alterum
457 1115 498 1138 ex
519 1104 809 1137 recentioribus.»
834 1106 955 1136 BENTL.
985 1123 1021 1128 —
1047 1104 1100 1136 54.
1126 1108 1237 1146 lunyel
1259 1105 1356 1136 bSTc
1388 1106 1423 1136 et
1452 1113 1577 1136 omnes

226 1157 313 1187 Poit.
341 1157 481 1196 praeter
503 1163 629 1187 unum:
655 1158 773 1196 tangat
796 1156 883 1186 Poit.
902 1155 975 1193 22,
1003 1154 1130 1186 LCtFM
1154 1156 1189 1185 et
1211 1153 1320 1186 Bentl.
1350 1172 1386 1176 —
1404 1154 1457 1186 55.
1477 1154 1579 1186 deba-

224 1206 365 1236 chantur
386 1206 420 1236 T.

185 1344 238 1373 ter
260 1342 420 1372 humanos
442 1349 519 1372 usus
542 1342 577 1372 et
596 1349 749 1379 sacrum,
782 1338 877 1380 quod

183 1398 264 1422 cum
300 1390 449 1421 deorum
484 1390 542 1427 sit,
583 1390 786 1430 exemptum
825 1390 878 1420 est

181 1440 260 1472 usui
295 1440 461 1471 humano.
495 1437 604 1470 Plaut.
637 1439 729 1470 Trin.
763 1438 802 1476 4,
835 1437 874 1476 4⁷

181 1489 242 1520 36:
276 1489 388 1528 Neque
410 1488 480 1519 istis
503 1488 680 1527 quicquam
707 1488 775 1528 leye
797 1496 877 1518 san-

181 1541 316 1574 ctum-st‚·
348 1537 432 1577 leges
457 1537 542 1568 mori
569 1537 714 1568 serviunt
724 1545 735 1573 ‚·
768 1537 878 1568 Mores

181 1590 293 1618 autem
316 1595 434 1626 rapere
452 1590 638 1626 properant
661 1596 729 1626 qua
743 1595 877 1617 sacrum

181 1645 250 1675 qua
269 1635 449 1675 publicum.
472 1653 508 1658 -—
525 1635 653 1667 Aurum
675 1636 876 1675 irreperlum

179 1694 331 1725 spernere
354 1686 408 1716 est
432 1683 545 1716 «nulla
568 1693 714 1725 prorsus
739 1684 876 1725 cupidi-

181 1736 249 1766 tate
284 1733 431 1766 accendi
461 1733 505 1764 ad
536 1734 612 1764 auri
638 1742 747 1765 venas
775 1734 876 1765 inve-

179 1783 391 1824 stigandas.»
418 1783 634 1822 Frequentes
651 1784 770 1815 autem
787 1782 874 1815 tales

179 1835 260 1864 sunt
283 1833 357 1864 auri
381 1832 643 1864 exsecrationes
669 1832 763 1873 apud
785 1834 875 1864 anti-

180 1891 280 1922 quos.
314 1879 476 1922 Sophocl.
502 1881 614 1921 Antig.
640 1882 715 1913 2⁴21.
757 1882 875 1914 Timo-

181 1939 288 1963 creon
319 1931 353 1962 in
384 1929 600 1961 Schneidew.
632 1929 706 1961 Del.
736 1940 770 1971 p.
798 1931 872 1963 430.

179 1981 303 2020 Bergk.
318 1989 352 2020 p.
371 1975 627 2017 809;’Ὼ(ρελέν
644 1981 692 2017 α’,
711 1974 741 2010 ὦ
757 1979 875 2020 τυφλὲ

180 2027 346 2067 Πλοῦτε,
387 2026 484 2070 μήτε
520 2026 567 2071 γῇ
605 2026 692 2070 μήτ’
729 2028 768 2060 ἐν
802 2030 875 2061 θα-

180 2077 305 2124 λάσσῃ
336 2075 424 2119 μήτ’
457 2077 496 2109 ἐν
525 2074 665 2122 ἠπείρῳ
689 2077 872 2120 φανῆναι,

176 2125 282 2161 Ἀλλὰ
314 2124 510 2172 Τάρταρόν
540 2136 578 2157 τε
610 2128 728 2159 ναίειν
758 2124 874 2167 κάχέ-

179 2186 313 2223 ροντα·
347 2173 408 2208 διὰ
440 2175 483 2208 σὲ
507 2173 578 2221 γὰρ
602 2174 709 2207 πάντ’
735 2172 810 2209 ἔστ’
834 2177 874 2210 ἐν

179 2223 398 2271 ἀνθρώποις
441 2223 556 2256 κακά.
615 2226 750 2258 Seneca
796 2228 871 2259 Nat.

180 2278 321 2315 Quaest.
348 2275 385 2313 4,
420 2276 479 2306 45:
519 2276 610 2314 Quae
641 2278 735 2306 lanta
765 2285 875 2308 neces-

178 2327 260 2357 sitas
302 2325 464 2355 hominem
499 2325 545 2355 ad
585 2324 695 2355 sidera
732 2328 875 2357 erectum

178 2374 368 2406 incur-vatic
399 2376 429 2404 et
460 2373 580 2412 defodit
611 2376 641 2404 et
671 2373 706 2404 in
735 2374 876 2414 fundum

179 2424 304 2456 telluris
338 2424 470 2463 infimae
507 2422 637 2461 mersit,
673 2426 710 2453 ut
748 2427 876 2456 erueret

179 2482 302 2505 aurum
334 2481 400 2503 non
430 2472 558 2503 minore
591 2472 740 2511 periculo
772 2481 875 2512 quae—-

179 2523 317 2554 rendum
343 2530 444 2559 quam
462 2519 720 2560 possidendum?
758 2520 871 2553 Mami.

179 2573 213 2608 5,
240 2572 314 2602 ς276.
342 2570 385 2601 de
420 2570 613 2602 frumento:
651 2570 745 2609 Quod
771 2571 876 2601 solum

180 2621 286 2652 decuit
308 2620 463 2650 mortales
485 2627 576 2650 nosse
598 2620 777 2650 metallum.

224 2669 276 2701 53.
291 2668 492 2709 Quicunque]
505 2668 570 2699 aad
583 2667 742 2700 ultimum
754 2677 877 2708 quem-

182 2720 232 2750 vis
258 2719 462 2754 terminum.
493 2718 571 2758 qui,
608 2719 729 2748 natura
755 2725 872 2749 rerum

181 2769 231 2799 sic
249 2767 402 2806 iubente,
429 2767 561 2799 mundo
579 2765 756 2799 habitabili
775 2766 874 2798 obsti-

927 1340 981 1379 tit,
1021 1340 1127 1371 slavor
1163 1340 1261 1379 steht,
1304 1348 1418 1380 eoque
1456 1338 1619 1380 impedit,

927 1396 998 1428 quo
1015 1389 1129 1420 minus
1153 1389 1307 1420 mundus
1331 1387 1420 1420 ultra
1442 1396 1481 1420 se
1499 1389 1624 1420 exten—

927 1437 1005 1476 dat,
1051 1446 1133 1468 eum
1172 1436 1336 1469 claudit.»
1396 1437 1619 1477 Requiritur,

926 1487 1055 1527 inquit,
1093 1486 1250 1518 obstiterit
1282 1486 1339 1518 vel
1368 1487 1486 1528 potius
1510 1486 1619 1518 obstet.

926 1536 1037 1567 Immo
1083 1537 1207 1567 neutra
1245 1536 1312 1568 hac
1359 1536 1621 1568 constructione

926 1592 1012 1616 usus
1036 1593 1193 1625 unquam
1218 1587 1313 1617 esset
1345 1585 1525 1624 Horatius,
1564 1585 1623 1625 qui

926 1635 1127 1666 constanter
1149 1643 1232 1667 cum
1255 1645 1288 1667 v.
1307 1635 1492 1674 quicunque
1515 1635 1624 1675 iungit

925 1683 1145 1716 indicativos.
1186 1703 1221 1707 —
1257 1684 1397 1725 mundo]
1424 1685 1516 1716 Unus
1541 1685 1623 1715 Pot-

926 1734 1013 1765 tierii
1039 1733 1123 1765 Cod.
1150 1734 1203 1765 22.
1229 1734 1364 1772 mundi,
1391 1732 1486 1773 quod
1508 1731 1624 1773 place-

925 1782 987 1814 bat
1002 1782 1149 1820 Vossio;
1176 1782 1240 1814 sed
1264 1782 1440 1823 pedestris
1465 1783 1519 1813 est
1542 1790 1622 1813 ora-

924 1832 1049 1870 tionis,
1081 1840 1163 1863 cum
1199 1832 1249 1863 sic
1283 1832 1387 1863 nimis
1420 1829 1622 1862 debilitetur

925 1882 1015 1913 actio
1039 1890 1072 1913 v.
1099 1881 1229 1913 obstitit.

968 1930 1021 1963 54.
1061 1930 1190 1970 tanget]
1229 1930 1344 1962 «Huic
1375 1937 1471 1961 arma
1496 1928 1623 1960 inseret

925 1988 1078 2020 eumque
1104 1980 1137 2010 in
1154 1979 1330 2010 dicionem
1348 1987 1450 2010 suam
1471 1978 1620 2017 rediget,

925 2028 1051 2060 bellico
1087 2036 1169 2060 cum
1204 2029 1338 2068 impetu
1373 2036 1414 2059 ae
1452 2027 1622 2059 victoriae

925 2080 1021 2110 certa
1067 2077 1244 2118 (gestiens)
1286 2078 1476 2117 penetrans
1516 2077 1551 2107 et
1587 2077 1622 2107 in

925 2135 1048 2158 zonam
1065 2125 1215 2165 gelidam
1239 2127 1274 2156 et
1297 2126 1331 2156 in
1353 2125 1534 2162 torridam,
1561 2125 1621 2156 ubi

925 2175 1006 2208 solis
1030 2176 1120 2215 ignes
1143 2175 1214 2205 vim
1231 2182 1331 2206 suam
1349 2175 1448 2214 quasi
1466 2173 1624 2205 furibun-

926 2226 1006 2257 dam
1023 2226 1222 2256 exercent.»
1251 2224 1372 2264 Tanyet
1388 2225 1507 2254 autem
1523 2232 1624 2264 prae-

926 2273 985 2306 tuli
1011 2273 1158 2305 aliorum
1182 2276 1316 2313 tangat,
1343 2274 1378 2304 et
1402 2273 1481 2312 quia
1499 2273 1622 2304 vatici—

926 2325 1029 2355 natur
1053 2323 1156 2360 Iuno,
1183 2324 1217 2354 et
1240 2323 1386 2363 propter
1410 2320 1520 2353 Codd.
1542 2329 1623 2353 con-

926 2380 1083 2404 sensum.

968 2422 1021 2453 56.
1054 2419 1164 2460 rores]
1191 2421 1228 2451 ut
1250 2416 1413 2465 δρόσος,
1441 2413 1485 2450 de
1503 2419 1622 2450 cuius-

925 2472 975 2503 vis
999 2471 1138 2511 generis
1162 2478 1252 2509 aqua
1276 2468 1371 2510 apud
1394 2469 1541 2510 poetas;
1584 2468 1617 2498 h.

925 2520 946 2552 l.
973 2529 1037 2561 pro
1060 2518 1246 2551 imbribus.

969 2570 1008 2600 57
1025 2587 1060 2592 -
1076 2569 1128 2600 60.
1179 2568 1272 2599 «Sed
1311 2566 1406 2598 orbis
1446 2568 1620 2597 terrarum

927 2618 1130 2659 imperium,
1167 2616 1211 2648 ad
1236 2616 1333 2656 quod
1357 2616 1424 2647 sata
1448 2616 1621 2646 Romanos

926 2669 1070 2705 vocant,
1111 2676 1153 2698 ea
1191 2668 1307 2697 tamon
1339 2664 1544 2696 condicione
1579 2664 1620 2695 iis

926 2717 1115 2754 vaticinor,
1157 2717 1195 2747 ut
1234 2715 1435 2746 abstineant
1469 2722 1488 2744 a
1519 2713 1619 2744 Troia

927 2765 1157 2807 reparanda.»
1177 2782 1210 2788 —
1235 2764 1295 2805 pli}
1322 2765 1355 2796 in
1371 2760 1617 2808 μητρόπολιν,
