1997 3219
678 209 753 240 1⁴13.
782 209 804 238 1,
854 208 890 238 u.
919 207 1046 238 xxxv.
1557 203 1629 244 189

474 313 728 368 Quicunque
760 309 938 367 Bithyna
970 309 1140 352 lacessit

531 391 803 448 Carpathium
834 391 1010 448 pelagus
1041 390 1196 433 carina.

415 499 469 539 Te
502 500 641 540 Dacus
673 512 823 554 asper,
858 506 897 539 te
929 496 1094 553 profugi
1127 494 1312 552 Scythae

417 578 639 634 Urbesque
670 585 905 634 gentesque
938 583 979 619 et
1010 576 1172 618 Latium
1204 575 1323 618 ferox

1578 575 1627 616 lO

475 660 723 715 Regumque
756 664 911 700 matres
942 656 1222 699 barbarorum
1254 662 1295 697 et

528 738 733 794 Purpurei
765 744 957 780 metuunt
987 737 1176 795 tyranni,

191 899 303 927 terum
320 899 348 926 te
361 896 527 926 dominam
543 894 697 932 aequoris
708 892 881 933 generalis

190 948 239 975 ost
258 945 428 976 sententia
447 952 560 983 neque
578 951 660 974 vero
679 941 746 973 ullo
763 944 878 982 pacto,

190 996 225 1024 ut
265 992 416 1024 nonnulli
460 992 664 1028 voluerunt,
711 990 881 1031 significat

189 1043 338 1084 priscam
370 1042 555 1074 Antiatium
581 1049 598 1071 a
626 1041 773 1072 Fortuna
798 1049 882 1081 pro-

190 1095 359 1123 tectorum
384 1092 575 1132 potentiam
597 1091 810 1121 maritimam
826 1088 882 1121 vel

189 1142 294 1173 etiam
320 1142 547 1172 Fortunarum
572 1140 760 1171 Antiatium
784 1139 881 1170 aedis

188 1191 292 1222 situm
307 1190 350 1221 ad
365 1199 473 1221 mare.
495 1188 668 1230 (Martialis
678 1201 708 1225 ο
726 1190 755 1227 1,
771 1188 801 1220 3:
818 1188 882 1219 Seu

188 1244 244 1270 tua
257 1240 423 1270 verificae
435 1240 560 1270 discunt
574 1247 726 1278 responsa
740 1247 879 1276 sorores,

188 1290 290 1320 Plana
307 1289 486 1319 suburbani
503 1297 567 1327 qua
583 1288 678 1318 cubat
692 1288 780 1318 unda
791 1288 878 1327 freti.

188 1338 264 1369 coll.
284 1338 399 1378 Nibhy
420 1338 481 1369 689
504 1338 638 1377 l'iayyio
656 1338 694 1368 ΙΙ.
712 1345 744 1377 p.
766 1336 852 1376 ⁰235.)

230 1389 260 1419 7.
287 1387 438 1427 Bithyna]
464 1388 538 1418 Non
569 1387 647 1427 quia
680 1394 723 1416 ex
752 1394 791 1416 ea
820 1394 880 1416 re-

186 1437 286 1476 gione
319 1436 446 1468 multae
479 1445 616 1467 merces
643 1437 790 1467 Romam
815 1434 879 1465 ad-

186 1485 422 1523 vehebanturv
448 1485 511 1517 sed
537 1486 632 1516 navis
658 1486 730 1525 ipsa
753 1484 879 1515 dicitur

186 1537 384 1566 constructa
402 1543 443 1565 ex
459 1534 642 1573 Bithynico
659 1533 768 1573 lign0;
796 1542 877 1564 nam

186 1584 367 1615 materiem
404 1586 522 1624 aptam
554 1583 599 1614 ad
631 1592 738 1615 naves
769 1582 878 1614 sabri-

185 1633 315 1664 candas
332 1632 549 1673 praebebant
570 1632 676 1664 silvae
695 1632 875 1671 Bithyniae

185 1685 219 1714 et
252 1683 359 1713 Ponti.
398 1700 432 1704 —
465 1682 601 1723 lacessit]
635 1682 754 1713 Omnis
782 1681 876 1712 enim

185 1734 287 1762 nauta
318 1732 444 1762 fluctus
473 1734 667 1772 ventosque
693 1730 737 1761 ad
761 1730 877 1762 certa-

184 1788 265 1811 men
278 1789 399 1811 secum
414 1780 605 1812 ineundum
617 1780 786 1812 audacter
799 1787 878 1820 pro-

185 1831 295 1860 vocat.
345 1829 440 1860 Ovid.
468 1831 606 1861 Metam.
634 1830 669 1868 1,
697 1829 775 1861 434:
801 1829 878 1860 Flu-

184 1878 286 1908 ctibus
310 1879 427 1918 ignotis
451 1880 648 1910 insultat-ere-
670 1879 818 1910 carinae.

227 1928 257 1958 8.
306 1928 530 1970 Carpathium]
561 1938 579 1959 a
610 1929 784 1969 Carpatho
823 1928 873 1968 (h.

185 1976 383 2018 Scarpanto)
408 1978 517 2010 insula
542 1979 631 2010 inter
654 1978 816 2010 Rhodum
841 1979 876 2009 et

186 2026 342 2057 Cretam:
376 2028 481 2059 etiam
505 2027 627 2059 Graeci
652 2025 876 2073 Καρπάθιον

185 2074 356 2117 πέλαγος.

227 2127 257 2155 9.
286 2126 368 2156 Daci
399 2127 479 2156 tunc
512 2125 680 2166 temporis
709 2125 877 2156 incursio-

186 2173 287 2205 nibus
315 2183 442 2205 x‘exare
456 2173 629 2207 solebant
653 2175 784 2206 vicinas
809 2175 876 2206 im-

186 2223 270 2264 perii
297 2224 438 2254 Romani
471 2224 642 2263 regiones.
700 2226 811 2264 Atque
842 2224 874 2255 in

186 2274 228 2304 M.
248 2273 382 2303 Antonii
401 2273 504 2304 sociis
529 2273 675 2305 fuerant.
702 2274 793 2314 Virg.
814 2275 872 2304 Ge.

187 2324 216 2359 2,
232 2321 292 2353 497
307 2331 312 2351 :
337 2322 400 2352 Au!
415 2323 588 2353 coniurato
604 2323 795 2354 descendens
807 2323 878 2354 Da-

183 2381 241 2402 cus
256 2370 297 2401 ab
316 2371 408 2401 Istra.
432 2371 481 2402 Ad
504 2372 623 2409 Dacos,
641 2381 722 2412 pop.
743 2374 874 2410 Germ.,

186 2423 298 2453 Danas
307 2421 460 2462 quodam
472 2422 576 2452 inodo
587 2423 761 2463 pertinere
772 2421 877 2453 uocet

183 2472 210 2501 ,1,
232 2472 364 2502 ‹irinnn
389 2470 500 2500 nosch.
520 2470 549 2500 d.
569 2471 600 2501 d.
620 2473 694 2510 Spr.
717 2472 739 2502 Ι.
760 2480 792 2512 ρ,
815 2472 875 2503 192

185 2522 276 2561 sqq.)
317 2538 349 2542 —-
377 2519 528 2559 prosuyi']
566 2519 627 2551 Οὐ.
665 2520 704 2558 3,
743 2520 800 2559 21»,
836 2520 873 2551 9:

186 2570 389 2609 Cwnpestres
401 2587 416 2592 -
424 2587 438 2592 -
450 2569 600 2608 Scythae,
621 2570 768 2608 Quorum
780 2570 878 2610 plau-

183 2622 253 2649 stra
279 2628 381 2659 myas
404 2619 466 2649 rite
481 2619 616 2649 trahunt
632 2619 753 2650 ἀυηιοε.
788 2620 877 2651 Dicit

186 2665 274 2707 roi-g
313 2665 464 2706 Σκύθας
509 2666 777 2708 πλανωμένους
815 2668 874 2700 ἐπὶ

186 2714 257 2747 τῶν
281 2712 440 2758 ἁμαξῶν
465 2718 604 2749 Luc-ian.
625 2718 709 2749 lcar.
732 2718 797 2755 16.,
817 2718 875 2759 qui

185 2767 485 2806 appropinquante
512 2767 610 2797 hoste
637 2768 668 2798 in
688 2767 876 2798 immensas

932 901 1014 924 suas
1046 891 1251 923 solitudines
1282 892 1449 933 (Steppen)
1481 892 1624 931 abeunt,

933 951 975 973 ex
999 942 1110 982 gentis
1135 951 1219 973 suae
1245 950 1343 974 more
1367 942 1498 974 nullam
1515 943 1548 974 in
1566 942 1623 974 tali

932 991 1010 1032 fuga
1042 992 1267 1031 ignominiam
1300 1000 1378 1024 esse
1408 993 1623 1033 reputantes,

931 1039 993 1072 Alii
1029 1042 1262 1082 provocantes
1297 1040 1339 1072 ad
1380 1040 1560 1072 Platonem
1594 1042 1625 1073 in

931 1091 1082 1122 Lachete
1107 1099 1140 1131 p.
1170 1091 1242 1122 191.
1269 1093 1308 1122 A.
1341 1093 1538 1131 exponunt:
1573 1092 1626 1122 «in

932 1138 1094 1179 fugiendo
1117 1139 1319 1178 iaculantes,
1346 1140 1498 1180 ideoque
1515 1140 1627 1172 hosti—

931 1187 997 1220 bus
1015 1188 1262 1227 sormi‹1olosi»;
1290 1198 1359 1230 qua
1375 1189 1625 1229 significatione

931 1240 1092 1270 Lucanus
1113 1238 1174 1278 ·(6‚
1208 1239 1275 1279 50.)
1309 1238 1352 1270 de
1382 1239 1516 1270 Parthis
1543 1248 1626 1272 usus

931 1289 985 1319 est
997 1287 1170 1319 adlectivo
1188 1288 1306 1328 refuyi.
1334 1289 1464 1320 Rursus
1482 1288 1535 1319 alii
1554 1289 1628 1320 iun-

930 1338 1032 1376 gunt:
1060 1336 1199 1375 Scythae
1224 1337 1313 1377 (gen.
1340 1337 1427 1377 sing.
1455 1346 1518 1378 pro
1543 1338 1627 1376 Scy—

928 1385 1074 1426 tharum)
1097 1385 1193 1416 urbes
1207 1389 1399 1426 gentesque,
1429 1386 1523 1417 haud
1549 1396 1627 1418 me-

929 1443 1047 1465 mores
1060 1435 1208 1474 Scythas
1232 1444 1302 1466 non
1319 1435 1485 1467 habuisse
1503 1435 1622 1468 urbes.

931 1501 966 1505 —
993 1484 1203 1523 Scytharum
1225 1484 1375 1516 formam
1394 1483 1624 1525 hahitumque

929 1534 1107 1573 quomodo
1133 1535 1371 1575 expresserint
1395 1534 1547 1565 artifices
1565 1543 1625 1566 an-

928 1583 1030 1623 tiqui,
1055 1582 1135 1614 vide
1161 1583 1193 1614 in
1219 1583 1377 1615 Gerhard
1404 1584 1540 1624 Vasenq.
1568 1584 1622 1615 111.

928 1633 964 1664 T.
1002 1632 1143 1663 CLXVI.

973 1681 1023 1712 10.
1075 1681 1183 1721 Urbes]
1216 1682 1363 1713 Pausan.
1397 1681 1439 1721 4,
1477 1682 1542 1721 30,
1580 1683 1622 1714 6:

927 1728 1116 1775 Πίνδαρος
1149 1727 1219 1771 τὴν
1253 1727 1382 1773 Τύχην
1412 1731 1476 1762 καὶ
1510 1733 1625 1777 φερέ-

927 1779 1036 1812 πολιν
1067 1776 1307 1811 ἀνεκάλεσεν.
1342 1798 1378 1803 -
1412 1781 1545 1812 Latium
1571 1782 1625 1821 fe-

926 1831 1008 1871 rar]
1042 1830 1287 1869 «animosum,
1325 1829 1553 1869 bellicosum,
1592 1831 1625 1862 in

926 1889 995 1920 quo
1019 1879 1116 1911 orbis
1140 1881 1315 1911 terrarum
1333 1881 1452 1920 caput,
1479 1880 1623 1911 Roman>

970 1930 1022 1960 11.
1050 1929 1101 1960 12.
1139 1929 1326 1969 Itequmque
1358 1929 1492 1970 matres]
1529 1929 1623 1970 apud

925 1979 1072 2010 Asianos
1089 1978 1278 2019 praecipue
1295 1978 1500 2017 honoratae,
1523 1981 1561 2010 ut
1577 1979 1626 2010 vi—

925 2027 1051 2059 demus
1075 2029 1237 2059 Atossam
1260 2027 1294 2058 in
1310 2026 1474 2068 Aeschyli
1492 2029 1620 2060 Persis.

926 2078 998 2108 Hae
1028 2077 1129 2116 igitur
1159 2077 1282 2108 timent
1306 2076 1399 2115 filiis,
1438 2086 1482 2109 ne
1507 2086 1526 2107 a
1551 2078 1624 2108 Ro-

927 2126 1038 2157 manis
1074 2133 1181 2165 regno
1217 2124 1422 2165 spolientur.
1479 2127 1622 2167 Propria

926 2173 1087 2206 videlicet
1110 2175 1359 2214 significatione
1388 2175 1522 2215 accipio
1547 2184 1624 2206 ma-

925 2227 1001 2259 tres,
1021 2233 1089 2255 non
1111 2232 1192 2255 cum
1214 2222 1287 2255 aliis
1306 2224 1516 2262 «matronas,
1536 2232 1623 2255 con-

927 2274 1065 2314 iuges»
1118 2274 1186 2305 Cfr.
1224 2273 1382 2304 ludicum
1418 2273 1455 2304 C.
1489 2274 1527 2311 5,
1560 2273 1620 2304 28:

925 2324 985 2355 Per
1005 2324 1183 2364 fenestram
1199 2322 1348 2353 ululabat
1363 2326 1472 2354 mater
1487 2323 1625 2354 Sisarae

927 2376 955 2404 et
987 2373 1025 2404 de
1059 2372 1235 2404 coenaculo
1271 2372 1490 2412 loquebatur:
1529 2372 1624 2403 «Cur

927 2426 1079 2453 moratur
1103 2422 1232 2462 regredi
1256 2430 1376 2452 currus
1395 2420 1488 2452 eius?
1513 2422 1624 2460 Quare

926 2473 1144 2503 tardaverunt
1174 2472 1272 2511 pedes
1306 2471 1551 2511 quadrigarum
1582 2471 1623 2501 it-

926 2521 1037 2552 lius?»
1067 2539 1101 2543 —
1120 2520 1472 2561 Purpura-tyranni]
1493 2520 1530 2551 οἱ
1554 2516 1623 2562 τὴν

927 2569 1144 2616 πορφυρίδα
1166 2566 1405 2609 ἐνδεδυκότες
1423 2578 1491 2600 non
1509 2569 1621 2601 semel

927 2620 971 2652 de
996 2621 1153 2660 tyrannis
1179 2618 1232 2651 vel
1258 2618 1430 2660 primariis
1454 2618 1536 2650 viris
1554 2619 1622 2650 Lu-

927 2670 1059 2701 cianus.
1081 2668 1178 2709 (Dial.
1199 2671 1301 2700 mort.
1326 2667 1356 2706 -l,
1384 2667 1414 2700 li.
1443 2668 1506 2699 Vit.
1527 2669 1618 2699 auct.

928 2719 993 2759 42.)
1030 2719 1121 2759 Virg.
1149 2720 1207 2750 Ge,
1237 2718 1272 2757 2,
1309 2717 1390 2750 495:
1430 2718 1526 2750 Illum
1556 2727 1618 2748 non

922 2768 1035 2807 papuli
1070 2768 1193 2808 fasc-ex,
1230 2777 1295 2798 non
1323 2776 1478 2806 purpura
1506 2775 1618 2806 reglum
