1997 3219
329 157 409 198 612

836 158 1002 190 llORATll
1028 158 1251 191 CARMINUM

803 518 1113 587 cmm
1139 546 1290 585 xxv.

554 674 673 724 Quae
706 686 809 715 eura
839 679 1007 728 patrum
1038 685 1204 728 quaeve
1236 671 1462 722 Quiritium

548 753 690 796 Plenis
721 753 931 795 honorum
960 752 1209 795 muneribus
1240 759 1353 800 tuas,

608 836 821 891 Auguste,
855 833 1031 875 virtutes
1063 834 1104 874 in
1138 847 1292 875 aevum

413 968 498 999 XIV.
525 968 634 998 Inscr.
659 965 749 1006 volg.
775 966 825 997 Ad
844 955 1037 1006 Augustum.
1061 981 1096 987 —-
1121 965 1250 995 Laudes
1271 963 1410 1004 Aaqusn·
1427 963 1506 994 bSc.
1531 981 1565 984 —
1592 962 1666 994 Om.
1688 963 1723 994 T.

375 1035 410 1039 -—
436 1017 467 1049 ⁶2.
495 1020 570 1048 tuas
596 1024 665 1047 om.
693 1016 730 1046 T.

369 1134 455 1166 XIV.
496 1134 585 1166 Cum
618 1133 721 1164 huius
756 1131 834 1164 libri
867 1132 1022 1164 carmine

326 1185 382 1216 IV.
430 1183 533 1215 Drusi
568 1191 625 1214 res
660 1183 694 1213 in
723 1180 868 1222 Alpibus
903 1182 1022 1221 gestas

326 1232 589 1274 praedicasset,
621 1231 665 1262 ab
690 1232 846 1271 Augusto
871 1230 1021 1261 fortasse

327 1283 490 1314 invitatus
514 1280 570 1312 vel
594 1282 669 1322 ipse
695 1280 838 1312 fautoris
862 1279 1024 1311 volunta—

326 1334 399 1364 tem
418 1332 596 1369 divinans,
617 1329 775 1362 similiter
792 1328 941 1360 alterum
957 1330 1025 1360 Au—

327 1381 417 1422 gusti
433 1381 648 1421 privignum,
675 1380 723 1410 Ti.
751 1378 935 1410 Claudium
959 1379 1024 1409 Ne-

325 1438 473 1468 ronem,
500 1430 644 1470 propter
659 1428 822 1459 victorias
847 1427 890 1459 de
908 1427 1023 1458 Raetis

327 1489 358 1511 a.
386 1489 420 1511 u.
450 1488 479 1511 e.
519 1479 593 1510 739.
630 1479 748 1519 partas
784 1477 936 1515 extollit;
978 1478 1023 1508 ita

327 1531 445 1561 tamen
481 1530 517 1560 et
551 1529 586 1560 in
622 1527 787 1559 earmiuiS
821 1526 964 1558 exordio
990 1528 1024 1557 et

326 1578 392 1611 sub
411 1579 543 1610 exitum
559 1579 593 1609 in
614 1577 759 1618 Augusti
774 1576 938 1608 laudibus
961 1576 1025 1607 im—

326 1629 500 1665 moratur,
538 1629 594 1665 ut,
632 1628 697 1659 nisi
728 1627 844 1658 omnia
876 1634 940 1658 nos
965 1625 1023 1657 sal-

326 1677 422 1716 lunt,
458 1677 502 1708 ab
535 1676 652 1708 indole
682 1685 723 1707 ac
747 1675 905 1707 moribus
930 1675 1021 1705 Dru-

327 1736 407 1759 sum
432 1726 544 1766 magis
569 1734 677 1766 quam
701 1724 879 1756 Tiberium
904 1724 1022 1755 huius-

327 1776 466 1808 cemodi
489 1775 675 1816 praeconia
699 1775 828 1806 mereri
846 1774 919 1814 ipse
938 1782 1020 1804 sen—

326 1826 414 1857 sisse
459 1825 642 1862 videatu1·‚
695 1823 845 1864 ideoque
896 1821 1019 1854 bellica

327 1875 507 1906 dumtaxat
542 1874 644 1905 huius
678 1874 805 1904 virtute
844 1871 1021 1904 celebrata

326 1924 491 1955 libentius
525 1922 568 1954 ad
592 1924 789 1963 Augustum
813 1931 851 1954 se
876 1930 1023 1953 eonver-

325 1975 391 2012 tat,
429 1974 464 2004 et
497 1972 642 2014 quidem
667 1973 739 2011 sie,
778 1973 835 2010 ut,
876 1972 904 2003 si
941 1980 1021 2002 eum

326 2023 467 2055 Editore
495 2022 656 2054 Leidensi
680 2021 767 2053 velis
792 2020 924 2052 habere
948 2029 1022 2051 me—

326 2082 406 2105 rum
444 2069 633 2115 ἐγκώμιον
670 2071 833 2111 Augusti,
875 2078 1020 2102 carmen

326 2124 445 2154 tamen
484 2123 581 2153 certo
625 2121 693 2152 fine
733 2122 837 2160 atque
877 2119 1020 2151 consilio

323 2180 469 2213 prorsus
487 2170 711 2209 destitutum,
738 2178 864 2201 secure
883 2169 1020 2200 recidas

325 2230 357 2251 v.
385 2220 506 2252 9-40.
545 2220 711 2257 Omnino,
750 2219 878 2257 fateor,
916 2217 1021 2250 simil-

324 2269 448 2301 limum
482 2277 564 2301 eum
599 2269 847 2308 argumentum
877 2268 1018 2299 iamiam

324 2320 528 2357 tractasset,
564 2318 680 2349 minus
715 2319 930 2357 spontaneus
965 2317 1019 2347 est

324 2369 494 2409 impetus,
533 2376 602 2408 quo
638 2366 765 2404 fertur,
799 2374 840 2397 ae
871 2365 1019 2405 diligen—

323 2418 457 2449 tissima
481 2418 554 2448 arte
580 2416 694 2448 omnia
719 2418 798 2447 sunt
825 2414 1016 2451 elaborata,

324 2476 368 2499 ne
404 2468 437 2498 in
467 2465 522 2497 illo
552 2466 604 2497 vis
631 2465 766 2506 poetica
800 2463 1018 2504 aliquatenus

325 2516 495 2549 exhausta
521 2514 710 2546 videretur.
751 2514 810 2553 (De
840 2513 1019 2554 composi-

324 2566 426 2598 tionis
444 2567 604 2605 tempore
621 2563 699 2594 vide
718 2571 823 2603 supra
840 2571 874 2603 p.
895 2562 982 2602 554..)

367 2616 386 2646 2
404 2633 423 2638 -
439 2615 469 2645 6.
495 2613 619 2654 Plenis]
654 2621 765 2653 «quae
790 2612 857 2643 tuis
882 2612 1015 2643 meritis

323 2672 466 2705 prorsus
483 2662 755 2704 respondeant.»
781 2661 917 2693 Etenim
934 2670 1018 2693 con-

324 2714 442 2744 strue:
477 2713 581 2752 plenis
614 2710 803 2743 muneribus
840 2711 1014 2749 honorum,

1075 1140 1144 1163 non
1182 1139 1267 1162 vero
1307 1139 1388 1162 cum
1419 1128 1528 1168 ,aliisz
1578 1129 1768 1161 immeribus

1071 1181 1175 1220 plenis
1225 1181 1408 1219 honorum,
1461 1178 1771 1211 honorificentissi-

1076 1230 1158 1269 mis,
1185 1231 1222 1261 ut
1239 1228 1294 1260 alii
1309 1229 1506 1261 voluerunt.
1555 1229 1617 1260 Dio
1636 1228 1694 1267 54,
1714 1229 1766 1260 25.

1077 1281 1118 1319 (a.
1150 1288 1183 1310 u.
1216 1287 1245 1309 e.
1277 1277 1386 1318 744.):
1438 1273 1464 1319 ἢ
1488 1287 1528 1308 τε
1550 1274 1622 1322 γὰρ
1644 1274 1768 1319 βουλὴ

1075 1324 1268 1374 ἡθροίσθη
1296 1327 1362 1363 καὶ
1389 1322 1495 1368 ἔδοξε
1523 1328 1658 1366 σφίσιν
1673 1322 1771 1358 ἄλλα

1074 1387 1113 1410 τε
1136 1378 1199 1409 καὶ
1223 1374 1358 1419 βωμὸν
1374 1376 1414 1409 ἐν
1429 1374 1530 1419 αὐτῷ
1549 1375 1598 1419 τῷ
1615 1376 1771 1416 βουλευ-

1074 1429 1190 1472 τηρίῳ
1218 1423 1312 1473 ὑπὲρ
1349 1425 1416 1468 τῆς
1450 1425 1517 1458 τοῦ
1541 1421 1768 1469 Αὐγούστου

1074 1475 1261 1509 ἐπανόδου
1301 1474 1564 1518 ποιήσασθαι,
1610 1479 1692 1517 τοῖς
1728 1475 1769 1509 δὲ

1076 1524 1314 1559 ἱκετεύσασιν
1338 1523 1455 1558 αὐτὸν
1479 1523 1586 1566 ἐντὸς
1609 1525 1677 1558 τοῦ
1695 1536 1769 1558 πω-

1072 1577 1212 1622 μηρίου
1228 1571 1322 1607 ὄντα
1336 1571 1466 1608 ἄδειαν
1487 1573 1594 1607 εἶναι·
1622 1572 1666 1608 οὔ
1681 1576 1769 1617 μέν·

1072 1636 1132 1658 τοι
1155 1626 1218 1657 καὶ
1244 1623 1396 1666 ἐδέξατο
1432 1621 1641 1670 οὐδέτερον.
1679 1626 1769 1657 Sen-

1073 1676 1178 1707 tentia
1209 1677 1328 1706 autem
1362 1675 1640 1714 interrogationis
1679 1675 1768 1706 haec

1074 1727 1148 1757 est:
1188 1723 1305 1756 «Nulla
1329 1724 1488 1765 profecto
1514 1732 1598 1755 cura
1622 1725 1767 1756 senatus

1072 1773 1261 1815 populique
1294 1775 1439 1805 Romani
1470 1774 1579 1806 iustos
1610 1772 1671 1804 tibi
1701 1773 1768 1805 ho-

1072 1833 1175 1855 nores
1192 1823 1351 1855 conferre
1377 1823 1539 1864 poterit.»
1560 1840 1595 1845 —
1618 1824 1680 1855 Per
1694 1823 1770 1854 tila-

1073 1873 1129 1914 los]
1157 1874 1422 1914 «inscriptiones
1439 1881 1586 1904 arcuum
1602 1871 1767 1904 aliorum-

1073 1932 1141 1963 que
1167 1924 1477 1954 monumentorum
1508 1921 1766 1962 publicorum.»

1076 1990 1111 1994 —
1136 1980 1358 2011 memoresque
1386 1972 1502 2012 fastos]
1543 1971 1622 2012 «qui
1646 1979 1766 2003 rerum

1073 2023 1252 2061 gestarum
1281 2021 1489 2053 memoriam
1524 2021 1703 2052 continent
1732 2021 1767 2052 et

1072 2071 1310 2112 propagant3»
1336 2071 1374 2101 ut
1399 2072 1451 2102 est
1475 2070 1508 2101 in
1533 2070 1640 2101 Fastis
1664 2071 1768 2101 Prae-

1072 2122 1161 2152 nest.
1187 2119 1232 2150 ad
1256 2120 1372 2151 Nonas
1397 2118 1497 2151 Febr.
1523 2119 1697 2160 Inscriptt.
1716 2127 1763 2150 m.

1072 2171 1158 2201 Latt.
1178 2170 1216 2200 II.
1236 2177 1313 2209 pag.
1333 2168 1407 2200 384..
1435 2168 1705 2200 CONCORDIAE
1718 2168 1769 2199 IN

1069 2218 1178 2249 ARCE
1224 2218 1377 2249 FEBIAE
1411 2218 1471 2248 EX
1501 2218 1535 2248 S.
1575 2217 1608 2249 C.
1648 2217 1762 2257 QVOD

1069 2268 1125 2298 EO
1140 2268 1217 2298 DIE
1233 2267 1390 2299 IMPERA
1397 2267 1419 2297 T
1420 2267 1470 2298 OR
1489 2266 1647 2298 CAESAR
1667 2266 1765 2297 PON-

1072 2316 1196 2347 TIFEX
1216 2316 1412 2347 MAXIMVS
1439 2316 1540 2348 TRIB.
1566 2316 1654 2347 POT.
1679 2315 1762 2346 XXI.

1070 2365 1157 2397 Cos.
1195 2365 1280 2396 XIII.
1317 2365 1343 2397 A
1378 2366 1412 2397 S.
1444 2366 1478 2397 P.
1514 2366 1551 2404 Q.
1586 2364 1764 2396 ROMANO

1068 2415 1198 2446 PATER
1260 2414 1437 2446 PATRIAE
1485 2413 1761 2446 APPELLATUS.

1070 2465 1113 2504 (a.
1133 2464 1221 2504 752.)
1252 2464 1301 2495 De
1327 2463 1455 2504 duplici
1481 2464 1590 2495 forma
1616 2471 1764 2495 aecusa-

1070 2514 1128 2545 tivi
1157 2513 1264 2553 fastus
1294 2514 1328 2544 et
1350 2514 1452 2553 fastos
1475 2513 1544 2544 vid.
1571 2513 1616 2544 ad
1640 2512 1702 2544 Od.
1728 2511 1760 2549 3,

1072 2563 1133 2601 17,
1160 2562 1191 2594 4.
1222 2580 1256 2585 —
1294 2563 1327 2593 in
1357 2571 1475 2593 aevum
1501 2580 1519 2585 -
1546 2579 1564 2585 —
1593 2560 1759 2600 Aeternet]

1068 2621 1130 2653 pro
1159 2610 1307 2652 simplici
1338 2614 1482 2643 decernet
1516 2609 1571 2642 vel
1601 2618 1681 2650 pro:
1729 2609 1762 2639 in

1069 2669 1186 2692 aevum
1207 2679 1226 2684 -
1247 2679 1265 2684 -
1291 2661 1476 2699 Emendat,
1514 2660 1550 2690 ut
1579 2658 1761 2699 proposuit

1068 2718 1262 2748 nonuenm,
1300 2717 1426 2750 prosae
1461 2707 1625 2740 orationis
1658 2706 1760 2738 nimis
