1997 3219
744 147 875 178 LlBER.

925 147 1052 178 (tium.
1081 147 1102 177 1.
1533 143 1613 184 647

402 250 450 292 [t
482 249 675 291 assidens
709 249 979 306 implumibus
1010 248 1134 304 pullis
1165 249 1253 289 axis

465 330 733 385 Serpentium
765 329 950 385 allapsus
981 330 1097 371 timet

402 410 532 465 Magis
564 409 737 457 relictis,
772 423 874 453 non,
909 416 954 450 ut
984 408 1113 451 adsit.
1149 409 1271 450 auxili

456 491 610 531 Latura
639 489 735 546 plus
766 489 1076 545 praesentibus.

403 569 603 612 Libenter
635 570 714 612 hoc
744 577 786 612 et
815 583 939 612 omne
970 569 1213 614 militabitur

464 649 625 693 Bellum
656 651 695 691 in
727 657 824 692 tuae
856 663 975 706 spem
1007 650 1185 705 gratiae.

404 732 494 772 Non
525 737 566 771 ut
600 730 789 772 iuvencis
821 729 975 785 illigata
1006 729 1197 785 pluribus
1562 732 1614 772 ‘2'5

457 813 605 852 Aratra
635 809 818 852 nitantur
847 823 963 853 mea.

266 975 317 1005 ⁵221.
347 977 379 1004 ut
403 973 505 1012 adsit,
531 972 640 1004 aua-ili
664 972 750 1009 BSd,
777 971 896 1004 Bland.
926 973 1012 1009 tres,
1039 973 1126 1003 Pott.
1156 973 1189 1010 rt,
1209 972 1243 1011 3,
1263 973 1300 1011 7,
1321 974 1359 1011 9,
1380 973 1425 1011 7.,
1452 973 1570 1011 Aldus,

219 1024 334 1056 LCtF:
364 1027 398 1054 uc
428 1023 467 1054 sit
493 1022 680 1063 (superscr.
706 1022 753 1062 as)
778 1021 813 1060 b,
838 1025 875 1052 ut
896 1022 937 1053 sit
953 1030 989 1060 e,
1016 1022 1103 1053 Pott.
1129 1020 1307 1062 plerique,
1332 1023 1381 1054 uli
1403 1024 1444 1054 sit
1467 1024 1575 1054 auwili

217 1072 374 1105 Blandin.
411 1072 608 1110 vetustiss,
635 1079 725 1103 unus
751 1070 952 1109 Pulmanni‚
978 1070 1111 1112 aliquot
1134 1071 1275 1111 Lamb.,
1302 1071 1500 1111 Bentleius,
1526 1073 1574 1104 uti

218 1123 258 1154 sil
268 1148 279 1161 ,
305 1122 414 1153 auxili
448 1122 490 1153 M,

538 1122 585 1162 (Ut
611 1130 694 1159 nos,
719 1120 761 1160 J.)
799 1138 836 1143 -
874 1120 924 1151 26.
950 1121 1031 1152 meis
1063 1120 1182 1159 Bb'cd,
1218 1120 1363 1153 Bentleii
1398 1121 1569 1162 plerique,

218 1172 315 1204 LCtJ.
351 1172 400 1211 (ct
425 1180 511 1208 nos,
539 1172 571 1208 S,
598 1180 645 1209 χ,
672 1179 746 1201 var.
772 1169 851 1202 lect..
878 1180 930 1207 ω,
956 1170 1108 1202 Pottierii
1134 1169 1192 1209 43,
1221 1170 1285 1210 116.)

172 1328 328 1359 praesens
347 1321 514 1360 praesenti
538 1320 632 1359 eripi.
654 1337 689 1341 —
714 1319 870 1360 allapsus]

174 1369 286 1408 lapsus
309 1371 512 1410 serpentum
539 1371 593 1400 est
608 1369 700 1408 Virg.
720 1370 805 1399 Aen.
831 1369 868 1403 ἓ,

176 1419 251 1450 ⁶225.
282 1419 418 1459 Optime
443 1415 682 1463 παραᾳράζει
698 1416 798 1449 Silius
815 1418 867 1456 ΛΞ,

174 1468 235 1499 56:
261 1468 361 1498 tacito
384 1468 410 1498 si
435 1468 478 1498 ad
500 1468 646 1498 culmina
669 1468 742 1498 nisu
757 1468 872 1499 Evasit

174 1525 316 1556 serpens.
339 1535 374 1539 —-
393 1519 428 1548 ut
451 1517 548 1558 adsit]
577 1516 676 1548 «licet
699 1524 869 1557 praesens

175 1567 255 1603 sitm
294 1567 341 1596 uti
365 1567 503 1597 omissis
527 1574 582 1596 w.
608 1569 644 1596 ut
667 1566 753 1597 adsit
782 1565 869 1597 haec

174 1615 344 1647 sententia
362 1615 509 1655 exprimi
532 1616 686 1656 poterat:
711 1624 778 1646 non
793 1624 825 1646 a.
844 1615 865 1646 l.

171 1665 217 1704 pl.
232 1673 390 1704 praesens
408 1664 646 1704 praesentibus.
674 1665 748 1696 Non
769 1673 865 1703 vero,

174 1716 211 1745 ut
231 1713 302 1745 alii:
331 1715 511 1754 «quamvis
535 1715 654 1755 parata
680 1714 723 1745 sit
747 1713 792 1744 ad
816 1713 868 1745 se-

175 1763 323 1795 rendam
347 1771 485 1803 opem.»
525 1763 635 1794 Codd.
662 1764 780 1794 autem
804 1771 868 1794 au-

175 1813 316 1844 ctoritas
346 1812 428 1843 satis
453 1811 567 1843 firmat
598 1811 676 1843 leet.
704 1815 739 1843 ut
762 1813 866 1851 adsit,

175 1871 255 1894 cum
287 1862 451 1893 vitiosum
483 1861 526 1892 sit
557 1860 703 1892 aliorum
735 1864 770 1892 uc
802 1862 865 1899 sit,

175 1912 274 1944 cuius
304 1910 477 1942 correctio
509 1904 633 1951 parum
666 1908 741 1940 felix
767 1909 868 1940 vide-

175 1964 230 1993 tur
252 1961 299 1992 uti
322 1961 382 1996 sit,
412 1960 510 2000 peior
535 1960 639 1990 etiam
665 1960 870 2000 interpreta-

175 2011 236 2042 tio:
265 2018 354 2040 «non
371 2009 470 2049 quasi
494 2010 591 2049 optet
607 2008 733 2040 adesse
754 2007 866 2049 pullis,

175 2061 211 2091 nt
244 2058 322 2100 plus
357 2057 471 2089 auxilii
507 2058 556 2089 eis
590 2058 711 2088 serat.»
758 2057 868 2088 Video

175 2110 280 2140 etiam
297 2108 475 2147 distingui:
514 2107 561 2138 uti
583 2107 643 2145 sit,
669 2106 778 2137 aaz-ili
801 2107 869 2138 La—

174 2162 268 2195 lura,
301 2165 382 2188 cum
412 2155 587 2188 Bentleius
611 2156 865 2188 coniunxisset:

177 2208 225 2239 uli
248 2207 286 2238 sil
316 2207 428 2237 latura
451 2206 525 2245 plus
548 2206 668 2237 ancili.
713 2204 759 2236 llli
785 2214 867 2246 ergo

175 2256 359 2288 volebant:
396 2259 430 2286 ul
453 2256 494 2286 sit
514 2264 671 2295 praesens
704 2255 736 2286 in
766 2255 865 2287 nido:
891 2280 893 2295 ,

175 2315 298 2337 verum
315 2308 350 2337 ut
371 2306 413 2337 ita
430 2304 664 2346 explicemus,
692 2305 780 2336 liaec
794 2305 868 2344 qui-

175 2354 256 2385 dem
282 2353 389 2385 x‘erba
417 2363 480 2394 per
503 2362 540 2385 se
566 2362 635 2385 non
655 2353 864 2390 concedunt,

175 2404 237 2436 sed
263 2403 451 2443 requiritur
474 2406 508 2434 ut
537 2404 633 2434 adsil.

920 1321 955 1349 ut
969 1319 1051 1359 cet]
1079 1320 1173 1351 «Non
1186 1318 1312 1360 utplus
1326 1328 1433 1360 quam
1446 1321 1526 1351 ante
1544 1320 1614 1359 agri

920 1368 1156 1409 possideam.»
1188 1369 1348 1407 «Errant,
1378 1369 1436 1408 qui
1455 1369 1519 1400 ista
1540 1378 1616 1400 mu—

920 1417 1118 1449 nificentiae
1147 1418 1430 1450 Maecenatianae
1467 1418 1613 1457 faciunt,

919 1475 1010 1506 quae
1023 1467 1168 1507 Augusti
1185 1469 1338 1499 essent.»
1352 1468 1491 1499 Mirscn.
1512 1468 1614 1499 Certe

919 1517 1037 1547 tamen
1063 1524 1127 1557 per
1143 1517 1385 1548 Maecenatem
1410 1526 1450 1548 ea
1474 1516 1615 1548 militiae

919 1566 1074 1607 praemia
1092 1565 1136 1597 ab
1151 1566 1337 1597 Octaviano
1352 1567 1558 1606 accepisset.
1577 1585 1610 1588 —

916 1614 1084 1656 nitantur]
1135 1615 1359 1647 «incumbant
1407 1616 1441 1647 in
1483 1617 1612 1647 terram

916 1665 1214 1705 proscindendam
1255 1665 1288 1696 in
1329 1673 1414 1696 arvo
1455 1665 1549 1705 gravi
1579 1667 1614 1696 et

918 1714 1052 1754 pingui,
1101 1714 1262 1755 adeoque
1302 1713 1438 1745 fertili.»
1482 1715 1613 1746 Aratris

917 1763 1014 1795 nisus
1031 1764 1167 1804 poetice
1192 1763 1370 1800 tribuitur,
1398 1764 1456 1804 qui
1473 1764 1613 1804 proprie

917 1811 1027 1844 boum
1051 1815 1115 1844 est.
1143 1831 1178 1834 ——
1199 1812 1364 1853 pluribus]
1388 1813 1500 1844 Varro
1517 1814 1554 1844 R.
1574 1814 1611 1844 R.

919 1862 955 1899 i,
986 1861 1046 1893 49:
1080 1862 1116 1892 Si
1143 1862 1289 1893 Saserna
1316 1862 1394 1893 dicit
1417 1871 1544 1901 verum,
1570 1864 1614 1894 ad

916 1914 1044 1942 centum
1076 1911 1194 1951 iussera
1222 1912 1337 1952 iugum
1370 1920 1452 1951 opus
1485 1915 1547 1949 est,
1587 1913 1614 1943 si

917 1959 1018 1997 Cato,
1045 1960 1088 1990 ad
1111 1963 1278 2000 octogena.
1308 1979 1343 1983 —
1374 1962 1457 2000 mea]
1484 1960 1606 1993 Melius

917 2009 966 2040 sic
995 2007 1119 2048 legitur
1142 2017 1222 2039 curn
1248 2009 1333 2041 Cod.
1360 2009 1507 2049 Sangall.
1535 2019 1607 2041 sec.

916 2058 978 2095 X.,
1006 2059 1042 2089 ut
1066 2066 1097 2089 v,
1125 2061 1247 2089 aratra
1276 2058 1404 2090 habeat
1428 2059 1495 2089 hoc
1519 2060 1614 2090 attri-

918 2105 1054 2138 butum.
1081 2107 1234 2139 Alteram
1258 2106 1446 2139 lectionem
1471 2108 1614 2139 iuvencis

917 2173 934 2179 -
953 2156 1106 2195 pluribus
1126 2173 1143 2178 —
1167 2173 1184 2178 -
1203 2157 1284 2187 meis
1311 2155 1488 2188 Bentleius
1514 2166 1612 2198 «pra-

916 2214 996 2236 vam
1020 2206 1055 2236 et
1075 2204 1228 2236 luxatam
1246 2204 1512 2237 collocationem
1529 2215 1611 2237 ver-

917 2254 1063 2286 borum„
1090 2255 1214 2285 merito
1239 2257 1352 2286 vocat.
1390 2255 1509 2295 Nuper
1532 2255 1611 2295 qui-

917 2304 998 2335 dem
1024 2303 1126 2344 liegcl
1159 2306 1193 2334 et
1217 2304 1352 2336 Monich
1384 2304 1464 2335 meis
1486 2303 1610 2335 desen—

891 2391 892 2395 ,
916 2352 1000 2384 dere
1026 2353 1139 2384 eonati
1177 2355 1277 2390 sunt,
1314 2362 1382 2385 non
1419 2354 1537 2384 tamen
1573 2355 1610 2384 ut

890 2408 893 2438 ι
916 2402 998 2433 milii
1018 2402 1084 2433 hoc
1103 2402 1227 2434 melius
1250 2410 1327 2434 csse
1347 2402 1607 2442 persuaserint:

220 2453 357 2484 23-26.
395 2452 558 2493 Libenter]
596 2453 733 2483 «Totius
764 2452 866 2482 liuius
890 2442 893 2504 j
916 2460 997 2482 narn
1032 2452 1159 2483 iuvenci
1184 2451 1407 2490 plures-men·
1443 2451 1608 2482 inconditi

176 2501 254 2533 belli
279 2501 436 2533 laborem
462 2501 584 2539 adibo,
623 2500 714 2532 nullo
743 2500 806 2531 alis
833 2503 864 2532 te
915 2502 1020 2540 atque
1054 2501 1248 2532 inconcinni
1284 2501 1402 2531 nescio
1432 2499 1513 2540 quid
1546 2500 1608 2532 ha—

176 2552 333 2593 praemio
354 2553 578 2591 exsp‹,¹‹·t.·ito‚
604 2550 666 2581 sed
687 2552 764 2581 tuae
783 2559 862 2589 eren
916 2549 991 2588 liet,
1018 2553 1050 2581 et
1078 2559 1108 2582 v.
1135 2554 1255 2581 aratra
1273 2551 1347 2581 sine
1366 2549 1433 2581 ullo
1450 2549 1608 2591 ἐπιθέτῳ

176 2610 232 2632 nie
269 2598 533 2631 benevolentiae
570 2608 633 2640 spe
675 2608 715 2629 ac
750 2599 864 2630 studio
915 2597 1064 2639 languet.
1093 2600 1312 2639 Quamquam
1327 2608 1390 2640 pro
1407 2599 1472 2630 liae
1490 2598 1607 2630 lectio-

176 2649 336 2680 ductus,·›
367 2667 379 2670 κ

178 2707 232 2730 nic
246 2711 260 2725 n
278 2709 283 2733 ;

436 2648 632 2679 militabitur
648 2648 782 2688 Bellum}
819 2658 862 2679 «a
916 2657 957 2680 ne
982 2648 1097 2680 nss'crri
1123 2651 1240 2690 posset
1267 2649 1327 2688 1⁴21).
1347 2650 1382 2683 ⁴2,
1403 2648 1438 2678 3:
1465 2649 1605 2680 Paterna

311 2707 399 2729 nove
426 2697 567 2729 dictum.
595 2699 713 2728 Senon..
737 2716 767 2720 —
793 2698 863 2729 Non
914 2707 997 2729 rura
1023 2698 1120 2729 hobus
1143 2701 1271 2729 exeri-el
1295 2698 1370 2729 suis.
