1997 3219
755 175 830 205 ΜΒ.
859 174 896 204 ΙΙ.

962 175 982 204 ;.
1012 174 1064 204 iv.
1588 171 1666 211 2335

458 276 658 318 Thessalo
690 277 850 319 victore
887 284 927 318 et
958 276 1183 332 ademptus
1216 276 1371 317 lleetor
1618 273 1668 314 10

457 357 643 399 Tradidit
674 357 797 399 sessis
831 356 990 399 leviora
1022 356 1106 398 tolli

624 438 829 493 Pergama
861 438 994 480 Grais.

458 542 651 590 Nescias,
685 557 736 583 an
769 549 806 584 te
838 556 1043 599 generum
1074 541 1184 584 beati

456 621 659 679 Phyllidis.
692 621 826 665 ssax'ae
856 622 1060 665 decorent
1090 630 1309 678 parentes:

456 702 629 757 Regium
660 709 774 744 certe
806 716 941 758 genus
974 710 1016 745 et
1045 710 1221 758 penates
1618 703 1668 744 sl-'j

624 783 782 824 Maeret
814 783 995 838 iniquos.

323 932 369 962 ¹2.
397 932 497 962 Grais
520 931 569 962 Td
596 932 662 971 (De
688 933 816 963 ceteris
841 933 930 963 meis
955 941 1048 964 nunc
1073 941 1141 963 non
1167 933 1359 972 n1emini.):
1388 933 1501 965 Graiis
1524 933 1625 969 Eud„

275 981 379 1012 etiam
404 981 432 1011 J.
464 999 498 1003 —
531 980 577 1012 ¹4.
605 982 760 1012 decorant
784 981 819 1012 T.
850 1000 883 1004 —
913 982 964 1012 45.
987 982 1118 1021 penalis
1141 982 1177 1013 B.

230 1104 362 1142 barlen,
390 1103 423 1134 id
441 1106 510 1139 est,
538 1104 698 1144 Phrygia.
728 1121 763 1125 —
787 1104 928 1135 cecidere

230 1152 380 1193 turnme]
429 1151 586 1185 cladibus
602 1178 609 1191 ‚
658 1161 745 1192 quas
791 1153 928 1184 Troiani

230 1211 342 1242 usque
374 1202 418 1234 ad
441 1201 539 1234 urbis
569 1202 744 1234 excidium
769 1202 927 1243 perpessi

234 1254 344 1283 erant.

278 1302 329 1332 10.
359 1301 505 1333 Thessalo
534 1300 666 1341 victore]
697 1301 796 1332 Hunc
821 1302 929 1332 Grae-

235 1352 308 1382 ciae
333 1349 502 1392 populum
528 1352 670 1391 praeter
693 1352 831 1381 ceteros
856 1359 930 1381 me—

232 1402 347 1431 morat
385 1402 419 1432 et
456 1402 601 1440 propter
638 1398 826 1438 Achillem,
868 1399 927 1439 qui

232 1458 376 1489 magnas
406 1450 508 1480 antea
540 1450 675 1488 strages
699 1449 789 1480 inter
812 1449 929 1479 Troia-

233 1507 297 1530 nos
336 1498 495 1530 ediderat
533 1498 815 1539 Hectoremque‚
856 1498 928 1529 belli

230 1558 378 1588 vmoram,
420 1548 614 1586 occiderat,
659 1550 693 1579 et
732 1549 812 1589 quia
851 1549 926 1580 sine

231 1597 482 1638 Neoptolemo,
537 1597 799 1637 Myrmidonum
845 1599 927 1628 tunc

230 1646 338 1684 duce,
376 1648 475 1679 Troia
500 1647 576 1688 capi
601 1647 744 1678 omnino
768 1656 838 1678 non
862 1656 928 1688 po-

232 1698 334 1727 terat.
365 1714 400 1718 —
427 1697 597 1736 ademptus
620 1696 751 1737 Hector]
777 1695 860 1727 Iliad
877 1707 926 1735 ω,

232 1745 311 1777 ’243ῑ
338 1741 517 1791 Ῥηίτεροι
543 1742 615 1791 γὰρ
637 1742 786 1787 μᾶλλον
805 1741 928 1784 Ἀχαι-

232 1798 333 1826 οῖσιν
351 1792 396 1836 61>
410 1790 546 1827 ἔσεσθε
561 1795 697 1827 Κείνου
715 1793 928 1837 τεθνηῶτος

233 1844 440 1889 ἐναιρέμεν.
467 1845 584 1886 Eurip.
611 1845 695 1876 Hec.
722 1846 780 1877 ’ΞΜ
811 1845 929 1890 Τροία

230 1895 265 1927 θ’
290 1890 475 1940 Ἕκτορός
497 1895 527 1925 τ’
563 1889 774 1927 ἀπόλλυται
802 1892 926 1936 Ψυχή.

234 1962 268 1966 -
285 1944 421 1985 Inspice
446 1946 628 1976 certamen
652 1945 742 1976 inter
757 1944 929 1976 Achillem

233 1995 265 2024 ct
299 1993 487 2024 Hectorem
520 1993 677 2024 Gerhard
709 1994 846 2034 Vaseny.
874 1995 928 2025 111.

233 2043 268 2073 T.
306 2043 387 2073 CCI¹
424 2051 524 2082 seqq.
564 2043 723 2074 Hectoris
756 2043 858 2075 sunus
897 2044 930 2074 in

237 2092 350 2123 Braun
375 2092 763 2124 antilceillarmorwerke.
778 2093 886 2124 Decus
900 2093 928 2123 l.

234 2142 411 2181 stuttgart.
441 2140 535 2172 1843.
564 2142 602 2173 N.
629 2141 660 2172 9.

280 2191 330 2221 vll.
383 2190 545 2231 Tradidit]
589 2193 801 2231 «postquam
842 2199 930 2223 nece

234 2240 308 2271 eius
333 2239 499 2271 effectum
524 2240 593 2278 est,
621 2241 657 2271 ut
682 2239 814 2272 facilius
830 2241 931 2272 Troia

235 2291 511 2329 expugnaretur3
529 2290 646 2329 itaque
656 2289 730 2330 ipse
742 2297 821 2320 eam
831 2290 931 2330 quasi

234 2339 372 2370 tradidit
396 2338 530 2370 Grais.»
559 2356 595 2360 —
619 2338 722 2380 fessis]
753 2339 931 2377 «Quorum

235 2388 328 2419 vires
341 2396 404 2428 per
417 2387 629 2418 decennium
643 2386 726 2419 illud
740 2387 836 2419 duris
850 2386 933 2419 belli

235 2435 414 2468 laboribus
445 2445 554 2477 prope
580 2436 772 2468 exhaustae
797 2438 930 2468 erant.»

240 2503 273 2508 —
293 2486 427 2527 leviora]
455 2494 518 2526 pro
544 2485 763 2524 «faciliora»,
798 2488 835 2518 ut
859 2487 930 2518 Liv.

266 2561 272 2574 ,
312 2535 367 2566 23:
422 2536 554 2566 tandem
589 2543 647 2573 eo,
690 2536 777 2574 quod
810 2535 935 2567 levissi-

235 2594 323 2615 mum
345 2585 532 2622 ridebatur,
558 2584 729 2616 decursum
746 2587 802 2616 esc.
831 2585 934 2623 Quin-

235 2632 280 2664 til.
307 2634 343 2671 ὅ,
372 2635 406 2671 (5,
435 2634 470 2665 :32
498 2633 564 2664 len-e
588 2643 628 2664 ac
649 2634 758 2674 facile.
788 2652 822 2656 —-
855 2635 933 2666 Tolli

235 2685 353 2715 autem
379 2684 410 2715 in
435 2692 540 2724 prosa
566 2686 672 2715 orat:
702 2685 798 2725 «capi
816 2693 857 2716 ac
874 2684 934 2716 de-

235 2732 330 2763 leri.»
368 2733 468 2764 Brevi
500 2732 734 2773 digressione.
767 2742 849 2765 vere
878 2733 932 2774 ly-

979 1105 1069 1142 rica,
1097 1105 1304 1136 immoratur
1327 1106 1360 1136 in
1384 1106 1533 1145 imagine
1551 1106 1671 1137 Troiae

980 1156 1216 1194 expugnatae,
1250 1163 1356 1195 quam
1381 1155 1560 1194 quomodo
1584 1164 1673 1187 non-

980 1212 1085 1235 nemo
1102 1205 1141 1234 ut
1157 1204 1298 1235 Horatio
1316 1203 1493 1244 indignam
1509 1213 1673 1236 resecare

978 1250 1148 1291 voluerIt,
1175 1253 1342 1293 equidem
1369 1262 1440 1285 non
1465 1253 1628 1294 intelligo.

1023 1301 1074 1332 43.
1103 1301 1154 1333 tl..
1182 1302 1334 1341 Nescius,
1361 1303 1416 1343 an]
1445 1311 1525 1340 «an,
1553 1304 1673 1334 contra

979 1358 1086 1390 quam
1111 1352 1147 1381 tu
1172 1350 1318 1383 sortasse
1344 1360 1438 1383 nunc
1460 1353 1562 1392 putas
1583 1354 1672 1383 cet.»

980 1399 1069 1430 «Nos
1085 1400 1267 1438 vertimus,
1286 1401 1384 1440 quasi
1403 1403 1498 1432 esset
1513 1410 1559 1432 an
1575 1411 1674 1433 non.»

978 1447 1078 1479 Hand
1113 1449 1210 1480 Turs.
1247 1450 1272 1480 1.
1309 1458 1343 1490 p.
1379 1449 1453 1481 305.
1512 1449 1676 1482 «Inclinat

978 1495 1022 1527 ad
1047 1496 1353 1530 affirmationem.»
1378 1498 1466 1530 lbid.
1486 1508 1520 1540 p.
1540 1500 1614 1531 320.
1638 1518 1672 1522 —

980 1547 1160 1579 «Fortasse
1186 1546 1373 1587 aIIquando
1397 1549 1555 1589 reperies
1573 1548 1676 1580 nobi—

978 1595 1131 1628 lissimos
1156 1606 1196 1628 ac
1219 1595 1413 1638 locupletes
1430 1597 1596 1638 Phyllidis
1617 1608 1677 1640 pa-

979 1647 1097 1678 rentes
1134 1645 1194 1677 tibi
1229 1646 1350 1678 decori
1382 1655 1480 1686 esse,
1517 1647 1607 1679 adeo
1640 1650 1677 1679 ut

978 1696 1053 1728 sine
1089 1694 1156 1726 ulla
1191 1696 1448 1736 vituperatione
1481 1696 1551 1728 iam
1583 1706 1676 1729 nunc

979 1754 1042 1787 pro
1056 1754 1165 1777 uxore
1179 1745 1313 1778 habeas
1329 1746 1421 1778 hanc
1435 1747 1673 1787 peregrinam,

979 1797 1083 1836 atque
1109 1795 1154 1826 ita
1178 1794 1316 1826 illorum
1340 1796 1387 1827 sis
1412 1796 1593 1837 tamquam
1616 1805 1678 1837 ge-

979 1853 1077 1876 ner.»
1125 1845 1191 1876 Per
1213 1845 1331 1876 iocum
1355 1846 1471 1877 onmia
1497 1846 1586 1877 haec
1610 1846 1678 1878 diei

980 1893 1206 1925 manifestum
1242 1896 1305 1925 est.
1341 1912 1375 1916 η
1408 1895 1530 1934 Phyllis
1559 1897 1677 1927 autem

980 1944 1098 1974 utrum
1124 1942 1250 1975 eadem
1274 1944 1333 1982 sit,
1361 1952 1468 1984 quam
1490 1944 1551 1976 Od.
1571 1944 1602 1983 li,
1622 1946 1675 1983 ll,

981 1992 1032 2023 31.
1071 2001 1208 2024 suorum
1241 1994 1339 2033 finem
1373 2002 1528 2024 amorum
1561 1996 1675 2032 vocat,

981 2050 1105 2080 necne,
1133 2041 1237 2074 stulte
1263 2051 1281 2073 a
1306 2042 1519 2083 quibusdam
1544 2043 1678 2084 disqui-

982 2091 1086 2121 situm
1111 2092 1180 2127 est;
1218 2092 1306 2123 haec
1335 2092 1504 2124 Xanthiae
1533 2102 1676 2132 servae,

983 2138 1036 2171 illa
1050 2138 1202 2185 ἑταίρας
1215 2140 1361 2173 libertae
1380 2143 1498 2182 partes
1516 2143 1675 2174 sustinet.

1027 2189 1078 2221 ⁴5.
1107 2189 1158 2220 46.
1186 2190 1329 2222 Summa
1354 2199 1475 2222 rursus
1499 2192 1622 2223 iocatio
1644 2192 1678 2223 in

982 2247 1083 2279 seqq.
1116 2239 1220 2270 inest:
1260 2240 1382 2271 «Certe
1413 2241 1504 2281 regis
1534 2240 1679 2274 alicuius

983 2287 1161 2320 orientalis
1193 2288 1259 2319 filia
1294 2290 1347 2320 est
1379 2291 1413 2320 et
1445 2291 1604 2330 queritur
1635 2290 1678 2322 de

983 2335 1052 2368 fato
1071 2337 1200 2378 iniquo,
1217 2338 1316 2370 cuius
1329 2339 1472 2370 saevitia
1494 2348 1535 2370 ex
1549 2338 1626 2370 aula
1643 2340 1678 2371 in

983 2387 1191 2418 servitutem
1216 2387 1359 2421 detrusa
1377 2390 1463 2420 est.»
1494 2406 1526 2410 —
1552 2388 1604 2420 Ad
1621 2397 1676 2420 w.

982 2436 1113 2476 regium
1133 2445 1237 2477 qenus
1260 2436 1327 2468 noli
1345 2436 1510 2478 supplere
1528 2441 1587 2475 est3
1615 2437 1678 2469 sed

982 2485 1115 2527 pendet
1128 2495 1147 2517 a
1160 2495 1192 2518 v.
1208 2490 1343 2523 maeret3
1364 2489 1570 2527 «propterea
1584 2495 1679 2518 mac-

983 2535 1036 2566 sta
1062 2536 1135 2574 est,
1163 2536 1256 2576 quod
1282 2536 1416 2575 regium
1442 2544 1545 2567 suum
1567 2544 1678 2576 genus

983 2584 1072 2617 adeo
1098 2585 1316 2627 deprensum
1343 2593 1383 2617 ac
1409 2587 1556 2627 propter
1571 2586 1679 2618 servi-

983 2636 1093 2667 tutem
1125 2635 1267 2676 pristina
1299 2634 1465 2675 dignitate
1490 2634 1676 2676 spoliatum

983 2686 1060 2717 sit.»
1104 2684 1261 2726 Apollon.
1289 2684 1400 2716 Rhod.
1426 2683 1463 2722 4,
1496 2684 1554 2716 34:
1590 2683 1677 2723 βλε-

985 2731 1120 2779 φάρων
1163 2733 1199 2765 δὲ
1241 2731 1320 2765 κάτ’
1366 2730 1493 2779 ἁθρόα
1531 2731 1677 2779 δάκρυα
