1997 3219
337 182 418 223 370

847 183 1015 215 llORATll
1041 183 1262 218 CARMINUM

508 287 594 329 Vim
627 292 905 341 temperatam
935 285 976 326 di
1009 300 1183 343 quoque
1215 287 1454 343 provehunt

562 368 604 407 ln
638 366 796 415 maius,
831 364 943 408 idem
975 366 1107 409 odere
1138 367 1252 409 vires

619 450 756 492 Omne
787 448 906 491 nefas
937 448 1077 490 animo
1109 454 1340 490 moventes.

503 555 636 597 Testis
667 568 861 596 mearum
881 554 1158 596 ‘centimanus
1191 552 1305 610 Gyas

503 635 841 683 Sententiarum,
874 640 999 676 notus
1030 640 1072 676 et
1102 633 1290 690 integrae

559 717 757 758 Tentator
787 715 923 757 Orion
953 714 1114 756 Dianae
1138 748 1144 763 ‚

610 796 807 851 Virginea
839 795 1024 838 domitus
1056 795 1217 850 sagitta.

423 914 475 945 69.
504 914 595 953 Gyas
618 913 640 945 d
667 914 704 954 (Ἴ)
730 915 776 945 L:
802 914 899 954 gigas
921 912 1068 951 BbSTc,
1097 913 1149 951 Ct,
1177 913 1284 953 Gyges
1307 920 1390 943 cum
1414 912 1569 944 Bentleio
1594 913 1661 944 FM.
1683 914 1731 953 (tt

373 972 457 1002 nos,
483 963 525 1003 J.)
555 981 590 985 -—
617 963 669 994 70.
696 963 943 994 Sententiarum
965 966 1083 1001 notus,
1109 965 1139 993 et
1160 962 1312 1003 inteyrae
1335 962 1414 993 LCt.

330 1070 366 1107 8,
403 1069 463 1099 45ε
503 1067 577 1100 Βία
609 1065 649 1099 δὲ
683 1068 747 1099 καὶ
780 1065 1027 1110 μεγάλαυχον

329 1113 498 1157 ἔσφαλεν
522 1115 562 1149 ἐν
579 1113 717 1161 χρόνῳ.
744 1117 862 1157 Eurip.
888 1117 940 1148 Fr.
959 1117 1027 1148 Te-

331 1166 462 1199 menid.
494 1167 556 1197 M:
593 1162 718 1207 Ῥώμη
749 1163 790 1197 δέ
815 1165 845 1208 γ’
869 1160 1028 1207 ἀμαθὴς

331 1213 513 1255 πολλάκις
538 1216 655 1248 τίκτει
677 1212 842 1257 βλάβην.

372 1266 425 1296 67.
451 1266 548 1296 odere
568 1265 665 1305 vires]
695 1265 814 1305 Eurip.
839 1263 913 1295 Hel.
939 1263 1026 1295 903:

331 1317 440 1355 μισεῖ
458 1310 530 1358 γὰρ
554 1309 575 1344 ὁ
599 1310 690 1353 θεὸς
713 1310 783 1354 τὴν
805 1311 907 1352 βίαν.
962 1314 1029 1344 Ter

331 1362 490 1395 consulto
525 1363 700 1403 repetitur
732 1371 765 1393 v.
809 1363 880 1400 vis;
933 1362 1029 1402 quod

329 1414 466 1444 tantum
490 1411 592 1443 abest
619 1413 658 1443 ut
680 1412 806 1444 merito
832 1412 1029 1452 reprehen—

330 1470 410 1493 sum
445 1462 488 1493 sit
523 1460 566 1492 ab
599 1460 739 1492 Editore
765 1460 951 1499 Leidensi‚
991 1461 1029 1491 ut

329 1511 460 1551 optime
485 1510 700 1550 respondeat
722 1510 848 1550 poetae
884 1508 1028 1540 consilio

329 1570 348 1592 a
372 1559 534 1591 violentia
559 1568 600 1591 ac
625 1558 793 1600 superbia
817 1568 881 1591 nos
898 1558 1030 1591 dehor-

332 1609 439 1640 tandi.

374 1659 427 1690 69.
455 1657 556 1698 Gyas]
581 1657 667 1689 Vide
693 1658 755 1689 Od.
782 1659 821 1697 2,
850 1658 909 1695 47,
938 1657 990 1689 44.

371 1707 425 1738 70.
452 1707 504 1738 74.
531 1707 793 1747 Sententiarum]
828 1706 1030 1738 «veracium

330 1757 578 1789 monitorum.»
634 1756 766 1786 Locum
802 1756 896 1787 hune
930 1755 1031 1787 affert

331 1805 529 1837 Priscianus
552 1812 630 1844 pag.
658 1804 733 1835 748.
761 1805 904 1836 Putsch.
931 1805 1030 1836 Butt—

332 1862 482 1886 mannus
505 1852 649 1893 Mythol.
679 1853 710 1884 2.
736 1862 815 1894 pag.
841 1853 917 1885 369.
949 1862 1029 1885 cum

333 1905 478 1946 propter
502 1903 704 1943 repetitum,
730 1904 769 1934 ut
790 1902 879 1941 volt,
907 1912 948 1934 ex
965 1904 1026 1934 Od.

331 1955 369 1992 ἓ,
408 1954 467 1991 47,
505 1951 557 1984 ili.
592 1951 768 1984 ἐπίθετον
804 1953 1025 1989 centimanus,

333 2004 408 2034 tum
431 2003 578 2042 propter
601 2001 819 2033 mentionem
843 2002 934 2040 Gyae
950 2003 1030 2042 post

334 2052 517 2091 Gigantum
534 2059 689 2091 pugnam
712 2059 835 2082 rursus
852 2051 1027 2089 iniectam,

334 2101 409 2131 tum
443 2100 588 2140 propter
620 2109 653 2130 v.
685 2100 938 2138 sententiarum,
976 2100 1031 2130 ni-

335 2149 419 2187 mis,
450 2150 487 2179 ut
511 2148 573 2186 ait,
606 2147 811 2189 pedestrem
835 2149 1030 2180 orationem

334 2196 515 2236 redolens,
542 2198 652 2228 totam
669 2198 851 2238 stropham
868 2206 932 2238 pro
949 2197 1032 2230 sub-

336 2246 451 2277 ditioia
486 2245 618 2277 habuit.
676 2247 877 2277 Buttmanni
911 2248 1030 2278 autem

337 2296 539 2336 opinionem
574 2303 655 2326 cum
690 2294 764 2326 aliis
800 2298 942 2327 secutus
978 2297 1032 2327 est

338 2345 442 2376 etiam
468 2343 617 2375 Liibker.
666 2344 799 2375 Verum
828 2345 1033 2376 centimanus

338 2394 550 2435 perpetuum
583 2395 617 2424 et
646 2393 867 2433 aptissimum
896 2394 1032 2425 utrobi-

339 2451 407 2483 que
442 2443 496 2474 est
525 2443 619 2482 Gyae
647 2441 837 2480 ἐπίθετον,
875 2444 912 2474 ut
941 2443 1033 2474 dirus

339 2499 481 2531 semper
503 2490 685 2528 Hannibal3
719 2490 807 2522 duos
832 2493 951 2523 autem
974 2493 1032 2524 Gi—

340 2541 483 2580 gantum
516 2539 633 2571 dedita
665 2548 774 2580 opera
805 2540 921 2571 denuo
955 2550 1033 2572 me-

340 2589 489 2620 moravit
530 2590 609 2629 post
646 2589 901 2629 digressionem
940 2589 1032 2621 illam

340 2638 373 2668 in
412 2637 577 2679 Apollinis
618 2637 758 2669 laudem
802 2647 843 2669 ao
881 2636 1033 2680 γνώμας

342 2688 551 2726 sequentes,
583 2689 621 2719 ut
648 2686 737 2719 illico
761 2686 1033 2727 intelligeremus

344 2734 451 2766 verba
476 2744 508 2766 ν.
533 2736 584 2767 73.
610 2737 732 2768 Iniecta
756 2737 909 2768 monstris
934 2737 1033 2769 Terra

1080 1068 1168 1103 cetu.
1207 1065 1358 1106 denique
1390 1074 1422 1097 v.
1453 1067 1688 1098 sententiarum
1720 1067 1774 1099 vel

1079 1116 1155 1156 ipso
1184 1123 1272 1147 sono
1303 1123 1468 1155 magnam
1495 1115 1604 1147 habet
1627 1116 1776 1157 dignita-

1079 1165 1153 1195 tem
1176 1165 1282 1204 atque
1307 1164 1526 1204 gravitatem.
1553 1183 1588 1187 —
1610 1166 1775 1197 Ceterum

1080 1214 1114 1245 in
1149 1213 1313 1245 omnibus
1351 1213 1599 1245 huiuscemodi
1636 1210 1777 1256 ἀθετή-

1080 1271 1187 1294 σεσιν
1211 1271 1335 1294 earum
1356 1263 1559 1295 inventores
1575 1272 1702 1304 parum
1718 1272 1778 1296 eo-

1080 1312 1248 1352 gitarunt,
1275 1311 1352 1351 quis
1377 1312 1440 1342 cui·
1456 1311 1550 1343 bono
1574 1311 1660 1344 tales
1676 1311 1776 1345 locos

1079 1362 1164 1402 ipsis
1202 1362 1388 1401 suspectos
1427 1360 1604 1393 inculcare
1644 1363 1679 1393 et
1710 1371 1777 1394 vo—

1079 1410 1183 1441 luerit
1214 1411 1249 1441 et
1278 1411 1444 1450 potuerit.
1492 1412 1581 1442 Nam
1612 1420 1701 1451 quae
1732 1412 1775 1443 de

1080 1459 1139 1490 tali
1162 1460 1393 1499 perversitate
1418 1459 1483 1490 sibi
1509 1460 1676 1492 confinxit
1706 1461 1772 1492 HP.

1081 1509 1175 1539 omni
1200 1507 1445 1548 probabilitate
1472 1509 1591 1539 critica
1609 1509 1774 1541 destituta

1081 1558 1172 1588 sunt.
1211 1574 1246 1578 —-
1279 1556 1385 1597 notus]
1422 1557 1524 1588 Orion
1559 1560 1706 1598 propter
1740 1558 1775 1589 id

1080 1606 1197 1646 ipsum
1221 1606 1372 1636 maxime
1396 1610 1508 1645 notus,
1547 1607 1643 1647 quod
1667 1616 1773 1639 ausus

1081 1656 1135 1686 est
1174 1655 1309 1685 tentare
1341 1655 1487 1686 Dianam
1525 1657 1691 1697 integram
1731 1657 1775 1688 ab

1081 1712 1194 1743 eaque
1227 1704 1365 1735 occisus
1398 1706 1452 1735 est
1480 1705 1516 1736 in
1546 1705 1659 1737 insula
1688 1705 1774 1738 Delo

1079 1752 1135 1784 vel
1168 1753 1266 1784 Chio.
1294 1753 1364 1784 Cic.
1398 1755 1492 1784 Arat.
1524 1753 1599 1786 420.
1633 1756 1776 1796 Eupho-

1080 1803 1168 1832 rion.
1201 1802 1303 1833 Mein.
1338 1810 1416 1842 pag.
1452 1802 1525 1833 464.
1566 1804 1626 1835 Est
1657 1807 1776 1835 autem

1081 1851 1185 1881 Orion
1210 1850 1370 1887 Horatio,
1396 1852 1435 1881 ut
1458 1850 1532 1882 aliis
1556 1853 1650 1892 apud
1674 1852 1778 1894 Apol-

1080 1898 1149 1931 lod.
1169 1900 1181 1930 4
1198 1925 1204 1938 ,
1223 1899 1259 1936 4,
1287 1900 1317 1930 3.
1343 1897 1523 1941 γηγενής,
1550 1909 1631 1933 cum
1648 1902 1777 1933 Phere-

1081 1948 1191 1987 cydes
1227 1957 1308 1980 eum
1343 1950 1495 1988 Neptuni
1535 1951 1570 1980 et
1604 1950 1775 1991 Euryalae

1081 1997 1190 2029 filium
1207 1998 1361 2030 fecisset.
1390 1999 1550 2039 (Prorsus
1568 1999 1706 2032 diverse
1724 2001 1776 2032 fa-

1080 2047 1162 2079 bula
1194 2049 1378 2079 enarratur
1407 2047 1451 2079 ab
1477 2048 1598 2080 Ovidio
1622 2050 1711 2081 Fast.
1737 2052 1774 2089 5,

1081 2097 1138 2128 534
1150 2097 1169 2137 .)
1187 2115 1221 2119 -
1237 2097 1395 2138 inteyrae]
1415 2098 1585 2129 «intactae
1598 2099 1775 2138 virginis.»

1080 2145 1217 2178 Nullam
1234 2146 1301 2177 hoo
1313 2171 1320 2185 ,
1346 2147 1385 2177 ut
1401 2155 1578 2178 nonnemo
1595 2149 1692 2179 ratus
1710 2150 1774 2186 est,

1080 2195 1190 2226 habet
1213 2194 1457 2227 offensionem.
1483 2197 1571 2227 Nam
1596 2196 1624 2227 si
1644 2197 1777 2228 Teren-

1082 2245 1149 2275 tius
1181 2244 1299 2276 dicere
1332 2245 1444 2285 potuit
1474 2245 1557 2276 Hec.
1585 2246 1623 2283 4,
1648 2246 1687 2284 2,
1713 2246 1774 2277 70:

1080 2296 1292 2333 Narratque,
1328 2297 1366 2325 ut
1393 2294 1488 2335 virgo
1520 2294 1561 2325 ab
1590 2303 1623 2325 se
1646 2295 1775 2335 integra

1081 2344 1180 2376 etiam
1202 2346 1272 2374 tum
1293 2343 1370 2374 siet:
1398 2343 1517 2384 quidni
1539 2344 1700 2375 Horatius
1716 2342 1777 2374 ab-

1082 2392 1194 2425 solute
1225 2393 1391 2433 integyram
1422 2401 1486 2433 pro
1517 2392 1680 2424 inviolata
1712 2401 1776 2433 ap-

1082 2441 1212 2483 pellare
1237 2443 1392 2483 potuerit
1413 2443 1583 2477 Dianam?
1603 2460 1638 2465 —-
1658 2442 1776 2473 Tenta-

1083 2491 1144 2532 tor]
1160 2500 1248 2522 nove
1263 2490 1410 2523 sortasse
1424 2491 1557 2523 dietum
1572 2491 1677 2531 (certe
1694 2489 1774 2521 alibi

1083 2550 1176 2573 nune
1212 2549 1280 2572 non
1315 2541 1526 2580 invenitur),
1567 2540 1696 2572 factum
1731 2539 1773 2571 ad

1084 2592 1256 2622 Graecum
1272 2599 1303 2621 v,
1323 2587 1539 2635 πειραστὴς,
1564 2587 1697 2634 πειρᾷν
1712 2587 1775 2620 κό-

1084 2650 1174 2685 ρην,
1199 2642 1371 2682 γυναῖκα.

1128 2690 1179 2720 72.
1212 2688 1264 2719 73.
1310 2687 1617 2729 lfa-qinea-saqa'tta]
1653 2688 1774 2728 Diphi-

1085 2737 1137 2769 lus
1154 2746 1208 2777 ap.
1229 2737 1352 2768 Athen.
1373 2738 1404 2775 6,
1423 2746 1456 2777 p.
1476 2737 1538 2768 223
1561 2745 1598 2767 a:
1624 2734 1774 2777 Λητοῦς
