1997 3219
699 215 774 246 [ΑΒ.
803 215 856 245 lll.

907 215 943 245 C.
971 215 1023 245 vi.
1518 212 1598 253 :389

502 315 667 359 Gaudia
699 315 927 358 luminibus
960 317 1155 366 remotis3

387 420 472 463 Sed
505 421 619 464 iussa
649 435 794 464 coram
824 435 907 463 non
939 422 1030 464 sine
1061 422 1232 464 conscio

385 502 527 558 Surgit
557 502 725 550 marito,
759 515 835 543 seu
866 508 990 544 vocat
1022 501 1185 544 institor

1547 503 1599 542 30

442 582 527 624 Seu
559 582 678 624 navis
710 581 923 637 Hispanae
954 582 1174 637 magister,

495 661 766 704 Dedecorum
796 661 1009 717 pretiosus
1042 669 1219 718 emptor.

248 786 300 817 30.
328 794 402 817 cum
425 790 520 818 vocal
544 787 576 817 S.
605 787 685 826 (non
710 785 859 825 Bchd.)

160 903 305 935 maritus
340 904 499 934 convivio
534 901 748 942 delectatur,
787 902 853 934 sibi
903 903 1057 934 vestiarii
1082 902 1166 935 dant
1188 905 1306 935 vestes
1331 902 1509 944 linteaque
1533 906 1602 936 cir-

160 953 399 993 circumspicit
420 953 574 984 iuniores
597 952 653 984 illo
670 953 850 984 moechos.

159 1000 232 1032 Noli
278 1002 500 1042 interpretari
552 1011 632 1033 cum
691 1002 848 1042 Ungero:

160 1050 333 1082 «iuniores
358 1052 471 1082 semet
496 1051 569 1092 ipsa
583 1061 616 1088 »3
654 1049 737 1082 illud
767 1060 851 1083 sane

157 1098 267 1130 multo
292 1099 465 1131 acerbius.
496 1117 531 1122 -—
555 1099 645 1140 vina]
681 1108 854 1141 «sympo-

158 1149 284 1180 sium.»
311 1149 406 1181 Cous.
427 1148 488 1180 Od.
508 1148 545 1187 4,
571 1150 607 1188 5,
634 1149 687 1180 311.
714 1149 799 1190 Epp.
821 1150 851 1188 4,

157 1197 192 1235 7,
219 1197 272 1229 28.
302 1216 337 1220 —
364 1206 465 1236 neque
488 1198 595 1239 eligit]
623 1199 737 1239 primo
762 1207 854 1239 quo-

158 1254 245 1285 que,
272 1245 322 1288 τῷ
346 1244 521 1285 τυχόντι,
556 1249 732 1278 contenta.

200 1308 253 1338 27.
290 1308 513 1348 impermissa]
546 1317 639 1339 nunc
663 1305 766 1349 ἅπαξ
793 1307 853 1339 λε-

157 1354 321 1399 γόμενον
337 1366 401 1397 pro
420 1358 623 1396 inconcessa,
649 1358 781 1397 illicita,
800 1358 854 1388 in—

156 1407 306 1437 terdicta.
366 1407 452 1438 Hinc
490 1406 712 1447 interpolatio
750 1408 854 1438 inter-

156 1456 268 1493 missa,
295 1464 410 1496 nuper
433 1455 598 1487 Paldamo
623 1456 747 1496 (Rhein.
766 1457 851 1488 Mus.

156 1505 199 1536 Ν.
214 1505 249 1535 F.
267 1505 320 1535 vl.
336 1513 369 1545 p.
387 1504 474 1544 633.)
491 1504 652 1546 probata.
667 1523 702 1527 -
718 1505 851 1547 raptim]

156 1563 225 1585 non
250 1555 305 1586 est
330 1554 505 1591 «surtimn3
544 1553 607 1585 sed
635 1554 851 1594 «celeriter»,

155 1604 201 1635 ita
226 1605 264 1634 ut
287 1604 404 1634 statim
428 1604 509 1644 post
532 1612 702 1635 venerem
727 1605 759 1635 in
792 1605 854 1636 tri-

156 1652 300 1684 clinium
323 1652 462 1690 redeat,
500 1661 543 1683 ne
569 1653 737 1684 convivae
764 1652 853 1685 illico

157 1704 258 1743 turpe
296 1703 527 1734 commissum
559 1702 850 1735 animadvertant.

156 1752 345 1791 Sequentia
385 1751 449 1783 alia
500 1753 650 1793 imagine
693 1752 853 1785 adulterii

158 1801 409 1842 turpitudinem
434 1803 573 1841 augent.

201 1863 251 1894 28.
280 1862 425 1903 Gaudia]
450 1861 512 1894 Alii
538 1872 579 1894 ex
605 1862 709 1904 gloss.
732 1864 854 1896 mode-

155 1912 324 1943 stissimo:
352 1912 475 1943 oscula.
498 1928 533 1934 —
555 1913 741 1954 luminibus]
762 1915 854 1945 «tae-

155 1960 221 1997 dis,
241 1960 373 1998 faculis,
394 1960 580 1992 lucernis.»
607 1962 726 1993 Scuoi.
750 1962 849 1995 Conf.

155 2011 224 2040 Sat.
251 2010 289 2047 Ξ,
316 2010 353 2045 7,
380 2009 432 2041 33.
460 2011 545 2051 Epp.
566 2011 602 2048 l,
630 2011 666 2049 2,
693 2010 744 2041 35.

199 2072 250 2102 29.
286 2071 374 2101 iussa
395 2071 524 2111 coram]
554 2073 653 2102 «ante
679 2073 849 2111 omnium,

155 2121 259 2151 etiam
291 2121 424 2157 mariti,
462 2119 583 2151 oculos
619 2122 784 2152 vocata.»
813 2139 847 2143 -

155 2180 218 2200 non
241 2170 309 2200 sine
332 2170 460 2200 conscio
476 2187 493 2192 -
511 2170 650 2210 marito]
694 2172 782 2202 Cum
816 2171 849 2201 vi

154 2220 323 2259 repetitur
355 2228 387 2249 v.
419 2219 582 2258 maritus,
620 2220 663 2251 ad
700 2220 851 2260 indigni-

155 2271 261 2300 tatem
285 2271 534 2309 corruptorum
567 2270 713 2301 istorum
739 2278 851 2309 quae-

154 2319 228 2348 stus
253 2317 441 2357 cupiditate
467 2327 606 2350 morum
637 2319 846 2358 augendam.

156 2366 224 2397 (jsr.
252 2367 369 2397 iuven.
398 2367 433 2404 4,
460 2368 514 2398 5²5.

198 2427 250 2458 30.
288 2427 433 2469 institor]
471 2428 603 2460 «Etiam
626 2427 850 2469 βαναύσους

155 2477 315 2508 homines
333 2477 475 2508 minime
493 2480 718 2517 aspernatur,
745 2478 850 2510 ‹lum-

155 2526 260 2557 modo
277 2525 379 2565 largis
396 2526 496 2557 donis
514 2527 629 2567 petitis
647 2536 708 2559 eos
729 2537 851 2559 emun-

154 2577 245 2615 gat.»
273 2576 470 2607 Institorem
489 2578 607 2607 autem
625 2577 735 2616 cogita
754 2576 848 2609 illum

156 2625 323 2665 Propertii
342 2624 378 2662 4,
399 2626 436 2662 2,
456 2625 512 2654 38:
540 2626 683 2656 Mundus
706 2627 850 2658 demissis

154 2674 283 2704 instilor
306 2674 340 2704 in
363 2675 490 2705 tunic-is
539 2674 635 2705 ovid.
657 2676 751 2707 Rem.
778 2685 846 2707 am.

155 2723 239 2753 306:
277 2723 408 2754 Institor
431 2724 491 2755 heu
516 2728 639 2761 noctes,
666 2733 749 2763 quas
770 2725 849 2756 mihi

156 2781 217 2802 non
235 2773 309 2810 dae,
329 2772 421 2805 habe!
437 2775 446 2803 .'
473 2774 692 2807 “institor-es,
721 2774 847 2814 quibus

904 952 1132 984 cumferenda
1150 962 1190 984 ac
1204 952 1468 984 distrahenda.»
1485 956 1598 985 Gross.

904 1010 975 1032 vm.
1043 1002 1131 1033 Cum
1180 1002 1294 1033 nautis
1345 1003 1603 1043 coniunguntur

904 1051 1010 1082 etiam
1034 1050 1144 1091 Epod.
1172 1052 1229 1090 47,
1248 1051 1312 1082 ⁶30:
1340 1052 1365 1082 O
1389 1053 1500 1083 nautis
1515 1054 1603 1084 mul-

904 1103 972 1131 tam
1001 1103 1118 1131 amala
1162 1103 1191 1132 et
1233 1101 1457 1132 institoribus!
1496 1102 1536 1133 H.
1576 1101 1598 1133 l.

904 1149 1009 1181 nolim
1042 1148 1215 1191 explicare
1258 1158 1340 1181 cum
1375 1152 1522 1182 Graevio
1558 1151 1602 1182 ad

903 1200 997 1230 Suet.
1017 1200 1099 1230 Ner.
1124 1200 1176 1230 27.
1205 1200 1377 1238 «institor,
1405 1201 1463 1240 qui
1489 1202 1602 1240 magi-

904 1249 965 1280 stri
1005 1242 1115 1280 navis'
1139 1249 1314 1289 Hispanae
1346 1258 1485 1281 merces
1513 1259 1602 1281 ven-

904 1297 994 1333 dit»;
1019 1298 1136 1338 potius
1163 1299 1257 1329 enim
1281 1295 1436 1340 γενικῶς
1460 1301 1514 1331 est
1536 1308 1602 1340 po—

904 1347 1021 1378 situm.

947 1395 999 1426 311.
1027 1395 1121 1426 navis
1141 1396 1308 1435 Hispanae
1324 1397 1492 1438 mayister]
1519 1398 1601 1429 Fre—

904 1453 1016 1485 quens
1055 1446 1310 1477 commercium
1349 1447 1439 1478 inter
1476 1447 1601 1488 Hispa-

903 1494 998 1524 nIam
1036 1495 1071 1525 et
1094 1493 1238 1526 Italiam.
1265 1493 1349 1526 Plin.
1376 1496 1416 1527 H.
1436 1497 1474 1528 N.
1495 1495 1531 1535 3,
1559 1496 1597 1527 3:

902 1543 1045 1574 Metallis
1073 1543 1217 1582 plumbi,
1255 1544 1354 1584 ferri,
1395 1546 1499 1584 aeris,
1540 1555 1601 1576 ar-

903 1593 1013 1632 genti,
1059 1593 1136 1623 auri
1181 1596 1250 1624 tola
1291 1594 1394 1633 ferme
1438 1595 1602 1634 Hispania

903 1644 1024 1680 scatet,
1055 1642 1190 1673 citerior
1213 1645 1243 1673 et
1264 1643 1489 1682 specularibus
1512 1644 1601 1684 lapi—

903 1690 1012 1730 dibus,
1058 1691 1195 1722 Baetica
1230 1695 1260 1723 et
1292 1693 1406 1724 minio.
1454 1694 1538 1724 Sunt
1571 1697 1602 1724 et

903 1748 1110 1771 marmorum
1137 1740 1347 1780 lapicidinae.
1384 1742 1489 1773 Dives
1515 1751 1598 1783 ergo

903 1790 1119 1829 significatur
1149 1789 1401 1829 navicularius,
1434 1790 1601 1834 ναύκλη-

903 1848 970 1882 ρος
993 1839 1186 1880 Hispanus‚
1218 1848 1287 1871 non
1312 1837 1507 1886 ναύαρχος
1532 1842 1599 1873 mi-

902 1888 1022 1921 litaris.
1071 1889 1261 1921 Nautarum
1293 1891 1375 1930 post
1404 1891 1599 1922 maritimos

903 1946 1029 1970 cursus
1069 1938 1258 1979 petulantia
1294 1948 1335 1970 ac
1369 1939 1476 1972 libido
1513 1949 1600 1972 con-

903 1988 1022 2018 tritum
1053 1989 1128 2018 erat
1157 1990 1332 2020 vetustate
1356 1990 1596 2030 proverbium.

902 2035 1108 2067 Plutarchus
1136 2038 1212 2068 Non
1241 2046 1347 2078 posse
1371 2039 1527 2070 suaviter
1548 2040 1600 2069 vi-

901 2085 934 2116 vi
962 2085 1019 2122 46,
1053 2085 1090 2116 3:
1131 2082 1225 2129 πρὸς
1259 2082 1464 2126 εὐπαθείας
1498 2087 1600 2119 ἐπαί-

901 2133 1038 2179 ρεσθαι
1072 2133 1220 2166 ναυτῶν
1249 2133 1358 2177 δίκην
1389 2132 1599 2181 ἀφροδίσια

901 2179 1083 2226 ἀγόντων.

945 2232 996 2264 32.
1034 2233 1255 2274 Dedecorum]
1299 2234 1473 2274 «turpium
1497 2234 1598 2266 volu-

901 2283 1054 2323 ptatum,
1073 2291 1164 2322 quae
1183 2285 1217 2314 et
1234 2282 1430 2314 adulteram
1448 2285 1481 2314 et
1498 2293 1598 2315 moe—

901 2332 1006 2363 chuni
1052 2332 1239 2372 ignominia
1280 2332 1484 2365 asflciunta»
1528 2342 1597 2365 non

902 2380 1111 2414 «mulierum
1137 2381 1414 2422 impudicarum,
1440 2379 1596 2420 λωβῶν,

900 2428 1130 2472 ἐλεγχέων»,
1169 2432 1206 2462 ut
1241 2430 1391 2472 explicat
1422 2431 1598 2463 Bentleius

901 2480 944 2510 ad
962 2479 1023 2511 Od.
1041 2481 1053 2510 4
1073 2480 1154 2519 ‚37,
1173 2481 1203 2512 9.
1223 2498 1257 2502 ——
1280 2481 1444 2520 pretiosus
1459 2481 1598 2521 emptor]

902 2537 1048 2568 «magno
1065 2529 1178 2570 pretio
1195 2538 1354 2561 emens.»
1402 2530 1473 2561 Hac
1490 2530 1598 2569 signi-

902 2578 1078 2617 licatione,
1106 2580 1144 2610 ut
1167 2580 1210 2610 ita
1237 2579 1370 2615 dicam,
1406 2579 1515 2610 activa
1543 2580 1596 2610 vix

900 2626 979 2658 alibi
997 2628 1063 2659 hoc
1080 2628 1147 2659 adi.
1168 2629 1352 2669 reperitur.
1374 2646 1406 2649 —
1431 2629 1595 2660 Ceterum

901 2676 1010 2716 sucre,
1029 2679 1086 2718 qui
1102 2678 1134 2709 li.
1149 2677 1169 2709 l.
1186 2680 1365 2718 tamquam
1381 2676 1598 2709 subobscoe—

901 2734 983 2757 num
1001 2729 1106 2767 atque
1131 2727 1209 2758 ideo
1227 2728 1292 2758 hoe
1310 2727 1465 2758 carmine
1483 2727 1598 2758 minus

900 2775 1041 2815 (lignum
1068 2776 1395 2817 reprehenderent:
1426 2777 1598 2808 immerito
