1997 3219
270 145 351 187 :312

784 149 951 180 HORATll
977 150 1199 182 ‹lARMlNUM

687 450 998 489 GARMEN
1036 450 1245 490 xvm.

601 562 693 603 Non
723 561 831 604 ebur
859 576 1001 618 neque
1032 576 1209 605 aureum

659 643 751 684 Mea
781 642 947 685 renidet
976 643 1017 683 in
1048 642 1175 685 domo
1206 642 1401 692 lacunar,

602 723 692 763 Non
725 722 866 765 trabes
897 724 1137 781 Hymettiae

350 834 465 865 XVIII.
493 835 600 865 Iuscr.
626 833 716 874 volg.
747 835 797 868 Ad
820 844 964 866 avarum
988 837 1023 866 et
1046 836 1096 867 sic
1120 836 1179 867 ST.
1210 854 1246 858 —
1271 837 1320 868 Ad
1343 846 1465 868 aurum
1488 838 1525 869 Β.
1555 856 1591 861 —
1616 839 1666 870 Ad

305 892 428 914 ‘uarum
444 883 478 914 l).
509 902 544 906 —
570 885 620 915 De
642 885 843 915 commerata
867 894 933 924 qua
953 888 1185 924 paupertatem
1207 894 1302 916 suam
1325 887 1447 917 diuitiis
1466 888 1615 927 praefert
1632 898 1662 920 c.

310 950 343 954 —
372 932 403 964 3.
428 934 612 971 Hymettias
631 952 649 957 -
666 952 683 956 -
706 935 830 965 recisae
859 935 919 965 Th.
948 933 1046 971 Gale,
1081 943 1150 966 non
1181 934 1462 975 improbantibus
1492 935 1603 967 Bentl.
1631 939 1665 968 et

308 981 478 1022 Cuningli.

307 1074 422 1105 XVIII.
457 1076 548 1115 «Ego
573 1076 744 1107 mediocri
767 1085 845 1107 mea
868 1077 961 1107 sorte

269 1124 453 1156 contentus
489 1124 645 1165 despicio
681 1134 830 1163 avaros,
872 1135 962 1166 quos

266 1181 378 1212 aeque
410 1182 451 1204 ac
479 1182 655 1214 pauperes
686 1183 782 1206 mors
806 1177 960 1207 manet.»

266 1222 442 1262 Scriptum
476 1223 617 1254 videtur
648 1233 791 1256 carmen
825 1226 964 1257 circiter

265 1280 295 1301 a.
322 1280 356 1302 u.
385 1281 415 1303 c.
444 1272 518 1303 726.
547 1273 614 1304 Csr.
643 1273 704 1304 Od.
732 1274 770 1312 3,
789 1274 842 1306 ⁶24.
870 1275 965 1306 simi-

264 1320 304 1351 lis
328 1320 431 1361 plane
456 1323 665 1361 argumenti.
686 1341 722 1345 -
749 1325 827 1364 Ipsa
845 1326 963 1355 autem

266 1370 388 1407 metri,
415 1372 453 1401 ut
475 1371 521 1402 ita
547 1371 679 1410 dicam,
706 1372 904 1404 volubilitas
930 1374 965 1404 et

267 1418 429 1451 celeritas
465 1420 610 1452 mirifice
647 1421 782 1453 confert
814 1423 858 1453 ad
882 1422 965 1454 affe—

265 1470 362 1500 ctum
388 1470 493 1501 animi
517 1479 579 1502 sua
598 1472 692 1502 sorte
710 1480 856 1512 prorsus
877 1481 964 1503 con-

266 1518 352 1549 tenti
376 1520 481 1559 atque
506 1520 641 1558 onmia,
677 1528 767 1559 quae
792 1530 972 1562 superva—

266 1576 376 1598 canea
400 1570 494 1606 sunt,
530 1578 611 1600 cum
635 1570 783 1602 honesta
808 1571 963 1611 quadam

265 1615 394 1648 laetitia
438 1619 638 1658 spernentis
678 1621 960 1660 exprimendum.

267 1667 444 1706 (Ceterum
478 1668 640 1700 Horatius
672 1670 728 1701 hic
761 1672 895 1702 tantun]
921 1679 962 1702 eo

266 1725 350 1747 usus
372 1717 450 1756 est.)

312 1767 339 1796 ’1.
366 1766 396 1796 2.
424 1767 513 1807 ebur]
541 1777 620 1806 «pro
644 1769 825 1800 derivativo
849 1769 962 1800 ebur—

266 1825 286 1845 71
295 1824 387 1846 eum.
397 1827 411 1843 »
427 1815 535 1848 Gloss.
547 1817 685 1849 Codicis
696 1818 731 1849 T.
742 1818 961 1858 Bacchylidis

267 1866 319 1896 Fr.
338 1866 530 1906 27.Bergk:
549 1865 678 1911 χρυσῷ
692 1865 722 1897 δ’
736 1867 914 1907 ἐλέφαντί
924 1879 963 1900 τε

266 1916 542 1959 Διιαρμαίροισιν
570 1914 682 1948 οἶκοι.
716 1935 751 1940 ——
781 1927 922 1949 aureum
944 1937 962 1941 —

266 1965 423 2005 lacumzr]
453 1965 639 1997 «eburneis
664 1968 698 1998 et
721 1968 837 1999 aureis
861 1967 963 1999 lami-

268 2014 321 2045 nis
346 2016 508 2046 ornatum
532 2014 676 2046 lacunar
697 2025 724 2048 s.
743 2016 888 2057 laquear
907 2017 963 2049 vel

267 2062 452 2103 laqueare,
478 2063 732 2105 laquearium.»
771 2067 821 2098 De
843 2067 962 2098 formis

268 2112 371 2144 liuius
394 2122 472 2145 voc.
500 2114 561 2144 cfr.
588 2114 768 2146 Markland
794 2116 839 2147 ad
867 2116 963 2147 Statii

269 2161 347 2193 Silv.
367 2161 404 2201 4,
424 2164 461 2201 2,
481 2162 533 2194 311.
560 2163 674 2195 Manli.
693 2165 724 2203 5,
743 2164 825 2196 292:
857 2166 965 2196 tricli-

270 2213 329 2242 nia
345 2212 471 2251 templis
487 2213 698 2251 Coneerlant,
725 2214 862 2253 tectique
878 2223 963 2245 auro

272 2261 341 2291 iam
351 2262 514 2292 vescimur
526 2271 622 2293 auro.
649 2264 796 2294 Pausan.
814 2264 844 2301 4,
864 2263 960 2301 48‚9:

270 2308 465 2352 οἰκήματα
480 2330 500 2335 —
516 2330 536 2334 -
553 2307 685 2357 ὀρόφῳ
710 2321 749 2343 τε
769 2311 962 2357 ἐπιχρύσῳ

269 2361 334 2391 καὶ
357 2356 587 2406 ἀλαβάστρῳ
612 2359 717 2403 λίθῳ.
755 2379 790 2383 -
826 2362 961 2403 renidet]

269 2409 338 2441 Cfr.
354 2409 416 2441 Od.
435 2411 467 2449 2,
486 2411 517 2448 5,
538 2411 589 2441 49.
615 2412 751 2442 Lucrct.
771 2412 802 2450 ⁶2,
821 2412 878 2443 ⁶27:
898 2413 964 2443 Nee

269 2460 383 2490 domus
395 2463 532 2500 argento
547 2460 648 2501 fulget
665 2469 813 2499 auroque
825 2462 960 2493 renidet.

313 2509 343 2540 3.
377 2509 495 2540 Trabes
516 2510 700 2548 Hymettiae
723 2511 805 2541 sunt
829 2511 964 2551 episty-

267 2557 309 2588 lia
322 2558 531 2599 (architravi)
542 2568 583 2590 ex
596 2568 774 2591 marmore
788 2558 960 2593 albicante

270 2607 397 2638 montis
422 2608 574 2647 Hymetti
597 2617 706 2649 prope
732 2609 900 2647 Athenas,
928 2611 963 2641 ct

267 2657 438 2688 colzunnae
471 2659 593 2689 recisae
627 2667 670 2689 ea>
701 2658 819 2689 ‘ultima
847 2659 962 2699 Africa

268 2707 349 2736 sunt
363 2705 545 2739 columnae
557 2716 576 2739 e
586 2715 763 2739 marmore
777 2708 961 2740 Numidico

1013 1085 1076 1109 seu
1100 1076 1232 1116 Libyco
1254 1076 1349 1118 (Epp.
1373 1078 1404 1116 ¹¹,
1427 1078 1479 1117 40,
1507 1078 1586 1118 ι19.),
1613 1078 1709 1119 quod

1012 1125 1113 1166 volgo
1126 1125 1345 1167 appellamus
1361 1128 1463 1167 gyiallo
1480 1128 1600 1159 antico.
1628 1129 1705 1160 ΓΕΑ.

1013 1176 1137 1207 Strabo
1173 1176 1203 1206 9.
1241 1185 1275 1216 p.
1313 1176 1397 1207 6213:
1434 1174 1643 1222 μαρμάρου
1675 1176 1704 1208 δ’

1013 1225 1093 1257 ἐστὶ
1106 1223 1174 1266 τῆς
1186 1234 1225 1256 τε
1237 1220 1435 1267 ’Τμηττίας
1448 1228 1512 1258 καὶ
1529 1226 1596 1268 τῆς
1608 1227 1707 1259 Πεν-

1014 1274 1161 1316 τελικῆς
1194 1272 1378 1307 κάλλιστα
1413 1276 1582 1318 μέταλλα
1612 1277 1707 1319 πλη-

1014 1326 1099 1356 σίον
1134 1322 1203 1366 τῆς
1232 1323 1388 1365 πόλεως.
1436 1326 1612 1358 Amabant
1643 1336 1707 1358 au-

1014 1376 1086 1405 tem
1117 1375 1249 1414 antiqui
1277 1375 1369 1406 hanc
1401 1383 1620 1412 marmorum
1644 1385 1708 1408 va-

1012 1424 1193 1461 rietatem,
1220 1425 1258 1454 ut.
1279 1425 1313 1455 in
1331 1425 1475 1465 Hippiae
1492 1424 1618 1456 balneo
1635 1427 1710 1466 pri—

1014 1482 1113 1504 mum
1137 1475 1212 1504 erat
1235 1474 1468 1511 Laconicum,
1496 1476 1569 1506 tum
1595 1476 1708 1514 Phry-

1014 1523 1124 1562 giam,
1163 1522 1315 1562 denique
1339 1520 1474 1563 Νομᾶς
1498 1522 1629 1563 λίθος,
1670 1527 1708 1555 ut

1014 1572 1080 1603 hic.
1107 1571 1192 1602 Vide
1207 1572 1347 1603 Lucian.
1364 1573 1464 1612 Hipp.
1480 1574 1511 1604 5.
1527 1574 1609 1604 Stat.
1626 1572 1704 1604 Silv.

1015 1621 1050 1659 l,
1088 1621 1127 1659 3,
1165 1620 1227 1652 35:
1273 1621 1460 1653 Auratasne
1493 1623 1622 1661 trabes,
1663 1632 1708 1654 an

1011 1672 1151 1702 Mauros
1183 1670 1328 1709 undique
1356 1674 1480 1711 postes,
1515 1672 1565 1702 An
1595 1673 1708 1711 pietu-

1012 1723 1090 1751 rata
1113 1720 1254 1751 lucentia
1275 1729 1450 1751 marmora
1471 1730 1557 1752 vena
1577 1720 1709 1753 Mirer?

1011 1772 1049 1801 In
1084 1769 1210 1800 balneo
1257 1768 1390 1800 Claudii
1434 1771 1567 1802 Etrusci
1613 1771 1707 1811 apud

1013 1821 1096 1851 Stat.
1116 1819 1196 1850 Silv.
1217 1820 1230 1850 ’1
1247 1844 1252 1857 ,
1272 1820 1310 1857 5,
1337 1819 1396 1850 36:
1423 1820 1503 1851 Sola
1518 1821 1597 1851 nitet
1610 1822 1708 1862 slavis

1011 1869 1200 1900 Nomadum
1229 1869 1337 1899 decisa
1365 1869 1506 1900 metallis
1537 1871 1703 1910 Purpura.

1012 1920 1170 1959 Propert.
1197 1918 1236 1957 3,
1262 1919 1302 1956 ⁶2,
1329 1918 1367 1949 9:
1411 1920 1504 1957 Quod
1534 1929 1599 1951 non
1625 1920 1707 1951 Tae-

1011 1969 1118 2000 uariis
1141 1969 1255 1999 domus
1278 1971 1324 1999 est
1345 1969 1426 1999 mihi
1447 1969 1535 2009 fulta
1549 1970 1708 2001 columnis

1011 2019 1079 2050 Nec
1112 2027 1247 2049 camera
1283 2021 1424 2049 auratas
1459 2019 1546 2050 inter
1583 2019 1708 2050 eburna

1011 2067 1119 2100 trabes
1134 2085 1152 2089 —
1167 2085 1185 2090 —
1205 2067 1246 2098 At
1267 2068 1383 2099 Musae
1405 2069 1546 2099 comites.
1573 2069 1705 2100 Seneca

1012 2117 1154 2156 Thyest.
1174 2115 1259 2148 646:
1285 2117 1432 2148 Immune
1454 2120 1589 2157 tectum,
1615 2119 1708 2149 cuius

1012 2169 1153 2197 auratas
1187 2166 1296 2196 trabes
1323 2166 1429 2197 lf'ariis
1451 2167 1623 2198 columnae
1645 2176 1707 2198 no-

1013 2216 1089 2246 biles
1121 2215 1260 2246 maculis
1292 2215 1413 2255 ferunt.
1478 2215 1546 2247 Csr.
1573 2216 1707 2248 Becker

1013 2265 1127 2297 Gallus
1149 2265 1174 2295 Ι.
1202 2264 1258 2295 ed.
1285 2263 1342 2295 alt.
1368 2272 1402 2304 p.
1429 2264 1469 2295 33
1494 2273 1546 2304 sq.

1056 2315 1087 2346 5.
1113 2322 1217 2352 neque
1239 2313 1359 2353 Attali]
1386 2314 1526 2353 «Neque
1544 2322 1645 2352 vero,
1669 2315 1707 2345 ut

1012 2362 1199 2403 aliquando
1243 2362 1283 2402 (a.
1313 2371 1346 2393 u.
1377 2371 1407 2393 c.
1438 2363 1525 2402 6211.)
1561 2363 1707 2395 Romani

1012 2412 1118 2443 veluti
1150 2421 1192 2443 ex
1227 2412 1405 2452 insperato
1440 2412 1591 2444 heredes
1626 2412 1706 2443 sacti

1012 2464 1094 2494 sunt
1115 2460 1217 2493 Attali
1239 2463 1295 2492 111.
1324 2461 1582 2500 Philometoris,
1614 2462 1706 2501 regis

1012 2511 1232 2551 Pergameni,
1254 2511 1401 2551 eiusque
1417 2511 1551 2551 regiam
1567 2511 1708 2542 thesau-

1012 2570 1142 2602 rosque
1167 2562 1400 2602 occuparunt,
1427 2569 1495 2601 qua
1520 2561 1705 2592 occasione

1013 2609 1121 2642 multa
1161 2610 1304 2651 impune
1347 2611 1507 2641 avertere
1544 2610 1707 2649 poterant

1012 2659 1114 2700 legati
1139 2659 1183 2690 ad
1204 2668 1283 2691 eam
1299 2668 1375 2691 rem
1392 2658 1705 2690 administrandam

1012 2709 1128 2747 missi,
1167 2709 1210 2740 ita
1248 2717 1312 2749 ego
1348 2708 1554 2749 necopinato
1590 2706 1706 2748 aliquo
