1997 3219
298 256 379 296 360

810 259 976 290 llORATll
1004 260 1224 291 (IARMINUM

784 605 1095 668 1341&me
1130 605 1210 645 :tv
1211 629 1227 644 .

568 716 792 759 Descende
824 717 1016 775 caelosset
1045 717 1114 760 dic
1142 732 1220 774 age
1251 718 1351 760 tibia

572 797 733 853 Regina
762 797 934 853 longum
966 797 1154 854 Calliope
1185 798 1337 848 melos,

623 878 709 920 Seu
741 891 845 920 voce
877 892 988 921 nunc
1020 879 1152 920 mavis
1184 886 1330 926 acuta,

374 1020 425 1051 lV.
452 1021 559 1052 Inscr.
586 1020 675 1061 volg.
707 1021 757 1052 Ad
780 1021 957 1060 Calliopen.
998 1039 1033 1043 —
1072 1021 1121 1052 Ad
1145 1021 1311 1061 Calliopen
1342 1023 1474 1053 Musam
1500 1023 1609 1054 BSTc.
1650 1041 1684 1045 ——

330 1070 358 1099 11.
385 1070 475 1101 caelo
499 1070 550 1101 dic
573 1069 619 1109 h,

330 1186 385 1216 lv.
414 1187 571 1224 «Musae,
599 1186 727 1226 quibus
753 1196 817 1227 ego
843 1195 984 1227 quoque

287 1243 423 1267 summa
443 1234 558 1266 debeo
574 1235 766 1275 beneficia,
787 1245 855 1267 non
872 1235 986 1267 solum

287 1292 350 1315 nos
375 1283 567 1323 delectant,
593 1285 657 1316 sed
674 1285 865 1317 emendant
881 1286 986 1316 etiam

289 1341 408 1365 mores
438 1342 504 1365 nec
537 1334 653 1365 sinunt
677 1343 755 1366 esse
780 1334 889 1373 feros,
920 1335 987 1365 ita-

292 1391 360 1422 que
385 1383 488 1414 mites
504 1383 698 1415 modestiae
721 1384 984 1424 sapientiaeque

288 1432 475 1471 magistrae
503 1432 607 1471 fiunt,
650 1441 800 1473 quarum
828 1433 985 1473 ipsarum

290 1480 456 1512 virtutum
473 1482 667 1522 Augustus,
686 1483 829 1514 Romani
845 1481 984 1522 imperii

288 1530 492 1569 pacificator
516 1530 690 1571 simulque
711 1533 888 1563 Musarum
913 1532 985 1563 sin-

290 1588 393 1611 cerus
410 1581 564 1618 amator,
584 1581 750 1612 eximium
767 1580 869 1612 nobis
886 1589 985 1621 prae-

292 1627 352 1659 bet
376 1629 573 1669 specimen:
601 1631 721 1660 contra
739 1630 857 1661 Musae
880 1629 986 1660 adeo-

291 1686 359 1716 que
397 1679 519 1709 cuncta
556 1678 691 1717 ingenia
723 1678 826 1710 bonis
850 1678 984 1711 artibus

290 1725 427 1757 exculta
453 1736 559 1767 quam
575 1726 776 1767 longissime
795 1728 986 1760 abhorrent

291 1784 307 1805 a
334 1774 442 1806 feroci
465 1777 592 1807 virium
616 1777 730 1808 abusu
757 1779 860 1817 atque
886 1786 905 1808 a
930 1787 986 1809 su—

290 1824 411 1865 perbia
460 1825 695 1866 omnibusque
748 1826 983 1866 facinoribus,

290 1873 333 1904 ad
369 1882 458 1913 quae
495 1874 661 1905 mortales
696 1884 835 1907 morum
868 1876 985 1908 feritas

292 1922 471 1962 impellere
508 1922 630 1954 solet.»
689 1926 831 1955 Summa
867 1927 985 1957 autem

292 1973 365 2003 arte
390 1981 475 2004 usus
499 1973 532 2004 in
555 1974 710 2013 Augusto
734 1975 808 2014 ipso
836 1974 915 2006 olim
941 1975 986 2006 ad

294 2020 537 2053 crudelitatem
565 2021 709 2062 proclivi
746 2023 878 2062 (notum
904 2024 985 2056 illud

294 2071 520 2103 Maecenatis:
559 2072 666 2112 Surye
689 2073 835 2111 tandem,
872 2075 986 2105 carni-

291 2120 348 2158 seJJ
362 2119 385 2159 .')
410 2120 689 2151 moderationem
707 2123 811 2161 atque
829 2121 987 2153 clemen-

294 2169 376 2199 tiam
389 2177 470 2200 cum
487 2170 636 2209 ingenuo
650 2170 884 2203 humanarum
900 2170 989 2203 litte-

294 2226 412 2248 rarum
426 2218 540 2249 studio
555 2219 776 2251 coniunctam
794 2221 838 2251 ita
856 2219 984 2259 laudat,

294 2267 331 2296 ut
356 2267 388 2297 in
414 2267 467 2297 his
490 2268 674 2300 virtutibus
692 2278 848 2301 summas
864 2269 986 2301 laudes

294 2324 487 2356 veramque
512 2318 705 2357 potentiam
722 2319 804 2349 sitas
826 2327 904 2351 csse
923 2319 987 2351 de-

295 2368 478 2397 monstret.
526 2366 612 2397 Vidc
638 2367 842 2399 Excursum.

339 2416 368 2446 11.
395 2417 557 2447 Descende
579 2417 683 2457 caelo]
711 2417 803 2448 Iliad.
830 2417 873 2456 β,
900 2418 955 2450 491
977 2428 982 2449 :

290 2458 536 2505 Ὀλυμπιάδες
588 2463 762 2504 Μοῦσαι,
822 2468 857 2497 ct
906 2467 986 2499 alibi

290 2508 474 2555 Ὀλύμπια
487 2512 626 2555 δώματ’
642 2511 813 2552 ἔχουσαι.
833 2534 866 2537 ——
887 2518 988 2547 Prae-

293 2565 360 2594 stat
383 2573 463 2595 cum
489 2563 691 2596 melioribus
715 2565 810 2596 libris
834 2566 986 2597 retinere

295 2612 456 2653 copulam
480 2616 524 2651 et,
551 2622 632 2644 cum
649 2614 857 2653 praesertim
874 2610 988 2646 ἀσύν-

293 2660 401 2693 δετον
425 2663 458 2693 h.
486 2661 505 2693 l.
533 2661 613 2693 nihil
638 2663 722 2702 grati
749 2662 887 2693 habeat.

337 2713 368 2742 ⁶2.
410 2712 549 2753 Regina]
594 2713 629 2742 ut
665 2711 754 2748 dea:
801 2714 984 2752 practerea

297 2761 435 2792 llcsiod.
463 2761 589 2801 Theog.
617 2761 675 2791 79:
719 2758 913 2802 Καλλιόπη
940 2761 982 2792 θ’

297 2805 320 2849 ἢ
353 2807 391 2840 δὲ
428 2807 714 2855 προφερεστάτη
750 2808 850 2842 ἐστὶν
884 2806 984 2841 ἁπα-

648 1068 678 1110 (δ
702 1079 757 1111 ap.
786 1071 923 1102 Kirchn.
950 1071 989 1102 N.
1017 1071 1055 1108 Q.
1084 1070 1123 1101 H.
1151 1079 1185 1110 p.
1212 1070 1264 1101 56.
1282 1071 1300 1110 ‚)
1327 1071 1361 1102 F.
1389 1071 1470 1110 (non
1495 1071 1642 1112 BSTcd.)

1038 1187 1146 1218 σέων.
1173 1187 1360 1227 Dionysius
1373 1187 1500 1227 Hymn.
1514 1188 1591 1227 ’1,6ῑ
1611 1187 1732 1219 Callio-

1037 1245 1106 1276 pen
1130 1237 1316 1268 invocans:
1350 1234 1516 1268 Μουσῶν
1534 1238 1732 1282 προκαθη-

1037 1286 1114 1327 γέτι
1135 1283 1312 1331 mecm-311.
1347 1286 1539 1318 Heraclitus
1560 1289 1593 1318 in
1613 1287 1728 1319 Schol.

1036 1335 1147 1366 Vatic
1178 1335 1222 1366 ad
1244 1335 1400 1366 Rhesum
1417 1335 1495 1367 24-:6
1534 1333 1731 1377 Καλλιότη

1037 1384 1192 1424 ποίησιν
1226 1376 1311 1428 «seps
1343 1381 1494 1417 πάντων
1529 1383 1732 1425 (παντοδα-

1037 1430 1112 1474 πήν
1121 1433 1167 1472 ⁴.?)
1188 1450 1223 1455 —
1247 1433 1391 1474 longum]
1416 1433 1511 1466 Multi
1528 1435 1597 1466 iam
1613 1435 1648 1466 in
1664 1436 1732 1466 hoc

1035 1491 1067 1513 V.
1087 1482 1295 1520 haeserunt,
1323 1483 1423 1522 quasi
1441 1484 1573 1524 longyum
1588 1493 1732 1516 carmen

1035 1540 1073 1563 se
1091 1532 1370 1572 compositurum
1387 1541 1464 1564 esse
1483 1532 1641 1564 consulto
1659 1534 1733 1573 qui-

1036 1580 1137 1619 dem,
1164 1580 1227 1611 sed
1244 1589 1369 1620 parum
1386 1582 1600 1621 opportune,
1626 1591 1732 1622 prae-

1036 1629 1161 1661 dixerit
1184 1631 1298 1670 poe'ta.
1349 1630 1477 1661 Verum
1501 1630 1567 1662 hoc
1591 1630 1733 1662 volebat

1036 1680 1074 1710 ut
1107 1679 1382 1719 persentisceret
1415 1678 1545 1711 lector:
1601 1681 1729 1721 «opt0,

1036 1729 1074 1759 ut
1099 1730 1153 1759 tua
1180 1729 1379 1769 praesentia
1405 1738 1511 1769 quam
1536 1729 1731 1761 diutissime

1036 1777 1101 1808 frui
1124 1778 1259 1818 possim
1283 1787 1349 1809 nec
1373 1778 1476 1810 nimis
1501 1779 1568 1810 cito
1604 1779 1732 1810 restin-

1037 1828 1161 1866 guatur
1184 1827 1335 1867 impetus
1352 1828 1530 1867 poeticus,
1558 1828 1616 1867 qui
1639 1836 1731 1858 nunc

1037 1884 1094 1906 me
1131 1876 1314 1915 corripit.»
1369 1877 1481 1916 Atque
1526 1875 1636 1908 simile
1680 1878 1733 1907 cst

1037 1925 1267 1965 Tryphiodori
1305 1924 1487 1956 exordium
1522 1933 1555 1955 ν.
1601 1927 1669 1955 l-
1687 1924 1729 1956 4:

1038 1974 1165 2019 Τέρμα
1179 1991 1194 1996 -
1207 1991 1223 1997 -
1237 1970 1380 2005 Αὐτίκα
1406 1984 1474 2015 μοι
1502 1971 1703 2006 σπεύδοντι
1719 1998 1727 2011 ,

1038 2020 1156 2055 πολὺν
1172 2019 1232 2054 διὰ
1247 2021 1375 2063 μῦθον
1387 2019 1523 2054 ἀνεῖσα
1535 2047 1542 2061 ,
1560 2019 1729 2061 ’Ἑννεῑτε,

1038 2071 1280 2104 Καλλιόπεια.
1322 2074 1442 2105 Utrum
1466 2074 1585 2104 autem
1609 2073 1676 2103 hoc
1700 2073 1731 2104 ei

1039 2131 1250 2154 concessura
1277 2121 1366 2152 soret
1389 2122 1486 2154 Musa
1505 2130 1630 2158 necne,
1656 2122 1731 2162 ipse

1038 2171 1195 2203 nondum
1220 2170 1365 2202 sciebat.
1411 2171 1561 2202 Carmen
1588 2179 1733 2211 «peren-

1038 2230 1101 2259 ne,
1127 2222 1299 2261 perpetuo
1324 2220 1573 2258 duraturum»,
1610 2221 1647 2250 ut
1677 2218 1732 2250 alii

1037 2270 1244 2308 voluerunt,
1294 2278 1358 2310 pro
1394 2270 1490 2301 certo
1536 2269 1730 2309 significare

1038 2319 1168 2359 nequit.
1210 2337 1245 2341 —
1284 2318 1442 2358 Calliope]
1475 2319 1605 2349 Auson.
1632 2316 1729 2357 Idyll.

1038 2369 1096 2406 20,
1123 2369 1158 2398 7:
1200 2368 1360 2399 Carmina
1391 2367 1535 2406 Calliope
1563 2367 1654 2397 libris
1675 2367 1731 2397 he-

1036 2418 1131 2449 roica
1154 2418 1302 2448 mandat.
1362 2417 1429 2448 Sed
1460 2417 1547 2447 haec
1578 2414 1732 2455 singulo-

1039 2475 1118 2498 rum
1142 2467 1232 2498 inler
1255 2467 1370 2498 Musas
1396 2474 1584 2497 muncrum
1616 2465 1732 2496 distri-

1039 2516 1135 2547 butio
1160 2525 1178 2547 a
1203 2516 1331 2556 poetis,
1368 2515 1577 2556 praesertim
1601 2513 1729 2554 lyricis,

1039 2574 1107 2597 non
1132 2566 1302 2597 servatur.
1357 2566 1428 2595 Iam
1453 2563 1597 2595 Alcman
1621 2562 1730 2602 Bergk

1038 2624 1072 2656 p.
1109 2614 1195 2646 546:
1246 2611 1348 2644 ἸΙῶσ
1383 2609 1421 2655 ἇς
1423 2623 1469 2652 ’,ε
1510 2609 1728 2648 Καλλιόπα,

1037 2661 1200 2709 θύγατερ
1213 2660 1321 2702 Διός
1329 2659 1426 2719 4ρχ
1442 2660 1582 2714 ἐρατῶν
1599 2661 1729 2693 ἐπὲων·

1037 2713 1099 2745 ἐπὶ
1123 2711 1153 2744 ὁ
1180 2711 1310 2757 ἱαερον
1333 2707 1469 2753 “Υμνον
1505 2707 1637 2752 (Τιινω
1667 2711 1731 2741 lle-

1037 2763 1207 2804 phaestio
1214 2762 1297 2800 >nai
1308 2762 1438 2807 χαρίει
1441 2770 1486 2792 τα
1497 2761 1590 2791 τίθει
1598 2756 1728 2803 χορόι.

1081 2811 1110 2842 3.
1128 2811 1157 2843 4.
1184 2811 1294 2851 acula]
1314 2810 1457 2843 Alcman
1472 2811 1604 2850 riwin
1619 2809 1731 2848 Bcigk
