1997 3219
735 232 808 262 ΗΒ.
838 232 888 262 lV.

937 233 974 261 (ἶ.

1003 232 1038 262 ll.

724 612 1032 652 emmam
1070 613 1145 651 11.

384 724 609 766 Pindarum
642 724 837 780 quisquis
869 724 1010 766 studet
1040 723 1264 767 aemulari.

300 857 338 887 ll.
376 857 481 887 lnscr.
508 855 596 895 volg.
636 855 684 886 Aci
708 855 814 886 lulum
836 855 1022 886 Antoniwn.
1054 874 1086 877 ——
1113 855 1161 886 Ad
1184 855 1289 886 Iulum
1313 855 1489 886 Antonium
1511 858 1604 886 velu—

254 907 390 937 sliorum
416 908 594 945 poetarum
624 905 789 936 veneralio
819 904 905 936 Bhs.
937 923 969 926 -
1010 905 1058 935 Aa
1087 905 1205 936 Iulium
1231 905 1301 944 (sic)
1328 906 1366 936 de
1389 905 1607 936 aemulatione

257 965 343 986 rana
369 964 398 987 c.

256 1073 296 1103 11.
322 1071 414 1103 Iulus
438 1072 628 1110 Antonius,
654 1071 742 1103 alter
765 1071 807 1103 M.
834 1073 906 1102 An—

215 1121 295 1152 tonii
314 1122 482 1152 triumviri
507 1130 549 1152 ex
567 1120 681 1152 Fulvia
707 1120 815 1159 lilius,
842 1129 906 1152 na-

214 1173 268 1202 tus
293 1171 432 1202 circiter
455 1180 485 1203 a.
505 1180 539 1202 u.
559 1180 589 1202 e.
610 1172 683 1202 71¹0.
702 1197 709 1210 ‚
736 1171 905 1203 educatus

213 1219 257 1251 ab
293 1221 432 1252 Octavia
468 1221 619 1259 maiore,
662 1220 810 1261 benigna
842 1229 907 1251 no-

213 1277 334 1303 verca.
362 1269 464 1301 huius
489 1268 595 1300 filiam
612 1268 810 1301 Marcellam
835 1278 909 1301 ma-

214 1319 323 1349 iorem
342 1319 374 1349 in
391 1319 653 1350 matrimonium
672 1319 778 1350 duxit.
823 1320 906 1350 Tam

213 1368 385 1405 gratiosus
411 1367 471 1399 suit
505 1368 598 1408 apud
622 1370 836 1408 Augustum,
871 1370 909 1399 ut

215 1425 295 1447 cum
320 1417 473 1456 primum
506 1415 620 1448 locum
646 1418 797 1458 Agrippa
813 1443 820 1456 ,
853 1418 908 1449 Li-

214 1466 288 1496 viae
315 1465 371 1496 lilii
396 1466 593 1497 secundum
620 1469 798 1505 tenerent,
836 1468 909 1497 ter-

216 1515 282 1546 tius
319 1517 413 1546 esset
448 1524 489 1546 ac
524 1518 771 1547 numeraretur
816 1515 908 1547 Iulus

216 1564 356 1596 circiter
379 1573 409 1595 a.
429 1573 462 1595 u.
483 1573 512 1595 c.
538 1564 636 1603 742„
664 1574 734 1606 quo
757 1566 907 1606 Agrippa

217 1616 369 1645 mortem
404 1613 500 1645 obiit.
550 1614 647 1654 (Plut.
681 1616 805 1646 Anton.
842 1615 907 1654 87.)

213 1664 362 1694 Ornatus
387 1665 437 1695 est
463 1672 481 1694 a
506 1664 613 1704 patris
638 1665 769 1695 victore
794 1672 910 1696 sacer-

218 1712 332 1750 dotio,
369 1714 533 1753 praetura
564 1722 654 1744 anno
688 1722 720 1744 u.
764 1722 793 1745 c.
831 1715 906 1745 744.

218 1762 293 1802 (Dio
311 1762 408 1794 Cass.
428 1761 486 1800 54,
511 1762 566 1794 ⁶26.
598 1761 718 1794 Vellei.
738 1764 777 1802 2,
805 1763 906 1803 400.)‚

217 1810 425 1850 consulatu,
467 1820 574 1852 quem
609 1821 690 1844 eum
727 1814 765 1850 Q.
803 1812 907 1844 Fabio

218 1860 366 1892 Maximo
393 1860 553 1892 Africano
577 1862 685 1901 gessit
707 1871 798 1893 anno
820 1870 855 1893 u.
875 1871 905 1893 c.

216 1909 289 1942 744.
338 1909 449 1941 Nihilo
479 1912 597 1942 tamen
621 1911 736 1943 secius
769 1910 910 1943 violavit

215 1959 361 1991 domum
384 1960 550 1999 Augusti,
577 1959 689 1991 astinis
714 1961 782 1999 sui,
810 1969 909 1993 com-

219 2009 325 2040 misso
351 2016 431 2039 cum
457 2008 538 2040 Iulia
564 2008 734 2040 adulterio
758 2018 789 2040 a.
816 2018 849 2041 u.
877 2019 906 2041 c.

215 2059 290 2090 752.
338 2057 610 2089 Insimulabatur
634 2058 667 2089 id
693 2058 819 2090 secisse
844 2067 906 2100 spe

217 2107 352 2148 imperii
388 2107 594 2148 occupandi.
643 2108 719 2147 (Dio
744 2109 803 2146 55,
843 2109 908 2148 40.)

215 2155 297 2188 lulia
323 2157 356 2188 in
381 2156 626 2188 Pandatariam
651 2156 797 2188 insulam
824 2156 912 2188 rele-

215 2208 291 2246 gata
306 2208 378 2243 est;
397 2205 489 2238 Iulus
507 2207 650 2247 Augusti
668 2207 764 2238 iussu
778 2215 815 2238 se
833 2207 909 2247 ipse

217 2255 389 2286 interfecit
425 2257 512 2287 teste
550 2255 680 2287 Velleio
716 2255 736 2287 l.
769 2255 789 2287 l.
839 2257 907 2287 tlt'r.

216 2305 348 2336 Seneca
377 2304 420 2336 de
442 2305 542 2336 BreV.
570 2305 628 2336 vit.
659 2306 689 2337 5.
731 2305 908 2337 Weicliert

217 2353 260 2385 de
284 2354 387 2385 Vario
411 2363 488 2395 pag.
515 2354 577 2386 342
602 2363 702 2395 seqq.
745 2353 909 2386 Loehcllii

217 2402 424 2443 opusculum
464 2405 711 2435 Germanicum
753 2404 796 2435 (le
839 2406 911 2436 Au-

217 2453 306 2492 gusti
341 2453 535 2493 principatu
578 2462 654 2494 pag.
698 2452 770 2485 235.
814 2454 912 2492 (Rau-

218 2510 295 2532 mcr
311 2502 513 2533 historin-hes
532 2503 753 2534 Tascleenbuch
776 2503 836 2534 Bd.
855 2503 894 2533 V.
901 2515 907 2542 )

221 2567 255 2572 —
284 2549 397 2582 ‹dulus
426 2551 594 2582 Antonius
624 2552 766 2583 heroico
797 2554 910 2583 metro
934 2542 937 2600 Ῑ

219 2599 429 2631 Diomedeas
446 2598 702 2642 (durande-lug)
721 2601 909 2632 duodecim

218 2648 325 2680 libros
341 2649 479 2689 scripsit
497 2650 655 2689 egregios
677 2652 710 2681 et
727 2658 829 2690 prosa
849 2649 911 2681 ali—

218 2707 320 2738 quan»
347 2700 470 2729 Aenos.
513 2699 757 2731 Antimachum
795 2700 907 2739 igitur,

219 2749 255 2778 ut
290 2748 431 2788 opinor,
479 2748 603 2779 imitari
647 2750 793 2780 conatus
833 2750 908 2785 cst,

219 2797 538 2837 quemadmodum,
558 2798 736 2829 Arc-tinum
755 2799 908 2837 secutus,

956 1072 989 1102 in
1028 1070 1234 1112 Aethiopide
1273 1070 1405 1102 fecerat
1442 1071 1485 1103 M.
1528 1071 1649 1102 Furius

955 1118 1152 1152 Bibaculus.
1183 1120 1248 1159 (Sic
1272 1120 1484 1161 scripseram
1508 1122 1587 1152 ante
1605 1119 1652 1151 le-

957 1171 1052 1201 etum
1065 1168 1291 1201 Welckerum
1300 1169 1342 1201 kl.
1362 1170 1454 1201 Schr.
1474 1171 1499 1201 I.
1516 1178 1551 1210 p.
1570 1169 1647 1201 396:

956 1219 1017 1250 Die
1040 1219 1267 1250 Dio-medea
1291 1220 1344 1250 des
1366 1219 1456 1250 Iulus
1477 1219 1648 1257 Antonius,

956 1269 991 1299 in
1013 1269 1118 1308 zwo‘lf
1134 1269 1305 1307 Bticlzern,
1331 1269 1462 1300 enlhz‘elt
1482 1268 1651 1300 varmum—

957 1317 1018 1348 lich
1063 1318 1123 1348 den
1157 1318 1273 1349 letzten
1309 1318 1394 1349 Theil
1428 1319 1485 1349 cler
1521 1317 1652 1348 Thebais

957 1367 1010 1397 des
1024 1367 1236 1398 Antimachus
1247 1392 1258 1406 ,
1284 1368 1351 1398 und
1374 1370 1470 1398 unter
1485 1367 1557 1398 dem
1575 1367 1652 1397 Ticel

956 1416 1074 1447 komzte
1108 1417 1166 1447 der
1188 1416 1405 1455 Hauptz'vnhalt
1434 1417 1488 1447 cles
1520 1424 1650 1457 gyanzen

956 1465 1269 1505 Epiaonengmdichts
1300 1473 1491 1496 zusammen
1532 1465 1652 1505 qefasst

957 1513 1053 1554 sein.)
1074 1531 1108 1536 -
1137 1513 1249 1545 «Iulus
1274 1515 1442 1546 Antonius
1466 1517 1651 1554 rogaverat

959 1564 1156 1602 Horatium,
1183 1564 1221 1594 ιιι
1243 1564 1371 1604 scrIpta
1389 1563 1525 1594 Pindari
1543 1566 1652 1595 Grae-

958 1621 997 1643 ca
1023 1613 1056 1643 in
1081 1611 1221 1644 laudem
1247 1614 1407 1644 Caesaris
1432 1612 1648 1651 transferret,

959 1664 997 1693 ut
1018 1661 1179 1702 Virgilius
1203 1663 1332 1703 scripta
1357 1663 1500 1694 Homeri
1525 1663 1558 1693 in
1581 1661 1653 1693 lau-

959 1710 1042 1742 dem
1057 1712 1210 1743 Aeneae.
1247 1712 1331 1743 lude
1357 1713 1502 1743 excusat
1525 1720 1563 1743 se
1582 1712 1653 1743 Ho-

958 1762 1067 1793 ratius
1104 1760 1226 1792 dicens
1260 1769 1298 1792 se
1331 1762 1426 1792 tanto
1457 1762 1554 1802 operi
1584 1769 1653 1792 non

959 1810 1139 1848 sufficere,
1181 1819 1262 1842 cum
1286 1809 1340 1841 ille
1365 1818 1526 1842 summus
1551 1811 1652 1850 poeta

959 1859 1094 1890 fucrit.»
1135 1860 1254 1891 Seuor.
1292 1859 1386 1900 apud
1410 1859 1650 1899 Vanderhurg.

960 1909 1033 1940 Hoc
1058 1917 1142 1940 sane
1169 1917 1211 1940 ex
1236 1909 1311 1949 ipso
1329 1909 1494 1940 carminis
1511 1908 1654 1940 exordio

959 1958 1185 1999 desumptum
1204 1960 1275 1995 est,
1295 1960 1401 1998 atque
1418 1958 1463 1989 ila
1482 1957 1655 1999 explican-

959 2007 1063 2046 dum,
1082 2008 1158 2039 fieri
1175 2008 1295 2047 utique
1312 2008 1468 2048 potuisse
1483 2034 1489 2046 ,
1506 2009 1545 2038 ιιι
1562 2007 1653 2039 Iulus

959 2056 1146 2096 aliquando
1163 2057 1309 2088 miratus
1325 2057 1384 2095 sit,
1411 2065 1474 2088 eur
1490 2057 1652 2088 Horatius

960 2106 1156 2137 carminum
1177 2105 1441 2137 Pindaricorum
1464 2105 1594 2137 formas
1611 2115 1653 2137 ac

959 2157 1072 2187 metra
1108 2155 1233 2186 imitari
1259 2163 1439 2195 nunquam
1472 2154 1650 2187 voluisset.

963 2223 998 2228 —
1018 2205 1259 2245 Compositum
1277 2204 1414 2236 videtur
1430 2204 1496 2236 hoc
1510 2213 1652 2236 carmen

960 2263 990 2285 a.
1018 2263 1051 2285 u.
1078 2262 1108 2285 c.
1136 2254 1208 2285 738.
1247 2255 1396 2285 exeunte
1420 2252 1474 2284 vel
1500 2254 1574 2285 739.
1602 2255 1655 2286 in-

960 2305 1077 2335 eunte.
1101 2303 1180 2342 (Csr.
1202 2303 1359 2342 Franke.)
1396 2302 1583 2334 Grotesend
1602 2312 1655 2335 re—

960 2353 1026 2384 fert
1038 2352 1082 2383 ad
1095 2361 1125 2384 a.
1141 2352 1229 2390 740..
1249 2351 1302 2383 alii
1317 2353 1360 2383 ad
1374 2361 1404 2383 a.
1418 2348 1491 2384 7421.
1507 2352 1562 2384 vel
1578 2352 1651 2384 7422.

1004 2403 1033 2433 l.
1063 2401 1261 2442 Pindarum]
1287 2402 1370 2433 Stat.
1397 2400 1475 2432 Silv.
1494 2401 1533 2439 4,
1552 2402 1592 2439 7,
1612 2403 1650 2433 5:

961 2453 1127 2493 [temtator
1142 2452 1266 2491 lyricae
1278 2452 1433 2491 cohortis,
1448 2469 1463 2474 -
1473 2469 1488 2474 —
1499 2452 1650 2483 Pindaro.

962 2502 1112 2534 Tametsi
1143 2502 1304 2533 Horatius
1338 2500 1490 2541 singulas
1524 2500 1654 2541 aliquot

961 2551 1151 2582 sententias
1176 2560 1215 2581 ex
1238 2550 1384 2581 Pindaro
1410 2550 1579 2581 transtulit
1608 2552 1655 2590 (ut

961 2600 1022 2631 (Μ.
1043 2601 1054 2631 l
1074 2626 1079 2638 ,
1102 2601 1157 2638 112,
1180 2600 1236 2638 1.),
1262 2600 1518 2640 sapientissime
1537 2602 1653 2630 tamen

962 2649 1127 2680 abstinuit
1163 2649 1207 2680 ab
1245 2649 1418 2680 imitandis
1459 2649 1654 2680 carminum

963 2699 1225 2731 Pindaricorum
1274 2699 1393 2729 formis
1433 2706 1472 2729 ac
1509 2698 1651 2734 metris,

962 2748 1171 2787 imaginibus
1195 2746 1463 2785 audacioribus,
1490 2746 1652 2778 liberiore

962 2798 1151 2829 verborum
1178 2797 1450 2838 ronipositione,
1482 2797 1652 2828 rationem
