1997 3219
729 204 804 234 ΗΒ.
835 204 870 234 ΙΙ.

425 308 507 348 lam
540 314 578 347 te
611 314 836 362 sequetur:
870 320 892 347 e

423 389 547 428 Aetas
579 394 619 428 et
651 385 729 428 illi.
763 400 872 442 qnos

479 469 671 522 Apponet
703 480 861 508 annos:

535 549 687 588 Fronte
721 555 834 603 petet
865 548 894 590 L

921 205 957 234 (1.
987 205 1022 234 V.
1558 203 1635 243 ’239

898 307 1000 347 urrit
1033 307 1144 348 enim
1178 307 1294 348 lei-ox

905 387 975 427 tihi
1009 387 1265 444 dempserit,

1589 467 1633 508 153

898 468 977 508 iam
1010 474 1209 523 proterva

899 547 1018 603 alage
1050 548 1243 590 maritum
1257 564 1262 589 :

420 651 598 695 Dilecta,
634 659 838 708 quantum
870 666 952 693 non
984 652 1141 695 Pholoe
1174 654 1317 709 fugax,

419 733 509 773 Non
542 731 707 774 Chloris
740 731 836 773 albo
868 732 929 773 sie
962 732 1140 774 humero
1173 733 1330 776 nitens.

472 811 521 854 Ut
553 825 658 867 pura
690 819 895 854 nocturno
928 812 1091 854 renidet

283 931 328 961 13.
355 931 502 969 sequitur
519 931 554 961 T.
579 948 612 952 —-
631 933 741 961 curret
757 928 879 971 dssyz.

902 947 937 952 —-
958 930 997 961 ⁴3
1023 932 1056 962 et
1082 931 1133 961 1¹7.
1159 932 1265 962 currit
1287 932 1374 962 enim
1395 934 1504 973 fuglam
1528 952 1545 957 -
1570 953 1586 956 -

231 979 352 1010 Pholoe
365 979 463 1019 ferox
487 979 662 1020 Cruquius
687 981 722 1010 et
741 978 947 1010 Wakefield.
979 999 1013 1002 -—
1042 979 1092 1012 li.
1120 981 1205 1020 quod
1228 981 1284 1012 libi
1309 982 1498 1021 dempserN,
1524 984 1588 1023 Ap—

232 1032 331 1068 ponet
355 1037 462 1060 annus
485 1028 538 1062 vel
556 1032 633 1067 quel
650 1046 666 1050 -
683 1046 700 1051 -
717 1037 822 1060 annos
837 1027 981 1060 Bentleii
999 1030 1231 1070 suspiciones.
1254 1048 1286 1053 —
1317 1031 1368 1061 46.
1391 1032 1471 1071 petil
1487 1033 1522 1063 T.
1551 1053 1584 1055 —

236 1078 284 1109 ¹9.
311 1082 473 1109 nocem-na
497 1079 531 1109 T.

187 1183 292 1214 dioris
316 1184 456 1216 aetatis,
483 1192 551 1223 qna
573 1182 725 1223 gaudent
743 1182 881 1214 sodales

186 1233 293 1264 nostri
307 1232 484 1273 aliquanto
503 1233 674 1269 iuniores,
694 1231 795 1264 nobis
813 1233 882 1263 iam

186 1283 414 1322 praeteritum
440 1290 529 1313 esse.
579 1281 714 1313 Similes
738 1283 819 1313 sunt
848 1282 882 1312 in

186 1333 224 1361 Α.
255 1332 287 1362 P.
321 1332 389 1361 175.
424 1332 504 1362 anni
535 1331 696 1362 venientes
726 1332 760 1361 et
791 1339 882 1361 rece—

185 1380 302 1411 dentes.
325 1380 488 1420 Sophoel.
509 1380 666 1411 Trachin.
683 1379 757 1411 547.
776 1381 881 1411 Deia-

186 1429 258 1459 nira
278 1429 321 1460 de
347 1428 436 1460 Iola:
473 1425 564 1474 Ὁρῶ
589 1426 661 1474 γὰρ
686 1423 787 1470 ἥβην
810 1425 880 1469 τὴν

183 1477 254 1518 μὲν
293 1474 492 1522 ἕρπουσαν
537 1476 688 1523 πρόσω,
737 1475 814 1519 Τὴν
839 1476 879 1509 δὲ

183 1527 415 1566 φθίνουσαν.

231 1577 278 1607 ¹5.
309 1576 479 1617 proterva]
506 1577 718 1608 Immoratur
742 1577 775 1607 in
799 1584 880 1616 gra—

184 1628 214 1656 ta
241 1627 408 1657 iux‘eneae
434 1625 595 1666 petulcae
614 1627 648 1657 et
668 1625 878 1657 lascivientis

183 1676 350 1715 imagine;
388 1676 422 1707 h.
449 1675 470 1706 l.
497 1675 541 1707 de
575 1674 688 1716 puella
721 1676 878 1706 xirorum

183 1725 321 1766 cupida.

227 1775 278 1806 Π.
305 1775 444 1816 Dilecta]
472 1774 573 1812 Quod
597 1773 751 1805 nonnulli
774 1774 878 1805 artis-

182 1825 269 1856 sime
295 1825 438 1864 iungunt
463 1832 543 1855 cum
568 1822 759 1864 praecedd.
793 1826 880 1863 petet

183 1874 339 1905 mai-ilum
363 1874 510 1912 Dilecta,
536 1873 652 1905 minus
669 1872 794 1914 plaeet.
824 1873 875 1905 Ab

181 1924 249 1954 hoe
280 1924 374 1955 enim
397 1933 429 1954 v.
457 1924 645 1963 imaginem
675 1922 876 1964 relinquens

182 1974 322 2014 proprie
353 1972 448 2013 loqui
477 1973 606 2013 incipit.
648 1974 778 2013 Separa
813 1974 876 2013 igi-

183 2024 253 2052 tur:
298 2023 473 2053 maritum:
520 2022 649 2053 Dilecta
684 2022 777 2061 (tune
813 2023 875 2054 erit

182 2070 225 2101 ab
252 2072 346 2102 omni
372 2071 575 2110 iuventute).
602 2072 656 2102 Sic
683 2073 801 2102 autem
819 2081 877 2103 ex-

183 2119 271 2160 plico
288 2121 352 2152 lios
370 2120 578 2152 versiculos:
608 2120 776 2152 «Tantum
794 2123 875 2153 tune

181 2169 224 2200 ab
270 2169 434 2201 omnibus
478 2169 654 2209 diligetur,
705 2172 875 2210 quantum

181 2227 273 2249 nune
305 2228 370 2250 nec
404 2218 533 2250 Pholoe
570 2228 685 2259 neque
719 2219 872 2257 Chloris,

181 2268 338 2300 maturae
350 2269 418 2300 iam
432 2267 581 2309 puellae,
598 2277 712 2308 neque
725 2270 873 2309 Gyges.»

181 2317 228 2347 lta
245 2325 300 2347 vv.
320 2317 393 2348 albo
409 2335 424 2340 -
437 2335 453 2340 -
469 2318 555 2349 inari
572 2318 752 2349 continent
769 2317 875 2349 Chlo—

181 2365 264 2397 ridis
288 2368 535 2406 praeconium,
563 2369 599 2399 ut
623 2369 655 2399 in
680 2376 755 2408 seq.
783 2371 875 2400 stro—

181 2415 248 2455 pha
275 2415 435 2446 laudatur
459 2418 584 2456 Gyges.
639 2418 731 2449 Inest
756 2418 874 2448 autem

182 2465 213 2495 in
227 2466 377 2504 utroque
391 2464 502 2504 elogio
521 2464 692 2497 Chloridis
710 2468 744 2497 et
757 2468 872 2506 Gygae

181 2522 263 2545 vere
287 2509 531 2559 ἀντιστρόφῳ
548 2515 811 2553 venustissima,
839 2517 875 2546 ut

181 2564 223 2593 ita
249 2563 380 2602 dicam,
412 2563 550 2595 malitia.
601 2565 685 2596 Eam
710 2565 803 2596 enim
828 2565 872 2595 ol)

181 2621 324 2644 eausam
348 2612 463 2644 laudat
490 2612 622 2653 puellas
651 2622 872 2654 puerumque

182 2661 414 2702 puls-herrima
432 2663 540 2693 forma
557 2663 708 2701 insignes
720 2665 751 2693 et
763 2664 871 2694 amari

181 2720 258 2742 sese
285 2711 351 2742 iam
370 2712 536 2746 sinentes.
563 2720 633 2751 qno
652 2711 798 2752 Lalagen
816 2713 875 2743 sti-

182 2759 300 2796 mulet,
329 2763 361 2790 ul
389 2770 492 2800 qnam
521 2761 670 2800 primum
697 2760 739 2791 illi
765 2762 871 2792 choro

933 1182 1090 1213 accedat.
1140 1182 1218 1221 Alii,
1246 1185 1283 1214 ut
1307 1184 1360 1215 vel
1379 1185 1453 1225 ipse
1471 1187 1626 1225 Vossius,

932 1232 1003 1263 vim
1039 1231 1229 1272 particulae
1264 1242 1303 1264 ve
1336 1236 1415 1274 post
1451 1237 1628 1275 negativas

932 1282 1020 1320 part.
1035 1282 1169 1322 positae
1188 1290 1256 1312 non
1274 1283 1356 1314 satis
1375 1285 1626 1324 expendentes,

933 1339 1022 1361 unns
1039 1332 1073 1361 et
1089 1330 1176 1361 alter
1193 1332 1299 1363 etiam
1313 1332 1510 1371 Cvnfidzssusque
1523 1334 1629 1366 eden-

932 1380 1001 1415 tes.
1021 1380 1070 1411 sie
1089 1379 1323 1420 distinguunt:
1360 1383 1628 1415 Dilecta-—Non

932 1428 1078 1460 Chloris:
1096 1429 1183 1460 -albo
1199 1447 1215 1452 -
1230 1446 1245 1452 -
1262 1431 1350 1461 mari
1374 1431 1546 1464 Cnidiusve
1561 1443 1566 1471 ;
1593 1433 1627 1465 id

931 1479 1002 1509 est:
1041 1478 1184 1518 «Lalage
1210 1478 1335 1511 dilecta
1361 1483 1532 1521 quantum
1557 1492 1627 1514 non

929 1526 1071 1565 Pholoe,
1095 1537 1164 1559 non
1183 1528 1318 1561 Chloris
1335 1529 1539 1570 diliguntur3
1566 1533 1628 1563 La-

929 1574 1004 1615 lage
1031 1577 1075 1607 ita
1100 1577 1215 1608 nitens
1239 1580 1277 1609 ut
1299 1577 1381 1610 luna
1405 1588 1531 1611 serena
1549 1582 1628 1613 Cni-

930 1624 1078 1665 diusque
1105 1628 1218 1666 Gyges
1237 1627 1458 1668 splendent.»
1494 1630 1625 1663 Verum

929 1674 979 1705 sie
1005 1674 1140 1707 Chloris
1159 1676 1250 1707 nulla
1266 1677 1491 1717 praedicatur
1507 1677 1623 1718 laude,

928 1724 1016 1755 mire
1053 1725 1310 1765 coniunguntur
1344 1726 1423 1758 luna
1460 1729 1493 1758 et
1523 1737 1624 1768 puer.

928 1773 1015 1804 mire
1041 1775 1121 1814 post
1150 1775 1306 1814 priorem
1338 1774 1480 1808 laudem
1503 1785 1625 1808 rursus

929 1824 1094 1862 quattuor
1116 1833 1172 1856 w.
1199 1824 1301 1856 huius
1323 1825 1498 1856 extollitur
1514 1826 1625 1857 forma

927 1871 1108 1913 puellaris;
1146 1882 1188 1905 ex
1220 1882 1290 1914 quo
1322 1874 1453 1906 sactum
1479 1876 1550 1914 est,
1588 1877 1626 1906 ut

928 1930 1106 1953 nonnemo
1140 1922 1419 1963 pulcherrimum
1459 1925 1623 1957 carminis

927 1971 1059 2002 exitum
1083 1973 1264 2012 tamquam
1288 1982 1433 2013 prorsus
1457 1983 1625 2015 superva-

927 2028 1077 2051 caneum
1108 2022 1142 2052 et
1171 2022 1296 2061 poetae
1327 2022 1471 2054 consilio
1495 2023 1623 2055 adver—

926 2072 1063 2101 santem
1093 2079 1255 2102 resecare
1286 2070 1402 2103 vellet.
1433 2090 1467 2094 —-
1492 2073 1623 2114 Pholoe]

928 2118 1025 2150 Idem
1050 2120 1186 2150 Nomen
1211 2120 1272 2150 Od.
1302 2121 1337 2159 l,
1363 2121 1424 2160 33,
1452 2122 1482 2152 7.
1512 2141 1547 2144 -
1572 2123 1624 2162 su-

925 2167 1006 2208 yax]
1035 2171 1204 2209 «propter
1229 2169 1497 2202 inconstantiam
1514 2179 1621 2211 saepe

927 2217 970 2248 ah
996 2218 1162 2249 amatoris
1180 2227 1301 2250 mensa
1321 2220 1353 2250 et
1377 2218 1505 2250 lectulo
1522 2221 1623 2251 ausu-

901 2289 902 2292 *
925 2267 1057 2307 giens.»

970 2316 1021 2347 49.
1051 2316 1153 2357 pura]
1181 2316 1342 2348 «llabens
1367 2326 1493 2349 serena
1519 2320 1620 2349 nocte

926 2363 1044 2397 lumen
1082 2367 1294 2406 integrum.»
1332 2368 1452 2398 Senoi„
1494 2385 1527 2390 ——
1567 2376 1621 2398 re-

926 2416 1022 2457 nidel]
1059 2412 1284 2458 ἀντιλάμπει
1320 2415 1469 2457 explieat
1506 2416 1621 2448 Philo-

925 2474 1047 2497 xenus.
1075 2467 1113 2498 Ut
1138 2466 1192 2497 hie
1218 2467 1321 2497 nitens
1344 2466 1387 2497 de
1405 2467 1482 2497 vix-‹⁷›
1501 2466 1621 2508 splen—

925 2514 1027 2553 dore,
1056 2515 1098 2546 de
1124 2516 1260 2546 mitiore
1283 2517 1425 2554 renidet,
1452 2516 1500 2547 sie
1518 2515 1617 2556 Apul.

924 2564 1004 2595 Met.
1037 2565 1066 2595 2.
1099 2573 1133 2605 p.
1170 2566 1241 2596 s108‚
1270 2565 1375 2596 Oud.:
1404 2563 1512 2604 Ouid?
1546 2574 1621 2597 eum

923 2614 1051 2653 capillis
1068 2631 1083 2636 -
1098 2631 1114 2637 -
1129 2615 1216 2645 nitor
1245 2615 1430 2654 splendidus
1460 2614 1567 2646 illucel
1590 2619 1619 2646 el

922 2667 1038 2694 cotnra
1072 2664 1148 2694 solis
1177 2665 1281 2695 aciem
1310 2667 1440 2703 regyelus
1469 2663 1618 2704 sidyma!

922 2713 972 2743 vel
989 2713 1143 2752 placidus
1159 2712 1306 2744 renidet?
1331 2713 1402 2743 lloe
1419 2712 1528 2744 verbo
1546 2715 1619 2744 nle—

924 2761 1051 2793 hantur
1097 2762 1168 2794 sere
1217 2765 1340 2802 poi-tae
1390 2764 1615 2802 (quamquam
