1997 3219
229 187 310 228 348
732 188 901 219 ΗΟΗΑΤΙΙ
927 187 1149 220 CARMINUM

720 573 1032 613 GARMEN
1065 573 1171 612 111.

454 719 614 760 Iustum
645 723 686 759 et
716 723 912 758 tenacem
942 715 1149 773 propositi
1179 716 1316 757 virum

313 851 367 881 ΙΙΙ.
402 850 509 887 lnscr.
535 846 625 887 volg.
660 847 710 878 Ad
733 847 908 878 Caesarem
933 846 1126 886 Augustum.
1157 862 1191 867 —
1216 845 1266 877 Ad
1288 846 1400 878 Musas
1422 846 1460 878 de
1480 846 1624 887 Aufsusto

270 900 305 931 b.
330 917 364 922 ——
383 899 432 930 Aa
456 898 632 938 Quirinum
653 897 720 927 sive
742 896 916 927 Romulum
940 896 972 926 S.
995 913 1030 917 —
1047 895 1096 926 Ad
1118 895 1301 935 Augustum
1324 896 1360 926 T.
1388 913 1423 917 »-
1440 895 1490 926 Ad
1512 897 1625 927 Musas

270 950 307 980 cle
329 949 474 989 Aayusto
498 948 554 987 qui
577 948 610 977 in
628 946 799 986 proposito
825 945 955 976 videtur
978 953 1193 984 perseverare
1215 953 1244 976 c.
1274 962 1310 967 —
1352 945 1382 975 11.
1407 944 1447 984 et]
1472 953 1513 975 ac
1535 945 1558 976 F
1583 954 1623 976 ex

270 998 508 1039 porphyrione
534 998 568 1028 in
591 996 774 1034 lemmate,
800 994 864 1026 sed
888 994 982 1026 idem
1007 993 1120 1026 Schol.
1147 1003 1227 1026 mox
1251 998 1291 1033 et,
1317 996 1355 1026 ut
1379 994 1490 1026 Codd.
1516 995 1597 1026 mei.

271 1117 325 1147 ΙΙΙ.
364 1115 604 1146 Constantiam
629 1114 664 1144 et
688 1112 926 1143 fortitudinem

227 1164 389 1196 Romanis
414 1164 594 1202 tamquam
617 1162 825 1202 praecipuas
851 1169 929 1192 ma-

226 1215 339 1245 iorum
363 1213 520 1249 virtutes,
548 1212 650 1242 nimis
674 1220 692 1242 a
711 1211 782 1242 suis
799 1204 929 1250 aequa*-

226 1262 316 1294 libus
364 1260 563 1301 neglectas,
612 1259 926 1291 commendaturus

226 1310 386 1352 exempla
411 1310 579 1347 Pollucis,
608 1308 784 1347 Herculis,
812 1302 927 1340 Liberi

225 1361 349 1402 patris,
384 1361 529 1400 propter
559 1358 633 1390 illas
660 1359 754 1399 ipsas
777 1358 927 1388 virtutes

226 1408 317 1441 inter
351 1409 436 1440 deos
472 1410 715 1448 receptorum,
742 1406 924 1447 proponit;

226 1459 355 1500 quibus
402 1457 592 1489 admodum
636 1456 757 1487 dextre
805 1455 925 1496 paucis

225 1508 360 1546 verbis,
396 1516 439 1538 ne
470 1507 573 1538 nimia
608 1505 733 1537 evadat
758 1503 921 1541 adulatio,

227 1558 348 1588 inserit
369 1558 577 1596 Augustum.
625 1554 817 1586 Plurimum
839 1561 923 1584 vero

226 1607 432 1638 immoratur
477 1606 510 1636 in
556 1604 690 1636 Romuli
736 1602 921 1641 laudibus,

227 1656 339 1693 euius,
375 1656 411 1686 ut
434 1655 480 1685 ita
504 1654 635 1692 dicam,
668 1649 924 1697 ἀντίστροφος

227 1707 302 1736 erat
332 1706 525 1745 Augustus,
562 1703 649 1734 alter
684 1702 820 1743 imperii
855 1702 925 1732 Ro-

226 1754 318 1785 mani
343 1753 513 1792 conditor,
540 1755 644 1792 atque
663 1761 729 1792 per
746 1750 923 1791 quendam

226 1804 385 1844 poeticae
409 1802 626 1841 φαντασίας
648 1801 791 1842 plenum
817 1800 926 1840 impe-

227 1855 301 1883 tum
327 1852 356 1891 (a
373 1861 443 1892 quo
459 1861 492 1883 v.
523 1851 575 1882 69.
603 1860 641 1882 se
670 1851 743 1890 ipse
769 1848 921 1885 revocat)

227 1902 367 1941 exponit
391 1900 516 1932 elatam
541 1909 582 1931 ac
607 1899 794 1931 sublimem
820 1900 925 1930 Iuno-

227 1952 278 1982 nis
317 1949 360 1981 de
400 1949 545 1981 Romulo
581 1949 624 1980 ad
664 1950 801 1980 ceteros
837 1947 923 1978 deos

226 2001 432 2031 orationem.
472 1999 595 2039 (Quam
620 1998 763 2038 quidem
786 1998 923 2037 partem

227 2049 390 2080 carminis
425 2057 509 2079 sane
545 2047 781 2078 necessariam
817 2046 921 2077 fuisse

227 2098 305 2129 ideo
324 2098 475 2128 maxIme
495 2096 660 2137 equidem
677 2095 805 2133 iudico,
825 2095 919 2135 quod

226 2144 378 2188 γνώμας
415 2155 470 2177 vv,
498 2146 627 2176 ⁴1—i6.
667 2145 730 2176 etsi
763 2144 923 2183 imagini-

227 2196 293 2227 bus
318 2195 448 2235 aliquot
472 2197 612 2226 ornatas
635 2195 669 2225 in
693 2195 764 2225 tam
781 2192 920 2225 sublimi

228 2246 382 2277 carmine
430 2245 591 2284 excipere
631 2243 786 2274 debebat
823 2242 921 2274 locus

227 2305 310 2326 vere
336 2303 415 2325 cum
442 2294 600 2334 poeticus
626 2294 699 2323 tum
724 2293 829 2323 etiam
847 2301 922 2323 ora—

228 2345 354 2382 torius,
385 2344 530 2384 propter
555 2343 620 2373 hoc
645 2343 759 2382 ipsum
784 2342 826 2372 ad
852 2343 920 2372 Ro—

227 2401 412 2424 manorum
438 2392 613 2432 ingenium
638 2399 744 2431 quam
768 2391 919 2422 maxime

228 2442 429 2482 appositus;
478 2449 584 2480 quem
620 2441 677 2480 qui
713 2441 920 2480 praesertim

227 2493 370 2531 propter
394 2489 633 2530 inaequalem,
666 2491 703 2520 ut
727 2488 921 2529 opinaban—

228 2542 301 2572 tur.
328 2540 370 2570 ad
397 2541 555 2571 ceterum
580 2547 721 2570 carmen
747 2539 919 2569 rationem

228 2598 268 2619 ac
305 2588 481 2628 quandam
517 2590 548 2619 el
594 2587 846 2619 sententiarum
887 2589 921 2618 et

229 2637 418 2668 xerboruni
443 2636 710 2669 redundantiam
744 2636 920 2676 vitupera-

229 2688 326 2723 runi,
353 2686 551 2718 libertatem
575 2687 716 2725 vimque
741 2684 839 2724 lyrici
863 2694 921 2725 ge-

230 2737 320 2767 neris
346 2745 424 2767 sese
451 2745 573 2776 parum
599 2744 703 2767 nosse
729 2734 819 2767 clare
844 2744 922 2775 pro-

977 1111 1059 1143 fessi
1083 1112 1188 1151 sunt.)
1234 1112 1305 1143 Hac
1335 1112 1411 1152 ipsa
1434 1111 1590 1143 oratione
1615 1113 1669 1144 in-

978 1160 1105 1191 ductus
1131 1162 1185 1192 est
1201 1160 1350 1199 Merula,
1376 1162 1414 1191 ut
1429 1161 1528 1192 Ennii
1543 1170 1668 1193 versus

978 1208 1144 1241 disiectos
1184 1211 1228 1240 ita
1267 1212 1498 1250 componeret
1545 1210 1665 1242 Annal.

979 1258 1050 1289 Lib.
1083 1259 1111 1289 11.
1150 1268 1183 1299 p.
1216 1259 1288 1291 430.
1320 1261 1444 1291 Hess.:
1492 1261 1670 1299 Respondet

976 1308 1056 1338 Iuno
1091 1308 1253 1339 Saturnia
1286 1312 1401 1339 sancta
1434 1309 1590 1340 clear-mn:
1618 1320 1668 1332 —·—

976 1357 1132 1388 Romulus
1165 1358 1199 1388 in
1225 1358 1314 1388 caelo
1343 1367 1417 1389 cam
1445 1359 1494 1389 dis
1514 1358 1670 1398 (lenitati—

976 1404 1034 1436 bas
1063 1415 1177 1437 aevom
1199 1407 1329 1447 Deyat:
1362 1411 1442 1438 cu'm
1469 1408 1565 1448 prior
1592 1416 1670 1438 ver-

976 1454 1105 1487 siculus
1134 1465 1153 1486 a
1184 1455 1352 1487 Columna
1387 1457 1538 1487 reiectus
1568 1457 1611 1488 sit
1635 1457 1668 1488 in

976 1506 1062 1535 Ann.
1090 1505 1163 1536 Lib.
1191 1505 1221 1536 6.
1270 1506 1401 1536 Verum
1435 1514 1516 1537 cum
1547 1514 1602 1537 res
1626 1506 1669 1538 sit

974 1562 1119 1593 prorsus
1155 1555 1303 1592 incerta,
1343 1555 1491 1586 Ennium
1527 1555 1668 1586 Horatio

975 1604 1053 1634 ante
1090 1603 1210 1635 oculos
1235 1604 1340 1635 fuisse
1366 1604 1580 1635 contendere
1605 1614 1669 1635 no-

974 1651 1045 1683 lim.
1101 1653 1201 1691 Quod
1235 1654 1354 1683 autem
1388 1654 1558 1684 Iunonem
1597 1655 1668 1684 tam

975 1710 1099 1733 severe
1126 1702 1289 1733 Romanis
1322 1702 1532 1733 interdicere
1559 1702 1666 1742 fingit,

975 1760 1018 1782 ne
1062 1760 1218 1791 unquam
1264 1751 1448 1782 restituant
1489 1751 1667 1791 antiquam

974 1799 1067 1831 illam
1090 1801 1228 1831 Troiam
1265 1800 1343 1839 (non
1375 1800 1471 1840 quod
1497 1802 1578 1832 tunc
1603 1800 1669 1832 sso—

975 1848 1077 1879 rebat
1114 1848 1241 1888 Ilium),
1284 1849 1317 1880 id
1353 1850 1518 1890 equidem
1555 1859 1597 1881 ex
1626 1858 1668 1880 eo

976 1898 1120 1929 ductum
1144 1900 1247 1938 puto,
1274 1898 1369 1938 quod
1393 1908 1476 1929 casu
1501 1898 1669 1930 recorda-

975 1949 1030 1978 tus
1060 1949 1154 1979 esset
1183 1947 1369 1988 aliquando
1402 1947 1490 1979 illius
1515 1947 1558 1979 de
1584 1948 1670 1979 Cae-

974 2005 1052 2027 sare
1077 1997 1251 2035 rumoris,
1279 1997 1376 2027 cuius
1401 1997 1559 2028 meminit
1582 1997 1669 2028 Sue-

975 2046 1089 2091 tonius
1114 2046 1214 2076 Caes.
1241 2046 1315 2084 79.‚
1346 2045 1407 2077 ubi
1432 2047 1521 2077 inter
1545 2054 1669 2077 causas

975 2094 1092 2126 caedis
1106 2095 1268 2125 Caesaris
1280 2095 1370 2126 hanc
1385 2103 1527 2135 quoque
1544 2095 1665 2126 refert:

976 2144 1061 2183 Quin
1095 2144 1193 2174 eliam
1227 2144 1325 2174 varia
1360 2145 1454 2184 fama
1482 2144 1670 2183 percrebuit

972 2194 1198 2233 migraturum
1228 2193 1467 2224 Aleoeandriam
1494 2194 1544 2224 vel
1573 2194 1670 2224 Ilium

973 2242 1143 2273 translatis
1176 2243 1274 2273 simul
1306 2242 1419 2282 opibus
1450 2243 1579 2282 imperii
1603 2250 1667 2273 ex-

972 2291 1154 2330 haustaque
1186 2292 1285 2322 Italia
1321 2291 1492 2323 delectibus
1526 2295 1554 2323 et
1584 2300 1668 2330 pro—

972 2341 1143 2371 curatione
1195 2341 1286 2371 Urbis
1334 2341 1449 2371 amicis
1495 2341 1665 2379 permissa.

973 2391 1048 2421 Non
1085 2390 1179 2430 quod
1223 2391 1417 2429 Augustus,
1472 2389 1669 2421 dominator

976 2440 1077 2471 nimis
1113 2438 1257 2471 callidus
1297 2448 1337 2470 ac
1376 2438 1549 2480 prudens,
1601 2438 1667 2468 hoc

973 2488 1066 2519 idem
1104 2488 1287 2519 consilium
1323 2496 1479 2528 unquam
1511 2487 1665 2527 agitarit:

973 2537 1105 2569 nullum
1141 2538 1233 2569 enim
1268 2538 1370 2569 huius
1402 2537 1451 2567 rei
1482 2536 1668 2575 vestigium

973 2586 1074 2618 nobis
1099 2588 1279 2619 servatum
1305 2588 1376 2623 est,
1404 2594 1468 2617 nec
1492 2584 1662 2626 profecto,

973 2637 999 2668 si
1036 2637 1102 2667 hoc
1144 2637 1259 2667 animo
1303 2635 1484 2672 volvisset,
1538 2634 1667 2669 Horatii

973 2687 1048 2717 erat
1072 2686 1103 2717 ei
1128 2684 1195 2716 tale
1220 2685 1437 2726 propositum
1455 2683 1608 2714 carmine
1635 2683 1668 2713 in

972 2734 1094 2775 x‘olgus
1130 2735 1222 2766 edito
1259 2733 1482 2765 dissuadere:
1521 2732 1600 2766 sed,
1634 2733 1667 2762 ni
