1997 3219
629 279 705 311 LlB.
734 280 785 311 ΙΙΙ,
835 280 872 313 C.
898 281 995 313 XXX.

252 381 398 430 Dicar,
430 395 515 438 qua
546 382 708 425 violens
739 382 945 440 obstrepit
974 384 1150 426 Aufidus

1490 281 1568 323 517

1520 385 1533 426 Ι
1547 388 1571 425 (Ι

250 462 298 504 Et
327 476 412 518 qua
442 475 607 518 pauper
636 477 774 519 aquae
805 464 980 507 Daunus
1011 465 1239 521 agrestium

249 543 453 598 Regnavit
482 542 758 599 populorum,
792 557 844 586 ex
873 544 1019 587 humili
1051 551 1201 601 potens

247 646 451 704 Princeps
482 646 674 690 Aeolium
705 661 876 691 carmen
908 648 960 691 ad
993 648 1118 691 Italos

222 766 273 798 Ἰέ.
300 765 580 806 Regnator-bcss.
611 766 783 807 (Regnavit
809 767 869 805 ΒΞ,
899 765 1018 799 Bland.
1049 769 1133 807 tres,
1159 766 1203 811 γξ
1231 771 1265 801 et
1291 779 1344 811 pr.
1374 782 1408 809 κ,
1440 773 1525 804 Pott.

177 815 280 854 octo.)
305 816 337 847 M
361 815 485 856 iungit:
512 815 671 856 Rcynavit
688 816 890 856 populorum
912 826 955 848 ea:
977 818 1092 849 humili
1110 822 1226 858 potens
1249 821 1426 862 (Daunus).

133 914 258 946 Vestae
281 914 482 946 sacerdotem
499 915 601 946 vocat
618 914 714 946 ovid.
734 915 757 946 F
760 916 824 946 ast.

134 963 153 994 3
167 989 174 1002 ,
201 963 274 994 699.

177 1013 228 1043 ἸΟ.
254 1012 372 1053 Dicar]
399 1013 530 1043 «Grato
553 1012 669 1044 animo
693 1021 828 1044 memo-

135 1060 263 1093 rabunt
287 1062 434 1102 posteri,
459 1069 530 1099 me,
556 1061 737 1092 hominem
755 1061 827 1092 Ve-

134 1111 315 1148 nusinum,
331 1110 485 1150 primum
496 1110 656 1151 Sapphus
666 1111 700 1141 et
709 1109 825 1141 Alcaei

131 1160 254 1201 poesin
286 1158 433 1199 lyricam
462 1160 581 1191 Latine
611 1158 825 1191 aemulatum

132 1219 246 1242 esse.»
272 1210 326 1241 Sic
351 1210 445 1241 enim
477 1209 671 1241 ordinanda
702 1209 823 1248 verba,

131 1261 169 1291 ut
186 1261 282 1290 recte
300 1259 368 1290 iam
385 1259 499 1290 Acron
517 1269 523 1289 :
548 1260 656 1290 Dicar
672 1259 827 1298 princeps

128 1308 276 1341 Aeolium
299 1317 431 1339 cannen
457 1309 500 1339 ad
522 1309 622 1339 Italos
645 1309 755 1339 modos
774 1309 822 1339 cle-

129 1359 281 1396 ttam-isse,
301 1356 358 1398 (ihi
372 1358 484 1397 natus)
503 1367 570 1396 qua
591 1357 671 1398 (ubi)
692 1357 827 1399 Aufidus

131 1408 306 1448 obstrepit;
333 1415 402 1438 non
426 1416 534 1438 vero:
563 1407 644 1447 «ibi,
671 1407 730 1439 ubi
753 1409 826 1440 Au-

130 1457 221 1489 fidus
246 1457 337 1495 fluit,
364 1456 502 1495 dicar‚»
529 1457 563 1488 id
587 1459 656 1496 est,
685 1457 825 1489 «Venu-

130 1508 214 1544 sini,
241 1506 437 1546 municipes
460 1507 546 1545 mei,
579 1515 635 1538 me
660 1505 823 1538 laudibus

131 1555 380 1594 celebrabunt,
404 1557 443 1586 ut
454 1556 608 1596 primum
622 1558 762 1597 poetam
774 1555 825 1596 ly-

130 1607 243 1638 ricum
268 1606 462 1637 Latinum.»
502 1605 621 1637 Natale
647 1606 740 1637 enim
765 1614 825 1637 so-

129 1655 201 1687 lum
218 1655 359 1686 Horatio
390 1655 493 1686 nimis
510 1656 677 1695 angustus
694 1654 822 1695 gloriae

129 1705 206 1736 finis
223 1704 356 1735 suisset.
375 1721 411 1726 —-
427 1703 557 1744 violens]
577 1704 697 1735 Rarior
711 1704 822 1735 forma

128 1762 191 1795 pro
215 1753 384 1785 violentus.
421 1752 522 1794 Apul.
542 1754 621 1786 Met.
642 1754 672 1785 6.
692 1762 725 1794 p.
745 1753 818 1784 70¹0.

129 1803 241 1835 oud:
269 1802 420 1834 violentes
443 1811 574 1842 aquae,
601 1802 661 1833 ubi
686 1811 749 1842 ego
777 1803 821 1842 (in

127 1856 256 1885 Amore
299 1854 333 1883 ct
368 1852 536 1892 Psyche),
584 1853 667 1883 item
703 1850 822 1883 Hilde-

129 1901 262 1933 hrand:
297 1901 447 1932 nolentes.
486 1902 602 1932 Acrem
624 1903 725 1933 vocat
750 1902 819 1932 Sat.

131 1953 142 1982 Ι
161 1977 167 1989 ,
188 1953 200 1982 ΔΙ
217 1976 222 1989 ,
242 1952 294 1982 58.
322 1950 383 1982 Od.
403 1950 440 1989 4,
459 1950 499 1989 9,
519 1951 555 1981 Ξῖ
580 1952 688 1991 Longe
703 1960 823 1981 sonan-

128 2004 192 2032 tem
219 2003 317 2031 natus
347 2001 391 2030 ad
416 2000 588 2040 Aufidum,
629 2000 688 2040 qui
722 1998 820 2031 locus

129 2050 266 2090 egregie
292 2049 406 2080 firmat
435 2051 590 2080 nostram
615 2049 822 2089 interpreta—

129 2101 271 2131 tionem.
319 2098 388 2130 Csr.
440 2098 483 2129 de
522 2097 665 2135 Aulide,
716 2097 819 2129 hodie

128 2149 270 2189 Osanto,
301 2148 405 2179 etiam
423 2147 486 2179 Od.
505 2146 537 2186 4,
558 2147 615 2183 tt,
640 2148 692 2178 25
719 2146 820 2179 Silius

128 2199 165 2236 8,
185 2198 269 2229 630:
305 2198 470 2238 fundoque
494 2197 560 2227 imo
581 2197 720 2237 πικρὴ-ΙΙ
747 2206 821 2228 an—

127 2248 242 2280 helan
253 2256 267 2278 s
282 2248 426 2288 Aufidus.
443 2265 477 2268 —
493 2246 656 2288 obstrepit]
674 2246 817 2285 accolis;

128 2305 275 2338 «magno
312 2305 393 2328 cum
436 2297 551 2329 sonitu
588 2296 699 2328 undas
738 2305 820 2329 suas

128 2346 233 2379 volvit
249 2360 277 2380 ,n
303 2348 339 2377 ut
362 2347 562 2378 etiamnunc
588 2346 679 2378 facit.

171 2397 223 2427 ΙΙ.
245 2405 376 2435 pauper
393 2395 511 2436 aquae]
531 2397 704 2435 Daunum,
724 2395 821 2427 sabu-

128 2445 241 2477 losum
259 2444 400 2486 Apuliae
419 2454 538 2485 regem
553 2471 559 2484 ‚
586 2446 700 2486 ipsum
716 2448 819 2477 vocat

127 2503 307 2534 pauperem
332 2503 458 2533 aquae,
491 2504 554 2535 pro
579 2495 719 2535 regione
745 2495 819 2527 cius

129 2545 276 2585 imperio
300 2543 470 2575 subiecta.
523 2544 619 2575 ovid.
649 2545 728 2575 Met.
761 2544 817 2582 tt,

127 2594 209 2624 51οῑ
240 2594 373 2633 Iupypix
389 2594 488 2624 arida
502 2594 729 2625 DauniAm-a.
760 2595 818 2629 <De

127 2643 248 2674 Dauno
268 2643 310 2673 ct.
335 2643 455 2682 lit->nc
478 2642 519 2672 ad
545 2645 628 2675 Aen.
659 2644 711 2680 ΙΙ,
733 2642 818 2681 247.)

172 2692 223 2722 ΙΞ.
251 2693 407 2733 [manarit
428 2692 642 2732 populorum]
669 2692 820 2724 ‹vincola-

130 2749 205 2772 rum
241 2742 314 2773 eius
351 2744 481 2773 ism-tus
517 2751 575 2773 rex
613 2743 694 2779 suit,
733 2735 817 2786 ἦρξε

129 2787 267 2825 >adun
294 2791 552 2822 constructione
580 2800 715 2831 grat-va.
759 2793 819 2823 ltc-

129 2842 250 2878 ysnator
288 2842 338 2871 est
379 2839 562 2879 glossema.
627 2841 709 2872 Mirt-
746 2842 819 2873 M«,-

877 915 958 948 nich
993 917 1164 949 construit
1198 927 1264 958 qua
1298 920 1479 960 ayt-estium
1510 929 1573 960 po-

872 965 1053 1004 pulorum,
1105 966 1139 997 id
1175 968 1243 1006 est,
1292 969 1330 999 ut
1363 969 1431 1008 ait,
1482 978 1570 1010 «qua

877 1015 1067 1055 agrestium
1084 1014 1296 1056 populorum
1315 1018 1457 1058 regione
1482 1019 1573 1050 Dau-

876 1072 941 1095 nus
984 1065 1175 1104 regnavit.»
1214 1083 1249 1087 —
1297 1075 1341 1098 ex
1379 1067 1494 1098 humili
1512 1076 1574 1107 po-

875 1112 960 1153 tens]
999 1114 1090 1153 «Ego
1129 1113 1250 1146 humili
1281 1113 1359 1147 loco
1392 1118 1493 1149 natus
1517 1117 1571 1148 in-

876 1163 967 1202 genii
999 1163 1069 1194 mei
1102 1172 1168 1204 ope
1193 1163 1238 1195 ad
1263 1173 1343 1196 eam
1366 1167 1458 1197 vitae
1484 1175 1571 1198 con—

876 1211 1051 1243 dicionem
1068 1213 1229 1252 perveni,
1257 1222 1324 1254 qua
1343 1215 1427 1247 satis
1444 1214 1571 1247 nobilis

876 1270 916 1293 ac
941 1260 1019 1293 felix
1044 1262 1128 1293 mihi
1153 1271 1233 1294 esse
1259 1264 1414 1296 videor.»
1458 1266 1572 1297 Potens

875 1311 1042 1343 audacius
1076 1320 1141 1352 pro
1166 1320 1224 1351 eo,
1263 1313 1359 1352 quod
1389 1315 1442 1346 est
1476 1314 1571 1355 apud

875 1359 1063 1393 Salustium
1101 1361 1185 1401 (Cat.
1223 1362 1289 1402 53.)
1325 1363 1369 1394 de
1409 1364 1565 1396 Catone:

874 1411 985 1441 clarus
1045 1414 1143 1450 atque
1203 1420 1348 1452 maqnus
1402 1413 1564 1453 habetur,

875 1460 1036 1500 quamvis
1060 1460 1135 1491 sine
1160 1461 1304 1492 externa
1328 1462 1495 1502 potentia.
1530 1463 1571 1494 Et

874 1516 1020 1549 prorsus
1046 1509 1096 1540 sic
1115 1512 1263 1548 potentes
1283 1514 1375 1542 vates
1398 1510 1482 1542 dixit
1505 1511 1567 1543 Od.

873 1558 912 1597 4,
938 1558 976 1597 8,
1002 1557 1056 1589 26.
1083 1557 1256 1590 Gloriatur
1273 1567 1357 1600 ergo
1381 1568 1442 1599 se,
1469 1560 1570 1592 tiber-

873 1608 940 1639 tino
974 1610 1091 1638 natum
1131 1611 1231 1647 patre
1267 1611 1297 1640 et
1330 1618 1365 1640 m
1411 1610 1499 1641 tenui
1535 1619 1570 1641 rc

875 1657 972 1697 (Epp.
1013 1657 1048 1695 Ι,
1088 1656 1150 1696 20,
1192 1657 1283 1697 ⁶20),
1344 1657 1389 1689 ad
1436 1660 1567 1691 tantam

872 1704 1068 1737 studiorum
1114 1704 1308 1738 claritatem
1347 1709 1565 1748 pervenisse.

873 1754 941 1785 Cir.
975 1754 1080 1786 ctiam
1108 1754 1170 1786 Od.
1190 1756 1227 1794 2,
1248 1756 1306 1794 20,
1331 1757 1368 1787 5:
1407 1758 1482 1789 Non
1510 1767 1568 1799 eqo

867 1812 1058 1843 pauper-mn
1098 1804 1243 1845 Sanguis
1277 1810 1460 1845 parentam
1499 1808 1565 1839 cet.

874 1854 1029 1894 propert.
1050 1854 1088 1891 2,
1116 1854 1168 1893 1¹0,
1197 1855 1230 1886 ΙἸ
1253 1865 1258 1885 :
1285 1856 1403 1897 Surge,
1430 1857 1566 1895 anima,

871 1911 914 1933 eac
935 1902 1050 1933 humili
1073 1903 1139 1933 cet.
1193 1902 1310 1943 (Recte
1338 1907 1475 1947 accepit
1498 1907 1566 1938 iam

870 1953 1031 1983 Petrarca
1063 1952 1094 1982 in
1132 1952 1192 1992 Ep.
1230 1953 1275 1984 ad
1309 1955 1494 1987 Horatium
1529 1965 1564 1987 v.

871 2001 913 2032 5:
952 2002 1053 2039 Quem
1075 2002 1210 2041 sumpsit
1229 2004 1409 2042 proprium
1436 2005 1568 2044 Thybris

872 2049 914 2080 ab
936 2050 1077 2090 Aufido,
1114 2068 1131 2073 -
1168 2069 1186 2074 -
1227 2052 1294 2083 Nec
1315 2053 1446 2092 fuscam
1469 2058 1568 2095 atque

870 2099 1023 2130 hmnilem
1044 2100 1165 2138 sprevit
1188 2101 1358 2141 originem.
1391 2103 1567 2136 Bentleius

872 2150 991 2179 contra
1035 2148 1078 2179 dc
1124 2150 1247 2181 Dauno
1294 2151 1563 2193 interpretatur,

873 2198 951 2237 «qui
996 2197 1163 2238 (illyricae
1191 2200 1302 2239 gentis
1342 2199 1456 2233 clarus
1497 2203 1562 2241 vir,

871 2249 1012 2278 auctore
1059 2248 1179 2286 chto3
1239 2249 1300 2280 csr.
1339 2250 1402 2281 Od.
1437 2251 1474 2288 Ι,
1508 2252 1561 2292 ⁶22,

873 2295 937 2336 ΙΙ.)
973 2297 1107 2337 primus
1136 2297 1231 2339 apud
1255 2298 1384 2339 Apulos
1417 2309 1563 2340 regnum

872 2346 1079 2387 capessivit,
1117 2348 1151 2378 et
1177 2348 1325 2388 proinde
1356 2358 1397 2380 cx
1422 2347 1564 2383 homine

872 2396 1005 2436 privato
1023 2397 1199 2439 princeps,
1232 2407 1274 2429 ex
1299 2398 1417 2430 exsule
1443 2401 1565 2440 tyran-

872 2454 960 2483 nus,
997 2456 1039 2478 ea:
1061 2447 1175 2479 humili
1195 2452 1311 2487 potens
1339 2451 1392 2480 est
1417 2449 1562 2482 factus.»

870 2495 961 2533 Sed,
989 2498 1023 2527 ut
1049 2498 1245 2537 taceamus,
1278 2498 1437 2539 spiritus,
1475 2508 1563 2540 quos

870 2545 975 2576 sumit
993 2546 1153 2579 lloratius
1176 2557 1240 2588 per
1265 2551 1375 2580 totum
1399 2549 1465 2579 lio‹⁸
1483 2558 1562 2579 car-

871 2603 970 2633 men,
1011 2594 1111 2636 longe
1138 2596 1261 2628 melius
1286 2598 1474 2628 convenire
1500 2607 1564 2629 no-

871 2646 963 2676 strae
989 2646 1212 2686 expositioni,
1252 2646 1304 2678 vel
1330 2646 1456 2687 duplex
1482 2646 1563 2679 ἐπί-

871 2693 981 2725 θετον
1006 2695 1062 2726 uni
1090 2696 1208 2727 Dauno
1233 2696 1352 2727 (latum
1370 2699 1561 2737 argutoque

870 2739 1077 2783 ἀντίθεσις,
1126 2753 1216 2784 (μιειυ
1264 2744 1343 2776 inde
1394 2746 1558 2781 nascitur,

871 2795 970 2833 poeta
1004 2794 1119 2825 minus
1143 2793 1243 2832 «ligna
1271 2793 1371 2825 nobis
1395 2796 1489 2825 certe
1517 2796 1562 2826 vi-

871 2842 983 2873 detur.
1044 2842 1270 2874 intolerabilis
1307 2845 1425 2876 autem
1461 2845 1558 2876 tertia
