1997 3219
346 264 362 303 4
375 266 426 303 98

849 262 1015 292 llolm'l'li
1055 261 1274 293 izAlelNUM

570 366 680 417 Quid
714 366 817 406 mori
851 364 1028 406 cessas?
1060 365 1194 406 Potes·
1215 362 1294 405 hac
1326 362 1378 404 al)
1410 376 1514 403 ‹in‘iw

575 445 808 488 Peniliilum
840 459 946 486 zona
977 444 1085 486 bene
1118 451 1157 485 te
1189 450 1335 485 secuta

738 525 930 568 Lacdere
961 524 1128 567 collum.

1732 524 1783 561 61)

571 633 667 675 Sive
699 639 738 673 te
770 644 900 686 rupes
932 637 974 672 et
992 637 1125 675 acuta
1159 629 1239 671 leto

570 714 678 755 Saxa
710 711 942 768 delectant,
977 724 1055 765 age
1088 717 1126 751 te
1161 708 1375 765 procellae

571 792 707 835 Crede
738 791 897 840 veloci,
930 791 1010 833 nisi
1041 790 1174 832 herile
1205 790 1338 832 mavis

739 873 925 928 Carpere
956 884 1157 927 pensum,

570 978 726 1034 Regius
758 977 950 1034 sanguis,
985 976 1271 1031 dominaeque
1304 975 1411 1016 tradi

570 1058 782 1101 Barbarae
813 1057 965 1114 pellex„

1734 976 1786 1014 {55

1025 1055 1182 1098 Aderat
1211 1054 1404 1111 querenti

433 1185 485 1216 59.
505 1185 556 1215 (30.
591 1186 700 1214 secula
725 1191 741 1214 e
764 1183 775 1215 sl
799 1182 901 1213 bidei-e
923 1189 1003 1212 cum
1022 1180 1276 1220 «quibusdam»
1295 1179 1405 1211 Codd.
1433 1180 1591 1211 Lambini
1609 1183 1643 1211 et
1668 1181 1743 1211 Mu-

390 1236 466 1266 reto
484 1233 592 1266 Bentl.
615 1250 649 1255 —
667 1233 718 1264 62.
739 1232 891 1264 delectent
907 1232 944 1262 B.
964 1231 1043 1270 (non
1061 1229 1154 1267 bSe.)
1172 1245 1206 1250 —
1225 1229 1276 1259 63.
1296 1229 1374 1260 erile
1390 1230 1425 1260 B.
1445 1246 1480 1251 —
1497 1230 1548 1261 66.
1564 1229 1687 1269 paelei:
1705 1231 1739 1260 Β,

351 1347 473 1377 «Pater
508 1346 604 1386 ipse,
646 1352 863 1385 quamquam
898 1341 1039 1379 absens,

347 1395 431 1427 mihi
467 1395 596 1425 instare
624 1394 764 1425 videtur
792 1395 896 1433 atque
928 1392 1042 1431 impe—

348 1453 445 1483 rare,
497 1445 535 1474 ut
570 1444 723 1474 mortem
766 1450 917 1482 propere
958 1440 1041 1471 mihi

349 1494 601 1525 consciscam.»
648 1492 758 1523 Patris
791 1498 937 1522 saevum
971 1489 1042 1521 ius-

349 1551 449 1581 sum,
490 1541 586 1582 quod
610 1541 676 1573 sibi
700 1541 818 1580 fingit,
855 1548 920 1580 per
943 1534 1041 1569 ἁπο-

346 1587 522 1636 στροφὴν
557 1590 600 1621 ad
636 1591 751 1621 semet
783 1589 895 1629 ipsam
928 1588 1039 1619 essert.

347 1640 535 1681 Sequentia
550 1640 666 1672 statim
685 1648 790 1670 verae
807 1636 1042 1679 μονολογὶας

346 1689 496 1721 formam
530 1689 697 1726 induunt,
752 1696 819 1719 nec
853 1695 937 1718 vero
972 1685 1041 1717 ullo

344 1738 451 1770 modo
475 1738 625 1778 Agenori
650 1736 755 1768 tribui
779 1737 938 1777 possunt.
986 1735 1041 1766 Sic

346 1789 453 1820 etiam
475 1786 632 1819 Neobule
663 1786 726 1817 Od.
753 1786 788 1824 3,
825 1786 876 1816 422.
918 1793 1041 1816 secum

345 1838 419 1878 ipsa
454 1835 608 1876 loquitur
635 1843 700 1876 per
729 1833 924 1866 secundam
958 1842 1042 1874 per—

345 1893 480 1917 sonam.
531 1885 698 1916 Ceterum
724 1883 785 1915 cfr.
812 1882 893 1914 Iliae
918 1882 1040 1914 similis

346 1933 469 1975 culpae
504 1942 586 1964 reae
622 1932 774 1964 lamenta
810 1931 903 1973 apud
939 1929 1036 1963 Ovid.

345 1985 422 2015 Am.
450 1982 486 2021 3,
514 1983 550 2021 6,
578 1982 636 2013 7:32
664 1983 688 2012 O
710 1982 840 2013 utinam
862 1990 935 2012 mea
959 1981 1042 2013 lecta

344 2033 452 2073 forent
485 2032 663 2071 pan-toque
699 2032 848 2071 sepulcro
886 2031 1039 2070 Condita,

347 2083 424 2113 ctum
442 2084 598 2121 poterant
620 2081 759 2121 viminis
783 2090 855 2112 ossa
879 2081 965 2121 [ε’-ρι’]
989 2099 1007 2104 -
1022 2101 1042 2106 -

347 2132 432 2170 Ouid
447 2130 584 2162 moror?
600 2140 638 2162 en
655 2130 766 2171 (liquis
781 2130 933 2171 clesifflmr
949 2130 1043 2162 adul-

346 2184 418 2212 tera
440 2180 538 2221 volgi.

390 2230 506 2262 58-60.
533 2230 574 2261 ab
590 2230 682 2271 orno]
703 2231 893 2261 Construe:
916 2230 1043 2269 pendu-

346 2280 414 2311 lum
438 2279 478 2310 ab
502 2288 601 2316 orne,
628 2288 713 2318 non,
740 2281 777 2310 ut
802 2278 873 2317 alii⁷
901 2287 919 2309 a
941 2288 1038 2310 zona.

348 2329 402 2359 Sic
437 2327 637 2369 Apollonius
672 2327 824 2359 Rhodius
858 2328 890 2358 in
922 2328 1040 2359 Cauno

348 2377 441 2418 apud
459 2377 572 2409 Parth.
588 2378 638 2408 ll.
659 2377 702 2408 de
720 2375 884 2417 Byblide:
904 2376 978 2408 Καί
994 2373 1042 2421 ῥα

348 2423 444 2457 κατὰ
470 2425 677 2465 στυτιελοῖο
701 2424 910 2471 σαρωνίόος
936 2422 1042 2458 αὐτί-

347 2485 398 2507 κα
418 2475 555 2519 μίτρην
573 2470 789 2516 Ἁψαμέιιη,
815 2472 940 2519 δειρὴν
963 2475 1042 2507 ἑνε-

349 2521 509 2566 θήκατο.
540 2543 574 2546 -
598 2524 674 2556 bene
689 2528 719 2555 le
734 2523 854 2564 sec-ula]
877 2534 965 2564 «qua
983 2534 1043 2566 op—

349 2576 514 2614 portune,
546 2573 641 2605 haud
665 2573 809 2610 frustra,
837 2574 949 2605 cincta
974 2574 1042 2606 huc

350 2623 557 2654 devenisti.»
586 2640 620 2645 —
647 2622 799 2663 Laedere]
827 2622 859 2653 li.
887 2622 907 2653 l.
928 2624 1040 2664 prima

351 2672 613 2712 significatione,
625 2671 847 2711 zei-sclilayen,
859 2672 1040 2710 quelschen,

349 2721 502 2760 lmielcen,
539 2722 577 2751 ut
606 2719 699 2761 apud
729 2721 865 2751 Lueret.
893 2721 930 2759 5,
958 2721 1039 2752 999:

350 2769 482 2800 turbida
500 2770 593 2809 ponti
616 2770 769 2809 Aequora
791 2769 961 2800 laedebant
984 2779 1043 2801 ηα-

352 2827 402 2849 res
426 2820 469 2849 ml
492 2827 579 2850 sassa
602 2819 761 2858 virosque.
791 2818 875 2849 Hine
896 2818 1041 2850 deinum

1093 1340 1245 1372 deducta
1255 1339 1406 1381 volgaris
1420 1340 1513 1371 notio
1528 1341 1674 1379 nocendi,
1690 1342 1788 1381 ossen-

1091 1390 1198 1421 dendi.
1237 1390 1301 1427 Qui
1325 1390 1529 1430 primariam
1554 1388 1663 1427 illam,
1697 1398 1786 1430 quae

1093 1438 1207 1470 elucet
1230 1438 1263 1469 in
1288 1439 1491 1478 compositis
1515 1439 1665 1477 allidere,
1695 1439 1788 1469 eolli-

1091 1489 1182 1526 dere,
1209 1487 1510 1526 elidere,.illidere,
1537 1488 1689 1526 oblidere,
1715 1487 1788 1518 sub-

1090 1537 1205 1575 lidere,
1232 1545 1301 1568 non
1318 1535 1574 1575 intelligebant,
1599 1536 1789 1568 substitue-

1091 1586 1171 1616 runt
1183 1586 1311 1623 elidere,
1327 1585 1422 1625 quod
1437 1585 1663 1626 praeferebat
1681 1586 1787 1617 etiam

1091 1635 1252 1666 Heinsius
1281 1634 1468 1666 Adversar.
1498 1644 1532 1675 p.
1564 1636 1642 1673 2148,
1681 1635 1786 1674 idque

1091 1692 1174 1715 sane
1200 1684 1266 1714 hac
1290 1684 1540 1723 significatione
1566 1683 1786 1724 frequentius

1091 1734 1143 1763 est
1177 1741 1283 1773 quam
1314 1731 1479 1772 simplex,
1516 1734 1662 1773 propter
1696 1734 1787 1764 lianc

1090 1781 1203 1821 ipsam
1242 1781 1413 1812 rationem
1451 1782 1485 1812 h.
1523 1781 1543 1812 l.
1578 1782 1785 1822 praeferen-

1091 1830 1186 1861 dum.
1209 1849 1244 1852 —
1265 1832 1430 1862 Ceterum
1452 1831 1519 1862 lioc
1536 1840 1646 1871 genus
1663 1831 1786 1863 mortis

1091 1888 1278 1911 commune
1303 1881 1336 1911 in
1361 1880 1532 1919 heroinis,
1558 1879 1653 1911 velut
1678 1881 1709 1911 in
1731 1882 1787 1912 10-

1091 1931 1203 1967 casta,
1230 1930 1418 1969 Antigona,
1445 1930 1621 1968 Phaedra,
1648 1932 1783 1969 Amata,

1090 1988 1269 2019 saepeque
1295 1980 1388 2020 apud
1417 1979 1653 2011 Parthenium.

1134 2028 1252 2059 δί’-66.
1274 2028 1348 2060 Sive
1364 2031 1393 2060 te
1410 2028 1489 2069 cet]
1511 2029 1608 2059 «Sive
1625 2029 1736 2069 magis
1752 2030 1785 2060 te

1090 2076 1243 2108 alliciunt
1266 2086 1372 2118 rupes
1398 2079 1432 2109 et
1455 2086 1536 2108 saxa
1563 2078 1615 2117 (ex
1640 2077 1785 2118 rupibus

1092 2126 1296 2166 exstantia),
1333 2128 1371 2158 ut
1400 2135 1489 2167 quae
1522 2128 1623 2158 acuta
1648 2127 1715 2158 sint
1739 2126 1785 2158 ad

1091 2175 1199 2207 letum
1234 2176 1391 2208 dandum
1431 2177 1530 2216 (quae
1566 2175 1786 2208 acuminibus

1091 2226 1162 2257 suis
1176 2225 1338 2257 celeriter
1351 2228 1500 2257 mortem
1518 2225 1688 2265 afferant),
1707 2235 1786 2267 pro-

1091 2274 1198 2306 cellae
1231 2275 1363 2316 impetu
1394 2274 1511 2306 adiuta
1547 2275 1580 2305 in
1612 2284 1785 2316 praeceps

1092 2327 1123 2356 te
1160 2324 1289 2361 deiice3
1331 2324 1394 2355 nisi
1437 2326 1490 2361 tu,
1534 2324 1627 2364 regia
1670 2325 1782 2364 virgo,

1091 2384 1192 2407 serva
1226 2374 1298 2406 fieri
1331 2374 1506 2415 praefers,
1545 2375 1599 2405 cui
1631 2374 1784 2415 quotidie

1092 2424 1135 2455 ab
1169 2425 1253 2455 hera
1286 2424 1482 2464 assignetur
1512 2432 1663 2464 pensum
1696 2424 1786 2463 (cer-

1092 2476 1164 2505 tum
1189 2473 1326 2514 pondus
1351 2472 1450 2505 lanae
1479 2474 1681 2512 caiyjendae,
1713 2474 1785 2504 tra-

1092 2522 1249 2561 hendae,
1284 2522 1440 2561 nendae,
1475 2522 1518 2553 (le
1544 2531 1612 2563 quo
1637 2520 1784 2552 molesto

1092 2572 1206 2604 ol'ficio
1222 2574 1378 2613 Propert.
1398 2572 1429 2610 3,
1449 2573 1485 2610 6,
1516 2573 1569 2604 =l5z
1597 2572 1702 2603 tristes
1723 2579 1785 2602 saa«

1088 2631 1191 2661 pensa
1220 2622 1390 2653 ministrae
1425 2620 1655 2661 Carpebant..)‚
1693 2629 1782 2660 quac

1092 2671 1230 2703 domina
1249 2670 1399 2702 barbara
1419 2672 1451 2702 te
1469 2669 1570 2703 simul
1588 2672 1624 2701 ut
1640 2677 1783 2701 exosam

1093 2721 1205 2752 mariti
1235 2719 1397 2761 pellicem
1428 2720 1598 2761 perpetuo
1627 2718 1782 2749 cruciatu

1093 2769 1230 2801 afficiet..
1259 2788 1293 2792 —
1319 2777 1418 2808 rupes
1435 2786 1453 2791 -
1471 2786 1489 2791 —
1508 2767 1618 2808 Sam]
1651 2768 1782 2798 Seneca

1093 2820 1254 2851 Controv.
1289 2819 1317 2852 l,
1353 2818 1382 2848 33.
1416 2827 1448 2857 p.
1475 2817 1526 2848 94..
1554 2817 1647 2857 Rip:
1684 2817 1784 2848 Moles
