1997 3219
292 154 371 195 “ti-0

821 155 989 186 lion-xm
1015 155 1183 188 EPODON

458 259 675 301 Iniuriosis
705 258 852 300 aridus
882 258 1017 301 ventis
1050 258 1182 306 ferar,

459 339 581 382 Cales
619 339 795 381 venenis
826 338 993 381 officina
1025 338 1245 381 Colchicis.

459 420 578 470 Quae
611 418 706 461 finis
736 426 807 461 aut
838 419 954 476 quod
985 432 1052 461 me
1086 425 1228 461 manet
1260 419 1548 475 stipendium?

458 499 622 549 Effare3
654 499 793 541 iussas
824 513 920 542 cum
955 498 1039 541 fide
1067 512 1228 554 poenas
1261 498 1394 541 luam.

459 582 636 622 Paratus
669 579 862 636 expiare,
896 593 974 622 seu
1006 579 1257 635 poposceris

377 743 428 774 38.
454 744 617 781 Paratus,
654 743 793 782 avptare
826 744 853 774 st
880 742 1069 782 poposceris
1092 742 1228 775 Centum
1251 744 1412 782 iuvencis,
1452 745 1517 776 sive
1542 746 1694 777 mendaci

334 793 409 830 lyra
447 792 537 823 Voles
569 800 706 830 sonare,
746 792 791 823 Tu
819 793 963 831 pudica,
1000 795 1036 824 tu
1062 793 1126 832 pia
1158 792 1313 824 malebat
1335 793 1511 826 Bentleius
1543 796 1577 826 in
1601 795 1689 827 Add.

336 842 466 879 (sonare
490 840 622 872 seilicet
646 851 685 877 κ,
712 850 735 878 χ
762 840 850 879 duo,
877 850 930 881 pr.
956 840 1000 879 β,
1026 843 1061 873 et
1083 841 1215 882 aliquot
1238 843 1416 879 Pottierii.)

291 990 450 1030 pretatur
474 990 721 1029 «perpetuam,
748 997 884 1028 acrem,
919 997 986 1021 non

292 1038 615 1078 languescentem.»
643 1039 771 1070 Contra
788 1038 871 1070 dicit
886 1039 990 1070 Bent-

292 1088 400 1126 leius,
425 1087 540 1128 furens
561 1087 786 1128 praeferens:
815 1089 910 1120 «Non
925 1096 990 1119 au—

293 1139 383 1175 tem,
409 1137 439 1168 si
455 1137 568 1175 aetas,
594 1136 817 1169 translatione
835 1146 854 1169 a
871 1137 989 1169 vernis

292 1185 440 1217 floribus
464 1187 623 1226 sumpta,
655 1187 764 1218 virere
786 1185 877 1218 helle
903 1186 991 1218 dici-—

294 1237 366 1272 tur,
403 1235 533 1266 idcirco
566 1236 672 1267 etlam
704 1237 861 1277 stamma,
898 1244 990 1276 quae

294 1286 367 1316 toto
399 1293 529 1324 genere
563 1284 683 1325 dispar
714 1287 801 1316 est.»
841 1285 991 1317 Hofman

294 1332 502 1374 Peerlkamp
519 1334 644 1372 virens,
671 1334 768 1374 quod
784 1343 909 1366 verum
930 1343 992 1375 pu-

295 1384 360 1420 tat,
391 1381 540 1423 explicat
565 1382 754 1423 «fulgens»,
782 1392 991 1424 comparans

296 1430 405 1462 Plaut.
425 1433 644 1464 Menaechm.
668 1434 705 1471 5,
731 1434 768 1472 2,
795 1434 852 1464 76:
895 1433 993 1465 Viden

296 1484 332 1511 ta
357 1481 402 1511 illi
426 1481 536 1512 oculos
556 1481 690 1513 virere?
717 1483 755 1512 Ut
776 1482 893 1513 viridis
911 1491 994 1513 exo-

295 1531 384 1561 ritur
428 1531 514 1562 cotos
557 1532 613 1562 Eat·
654 1531 854 1570 temporibus
895 1534 995 1569 atque

294 1580 420 1618 fronte!
448 1580 582 1611 Verum
603 1580 733 1610 rectior
753 1580 994 1620 interpretatio

297 1630 351 1660 est
374 1628 417 1659 de
442 1628 607 1660 fiammae
633 1627 826 1668 sulfureae,
852 1627 995 1669 qualem

297 1677 436 1709 exhalat
459 1678 585 1716 Aetna,
613 1677 729 1709 colore
755 1679 845 1709 inter
865 1677 994 1718 gilvum

297 1727 446 1758 viridem
465 1729 500 1758 et
524 1726 727 1758 caeruleum
756 1727 885 1759 medio.
932 1728 996 1758 Re—

296 1775 412 1816 liquae
438 1776 529 1807 duac
554 1775 721 1807 lectiones
744 1777 872 1816 partim
896 1784 995 1806 mero

299 1826 411 1857 errori
435 1824 611 1856 debentur
634 1824 773 1865 (urens),
797 1825 925 1865 partin]
942 1825 996 1855 in-

298 1873 519 1915 terpolatioui
545 1873 701 1914 (furens),
727 1882 791 1914 pro
816 1883 885 1914 qua
909 1873 997 1905 affe—

301 1924 382 1954 runt
406 1924 543 1954 Lucret.
570 1924 608 1962 2,
635 1922 717 1954 594:
754 1923 898 1954 Eximiis
918 1931 997 1954 vero

300 1974 383 2013 furit
406 1973 535 2014 iqnibus
558 1973 697 2012 impetus
719 1972 842 2004 Aetnae
865 1974 900 2004 et
918 1973 997 2004 Vir—

301 2023 356 2063 gil.
382 2024 468 2055 Aen.
496 2022 534 2061 li,
572 2022 651 2054 670:
690 2023 911 2062 flammaeque
942 2022 998 2062 szt—

300 2076 418 2104 rcntcs.
449 2073 498 2103 Ac
523 2080 628 2103 nemo
653 2072 757 2111 negat
779 2080 844 2113 per
867 2079 905 2103 se
930 2072 998 2103 hoc

303 2122 399 2153 reete
425 2121 512 2158 diei3
547 2128 672 2152 verum
700 2119 817 2152 obstat
846 2121 1000 2152 auctori-

303 2173 355 2203 tas
370 2170 480 2202 Codd.
500 2170 682 2210 antiquiss.
699 2195 704 2209 ,
732 2170 860 2210 quibus
878 2170 998 2210 utiquc

305 2219 555 2260 obtemperare
579 2219 688 2250 satius
705 2218 798 2250 (luxi.
833 2219 998 2250 Ceterum

304 2270 487 2300 construe:
513 2269 638 2300 Sicana
660 2270 798 2309 (lanima
819 2268 929 2299 virens
946 2277 1002 2299 ar-

305 2320 356 2350 det
389 2319 424 2349 in
457 2318 562 2350 Aetna
594 2318 742 2358 fervida,
785 2318 849 2349 etsi
885 2317 998 2349 Schol.

309 2368 474 2407 iungunt:
501 2367 535 2397 in
558 2367 683 2398 Sicana
705 2367 819 2398 Aetna.

350 2416 466 2448 33-36.
493 2417 593 2447 donce
607 2416 690 2447 cinis
708 2416 789 2455 cet]
810 2416 1001 2447 «Continuo

310 2475 479 2498 exercens
504 2467 597 2497 artes
624 2468 700 2497 tuas
717 2466 889 2505 magicas,
917 2467 1002 2497 tam-

310 2525 415 2556 quam
452 2516 479 2546 si
513 2516 584 2556 ipsa
611 2524 708 2547 esses
733 2515 867 2547 officina
893 2524 1002 2547 venc-

311 2573 435 2596 norurn
461 2574 604 2605 semper
620 2564 737 2597 calens
763 2566 846 2604 igni,
875 2574 944 2606 quo
962 2574 1002 2596 ca

311 2615 583 2655 praeparentur,
631 2623 688 2646 me
724 2615 898 2645 conticere
934 2623 1001 2645 non

313 2664 470 2702 ‹if-sinos,
498 2664 609 2695 donec
632 2664 718 2695 einis
743 2672 844 2695 meus
867 2664 899 2694 in
917 2672 1004 2693 ven-

315 2715 366 2743 tos
384 2712 636 2754 dispergatur.»
660 2732 693 2735 -
719 2712 899 2753 Iniuriosis]
926 2713 1003 2753 quia

1039 991 1129 1022 haec
1154 997 1293 1022 summa
1315 990 1438 1022 iniuria
1464 993 1499 1023 et
1523 992 1735 1024 contumelia

1041 1039 1114 1077 est,
1152 1039 1289 1071 cineres
1321 1040 1356 1071 in
1384 1041 1508 1072 ventos
1543 1042 1670 1081 spargi.
1701 1060 1733 1063 —

1041 1089 1134 1128 Quae
1156 1088 1242 1130 finis]
1268 1089 1341 1121 Hoc
1369 1098 1476 1121 sensu
1501 1098 1608 1131 saepe
1630 1099 1737 1122 usur-

1040 1138 1125 1178 pant
1147 1146 1226 1178 gen.
1253 1137 1371 1170 femin.
1409 1139 1479 1172 Cic.
1507 1138 1551 1170 de
1576 1141 1679 1179 Legg.
1698 1140 1737 1177 2,

1039 1187 1099 1226 22,
1119 1188 1160 1219 55
1177 1197 1182 1218 :
1209 1196 1294 1227 quae
1314 1188 1391 1229 finis
1411 1188 1559 1228 funestae
1572 1189 1733 1229 familiae.

1041 1237 1174 1268 Atticus
1197 1237 1290 1278 apud
1313 1238 1384 1269 Cic.
1410 1237 1455 1269 ad
1476 1238 1543 1269 Att.
1564 1238 1600 1276 9,
1620 1238 1678 1277 40,
1697 1238 1735 1270 t:

1042 1294 1127 1325 quae
1149 1286 1235 1317 enim
1261 1286 1337 1327 finis
1359 1286 1670 1328 pei-eyrtnationis?
1701 1304 1733 1310 —

1043 1335 1210 1376 Colchicis]
1247 1335 1414 1367 «Medeae
1443 1344 1664 1368 venenorum
1689 1336 1737 1367 si—

1042 1383 1230 1416 millimis.»
1256 1384 1318 1416 Od.
1345 1385 1383 1424 ⁶2,
1411 1384 1469 1424 43,
1498 1385 1530 1417 8.
1554 1403 1588 1408 -
1622 1386 1741 1425 stipen-

1043 1434 1145 1473 dium]
1176 1433 1390 1466 vocabulum
1414 1435 1468 1466 est
1491 1434 1667 1473 medium,
1705 1436 1743 1466 ut

1039 1484 1240 1522 praemium,
1257 1491 1380 1514 merces
1396 1493 1402 1521 ;
1421 1483 1455 1514 h.
1475 1482 1496 1514 l.
1516 1483 1619 1523 igitur
1636 1483 1743 1514 «mul-

1045 1534 1098 1571 ta,
1135 1540 1289 1572 poena»,
1316 1541 1401 1571 non,
1438 1534 1478 1564 ut
1511 1531 1566 1564 alii
1602 1531 1740 1571 volunt,

1047 1590 1156 1622 «opus
1179 1590 1315 1622 poenae
1339 1580 1418 1613 loco
1442 1582 1670 1613 iniunctum.»

1089 1630 1131 1662 38
1154 1648 1172 1653 -
1194 1630 1248 1662 40.
1289 1631 1446 1670 eoepiare]
1488 1640 1625 1671 «poena
1658 1640 1676 1662 a
1708 1632 1741 1661 tc

1046 1679 1234 1711 constituta
1257 1679 1431 1719 patienter
1455 1678 1641 1710 subeunda
1665 1678 1743 1710 lue—

1046 1736 1084 1759 re
1108 1728 1253 1768 pcccata
1282 1736 1382 1766 mea,
1423 1728 1495 1759 sive
1521 1729 1740 1768 poposceris,

1046 1778 1085 1808 ut
1107 1774 1328 1817 ἑκατόμβην
1352 1785 1417 1817 pro
1440 1775 1579 1817 piaculo
1595 1777 1741 1809 offeram

1047 1826 1137 1857 cet.»
1162 1826 1314 1864 Expiare
1347 1828 1478 1857 centum
1505 1826 1649 1857 iuvencis
1678 1827 1742 1858 etsi

1047 1884 1112 1916 per
1135 1884 1172 1906 se
1198 1875 1335 1906 rectum
1360 1876 1429 1914 est,
1457 1876 1575 1906 tamen
1599 1877 1744 1917 propter

1049 1932 1264 1956 consensum
1300 1923 1410 1955 Codd.
1445 1924 1626 1964 antiquiss.
1661 1926 1744 1956 reii-

1048 1972 1211 2004 ciendum
1232 1980 1311 2004 esse
1328 1972 1525 2004 videbatur.
1543 1991 1578 1995 —
1595 1974 1746 2005 mendaci

1047 2021 1133 2062 lyra]
1159 2021 1283 2053 Dedita
1308 2030 1414 2062 opera
1439 2022 1495 2053 hic
1513 2021 1556 2053 ab
1574 2023 1744 2067 εἰρωνείᾳ

1049 2071 1172 2103 leviter
1198 2080 1239 2102 ac
1269 2079 1380 2112 prope
1406 2070 1541 2103 occulte
1567 2072 1741 2111 discessit,

1050 2122 1088 2152 ut
1110 2121 1145 2152 in
1169 2120 1233 2152 illis
1257 2129 1289 2151 v.
1316 2121 1376 2151 20:
1403 2120 1524 2152 Amata
1547 2124 1614 2152 eet.
1640 2122 1745 2153 Nimi-

1050 2179 1130 2201 rum
1153 2170 1304 2201 mendaci
1328 2170 1405 2208 lyra
1429 2169 1593 2210 ambigue
1618 2170 1746 2211 signifi—

1051 2219 1107 2251 cat
1131 2219 1165 2250 et
1189 2227 1278 2259 quac
1303 2220 1384 2250 ante
1414 2219 1537 2260 (Epod.
1563 2220 1607 2259 5.)
1644 2228 1746 2251 inen-

1051 2269 1111 2300 tita
1142 2269 1219 2299 crat
1247 2268 1281 2298 in
1311 2267 1511 2299 infamanda
1537 2268 1679 2300 Canidia
1711 2271 1745 2300 et

1052 2326 1142 2358 quac
1167 2317 1358 2349 mentietur
1381 2326 1461 2349 eam
1492 2316 1678 2349 laudando.
1708 2336 1740 2341 —

1051 2367 1177 2407 sonari]
1202 2368 1242 2400 Ut
1258 2364 1365 2409 ἠχεῖν
1390 2366 1506 2408 (Soph.
1525 2367 1647 2399 Tracli.
1667 2367 1743 2399 865.

1052 2417 1198 2449 Theoer.
1232 2417 1269 2454 2,
1298 2416 1360 2448 36:
1415 2413 1460 2447 τὸ
1501 2414 1661 2454 χαλκίον
1695 2412 1747 2455 (ὃς

1053 2463 1171 2505 τάχος
1205 2460 1303 2503 ἄχει.
1352 2465 1586 2497 Pseudanacr.
1615 2466 1649 2502 4,
1681 2465 1743 2504 4.).

1053 2514 1145 2555 apud
1164 2515 1285 2555 poetas
1303 2514 1479 2545 transitive
1499 2513 1582 2554 (Tib.
1599 2515 1628 2553 4,
1645 2514 1675 2552 3,
1692 2514 1743 2545 60.

1055 2563 1151 2595 Oxid.
1190 2564 1269 2595 Met.
1312 2564 1368 2597 40,
1405 2563 1491 2594 ⁶205:
1533 2566 1562 2594 te
1595 2563 1745 2594 carmina

1054 2616 1167 2644 nostra
1184 2612 1377 2653 sonabunt),
1404 2613 1438 2643 et
1454 2612 1604 2652 passive,
1624 2614 1661 2643 ut
1677 2612 1742 2642 liic.

1060 2681 1093 2685 —
1113 2661 1304 2703 thpmlica]
1324 2662 1449 2693 «hasce
1467 2660 1589 2693 laudes
1607 2660 1666 2692 tibi
1686 2661 1745 2691 tri-

1056 2711 1163 2743 buain
1180 2712 1283 2752 atquc
1302 2711 1345 2743 ad
1368 2709 1504 2743 caeluni
1521 2712 1552 2742 te
1568 2710 1745 2742 etl'eram.›·»
