1997 3219
296 131 376 173 600

633 234 769 277 Findit
797 234 982 291 Aprilem
1000 269 1006 283 ‚

795 132 962 164 llORATIl
988 132 1210 165 CARMINUM

518 343 612 384 lure
643 340 859 383 sollemnis
890 340 989 382 mihi
1021 340 1292 397 sanctiorque

516 423 657 464 Paene
692 421 816 463 natali
847 415 1048 477 proprio,
1081 420 1198 477 quod
1229 434 1282 463 ex
1315 421 1393 464 hac

521 503 631 544 Luce
662 502 886 544 Maecenas
916 515 1037 544 meus
1070 500 1308 544 adfluentes

629 581 808 625 Ordinat
839 595 984 624 annos.
1678 585 1729 625 ΞΟ

516 686 767 744 Telephum,
801 701 928 744 quem
960 694 1003 729 tu
1034 688 1165 744 petis,
1199 688 1423 744 occupavit

516 769 608 810 Non
638 774 735 810 tuae
767 769 892 810 sortis
924 768 1121 810 iuvenem
1152 768 1293 825 puella

517 848 646 890 Dives
677 856 718 890 et
748 847 906 891 lasciva
935 855 1137 905 tenetque-
1168 857 1285 905 grata

640 929 856 985 Compede
887 929 1085 971 vinctum.

519 1035 663 1076 Terret
695 1034 915 1077 ambustus
945 1034 1163 1077 Phaethon
1194 1048 1344 1077 avaras
1680 1037 1732 1077 *255

384 1178 435 1209 49.
462 1178 627 1219 affluentis
648 1178 712 1210 BT.

298 1303 387 1334 sisse
419 1301 609 1333 ferebatur.
651 1301 720 1333 Cfr.
753 1302 861 1333 Varro
890 1302 926 1333 L.
952 1302 989 1333 L.

299 1353 336 1388 6,
358 1351 410 1383 33.
438 1351 495 1383 ed.
507 1350 598 1383 Miill.
614 1351 769 1383 Macroh.
786 1352 854 1382 Sat.
872 1352 884 1382 4
903 1376 909 1389 ,
926 1351 965 1382 42
982 1360 988 1381 :

295 1400 389 1432 Hane
423 1401 551 1432 Romuli
583 1401 682 1441 fuisse
705 1404 857 1432 asserunt
884 1401 992 1431 ratio—

295 1459 391 1489 nem,
427 1453 463 1481 ut
484 1450 631 1489 primum
655 1450 783 1488 quidem
806 1458 948 1480 mensem
971 1458 992 1480 a

292 1503 391 1539 patre
406 1508 463 1530 sico
475 1500 602 1537 Marte,
621 1500 797 1530 secundum
810 1498 850 1529 ab
867 1498 993 1530 Aeneae

295 1552 404 1579 matre
430 1549 548 1580 Venere
574 1549 689 1588 [quasi
713 1548 757 1579 ab
782 1544 907 1593 ἀφρῷ)
930 1557 993 1578 ηο-

298 1598 452 1629 minaret.
501 1598 611 1628 Varro
635 1596 656 1628 l.
688 1596 734 1628 l.:
774 1598 882 1637 magis
910 1600 992 1635 puto

300 1648 444 1686 dictum„
494 1647 579 1686 quod
614 1655 671 1678 cer
705 1647 815 1677 omnia
861 1646 990 1685 aperit,

298 1696 454 1736 Aprilem.
505 1696 671 1727 Ceterum
700 1695 743 1726 de
771 1694 896 1735 Apellis
921 1695 992 1725 Ve-

297 1755 381 1777 nere
418 1746 551 1776 marina
583 1754 615 1775 v.
643 1744 783 1784 elegans
818 1744 991 1776 Leonidae

297 1796 374 1826 Tar.
393 1795 507 1835 Epigr.
526 1794 628 1825 Anth.
649 1793 716 1824 Pal.
746 1795 784 1825 ΙΙ.
804 1803 837 1834 p.
858 1794 932 1825 680.
953 1811 987 1816 —

297 1844 417 1882 Findil]
447 1843 626 1880 «dividitnss,
658 1844 693 1873 ut
719 1843 834 1883 ipsum
858 1852 891 1874 v.
918 1844 993 1874 Idus

300 1892 525 1924 deducebant
550 1892 593 1922 ab
612 1893 753 1932 antiquo
772 1892 882 1923 verbo
900 1893 995 1923 idua-

299 1951 353 1979 re,
380 1942 414 1973 id
441 1943 516 1980 est,
559 1942 712 1973 (lividere.
740 1942 894 1973 Macrob.
922 1943 990 1973 Sat.

300 1993 311 2023 4
331 2017 337 2031 ,
367 1992 417 2023 45.

344 2042 382 2072 47
399 2059 418 2064 -
434 2041 485 2072 ³20.
523 2041 751 2080 sanctiorque]
788 2039 910 2071 Tibull.
950 2040 990 2079 4,

299 2092 336 2130 5,
364 2092 376 2122 l
399 2100 405 2121 :
449 2091 511 2129 Qui
534 2090 612 2121 mihi
635 2094 688 2129 ce,
727 2091 893 2127 cleanthe,
929 2091 995 2121 dies

301 2141 408 2179 dedit,
445 2140 496 2170 hic
527 2140 607 2170 milii
631 2143 762 2170 sanctus
784 2140 888 2179 Atque
912 2140 995 2170 inter

299 2190 396 2230 festos
411 2198 535 2228 semper
550 2189 715 2220 habendus
730 2190 801 2220 eril.
824 2208 859 2211 —
877 2189 992 2230 Paene]

302 2242 387 2271 «Pro
434 2239 632 2270 adulatione
668 2240 807 2270 vitanda
842 2240 992 2280 posuit.»

302 2290 424 2320 Acium.
463 2289 542 2320 Sine
568 2298 671 2321 causa
690 2288 893 2320 scholastici
911 2298 996 2320 non-

302 2337 383 2369 nulli
419 2339 484 2369 hoe
520 2340 701 2378 tamquam
735 2337 844 2377 lyrico
875 2339 994 2378 generi

302 2387 417 2419 minus
443 2388 656 2418 conveniens
680 2387 933 2427 vituperarunt.
956 2407 991 2410 -

303 2436 460 2477 Ordinat]
499 2439 545 2468 «A
576 2437 689 2477 primo
721 2436 776 2467 die
802 2446 865 2467 suo
892 2437 994 2468 natali

304 2494 450 2517 exorsus
479 2486 663 2517 Maecenas
692 2494 801 2516 annos
833 2494 916 2517 suos
941 2487 995 2526 af-

303 2537 455 2575 fluentes,
497 2536 627 2568 sensim
661 2535 726 2567 sibi
761 2537 995 2568 succedentes

306 2586 337 2615 et
364 2593 514 2623 quorum
550 2594 696 2617 numero
728 2594 832 2625 quani
857 2585 994 2626 plurimi

307 2634 389 2673 opio
406 2634 592 2673 accedant,
619 2634 741 2665 ordine
760 2637 954 2666 numerat.»

350 2683 385 2714 2¹
408 2701 424 2705 —
442 2683 492 2715 ¹24.
524 2684 706 2724 Teleplimn]
745 2684 841 2715 Idem
868 2693 995 2716 nomen

1040 1302 1201 1343 poeticae
1224 1310 1400 1343 personae
1425 1302 1486 1335 Od.
1511 1303 1524 1334 4
1543 1328 1549 1341 ,
1570 1303 1622 1334 «13.
1650 1304 1685 1335 et
1701 1304 1732 1342 3,

1043 1352 1114 1390 49„
1151 1351 1244 1383 unde
1275 1360 1400 1392 magna
1432 1353 1468 1383 et
1497 1351 1624 1384 inutilis
1649 1361 1736 1384 con-

1041 1401 1214 1433 troversia
1237 1401 1327 1432 inter
1357 1401 1590 1433 scholasticos
1615 1404 1734 1434 exorta

1043 1451 1118 1488 est,
1155 1453 1275 1481 utrum
1302 1459 1392 1482 unus
1422 1451 1588 1491 idemque
1613 1452 1732 1490 fuerit,

1042 1508 1084 1530 an
1110 1499 1201 1538 duo,
1235 1508 1278 1531 an
1304 1504 1374 1531 tres
1400 1500 1551 1537 diversi3
1590 1501 1734 1540 quidam

1042 1557 1084 1579 eo
1109 1549 1214 1580 etiam
1239 1549 1406 1580 audaciae
1430 1558 1640 1590 progressus
1666 1551 1731 1584 est,

1041 1599 1079 1628 ut
1095 1597 1287 1638 Telephum
1310 1606 1373 1637 pro
1398 1598 1477 1629 fieta
1502 1606 1653 1638 persona
1672 1599 1736 1629 ha-

1042 1646 1154 1677 beret.
1196 1646 1361 1677 Ceterum
1386 1646 1628 1679 acerbioribus
1653 1656 1736 1679 sen-

1042 1694 1191 1726 tentiolis
1222 1703 1379 1734 pungere
1403 1695 1597 1735 Phyllidem
1629 1705 1737 1728 cona—

1043 1746 1116 1782 tur,
1150 1753 1219 1784 quo
1251 1743 1393 1784 Telephi
1422 1744 1568 1776 tandem
1591 1744 1736 1777 oblitam

1043 1793 1087 1824 ad
1111 1802 1148 1825 se
1173 1793 1288 1825 solum
1313 1794 1503 1825 amandum
1527 1794 1680 1826 inducat.
1699 1814 1734 1818 —

1042 1843 1232 1882 occupavit]
1291 1844 1344 1873 «te
1388 1844 1621 1883 praeveniens
1671 1845 1737 1876 sibi

1044 1891 1272 1923 conciliavit.»
1301 1910 1336 1914 —
1365 1892 1439 1923 Non
1463 1895 1538 1924 luae
1561 1894 1658 1924 sortis
1680 1895 1735 1925 izc—

1042 1942 1163 1980 venemw]
1196 1941 1431 1973 «condicionis
1461 1940 1562 1982 longe
1587 1942 1737 1974 nobilio-

1046 1991 1110 2028 ris,
1148 2000 1188 2021 ac
1220 1992 1252 2021 te
1278 1990 1464 2028 ditiorem3
1507 1992 1605 2023 cuius
1635 1993 1738 2032 igitur

1044 2048 1203 2071 amorem
1228 2040 1287 2071 tibi
1304 2039 1460 2080 polliceri
1477 2049 1656 2081 nunquam
1674 2041 1738 2073 de-

1044 2089 1190 2120 heims.»
1216 2089 1270 2120 Sic
1295 2090 1389 2120 enim
1414 2090 1534 2130 iunge,
1561 2099 1630 2121 non
1655 2098 1735 2121 cum

1044 2138 1231 2170 Lambinot
1272 2148 1335 2169 non
1369 2142 1445 2170 tuae
1477 2140 1574 2170 sortis
1599 2140 1736 2178 puella,

1045 2189 1126 2220 «tibi
1150 2187 1251 2219 valde
1277 2187 1452 2219 dissimilis
1477 2187 1577 2227 loco⁷
1604 2198 1655 2227 re,
1682 2198 1740 2228 ge-

1045 2247 1150 2275 nere,
1177 2238 1306 2278 quippe
1331 2238 1452 2268 dives.»

1282 2287 1409 2327 Terret]
1461 2287 1599 2327 «Atque
1637 2288 1736 2327 copia

1044 2337 1143 2369 adest
1167 2334 1431 2376 exemplorum,
1473 2344 1563 2375 quae
1588 2336 1740 2376 graviter

1045 2395 1108 2418 nos
1133 2387 1322 2423 moneant,
1359 2387 1396 2416 ut
1429 2394 1468 2416 ea
1494 2385 1737 2417 tantummodo

1045 2437 1234 2473 sectemur,
1253 2434 1381 2475 quibus
1398 2434 1490 2465 vires
1507 2434 1738 2474 fortunaeque

1046 2487 1185 2517 nostrae
1202 2493 1306 2525 pares
1327 2484 1410 2520 sint}
1437 2483 1541 2514 veluti
1560 2484 1737 2515 Phaethon

1047 2536 1100 2567 ille
1114 2561 1119 2574 ,
1146 2535 1287 2576 (τυπεὶς
1304 2531 1398 2579 πρὸς
1415 2534 1553 2579 στέρνα
1568 2532 1735 2577 κεραυνῷ

1088 2288 1128 2319 Ξΐ)
1145 2305 1162 2309 -
1180 2287 1230 2318 27.

1040 2582 1223 2626 ΓΗμιόαὴς
1253 2584 1410 2616 Φαέθων
1442 2583 1550 2624 Apoll.
1572 2583 1679 2615 Rhod.
1699 2582 1730 2617 4,

1047 2634 1135 2674 507.)
1163 2635 1220 2674 qui
1245 2634 1413 2665 ambustas
1437 2632 1616 2670 incendio,
1643 2631 1736 2671 quod

1048 2693 1111 2724 per
1135 2683 1270 2715 caelum
1297 2683 1472 2720 excitavit,
1505 2682 1535 2713 et
1563 2681 1650 2712 lovis
1673 2680 1738 2712 sul-
