1997 3219
656 196 732 227 ΜΒ.
761 196 812 227 lv.
862 197 898 227 c.
926 197 1008 227 vui.
1559 194 1631 236 581

366 298 551 339 Ornatus
583 298 709 340 viridi
741 306 933 355 tempora
964 300 1163 356 pampino

364 376 492 420 Liber
523 385 619 420 vota
652 378 788 421 bonos
820 378 935 422 ducit
966 379 1018 421 ad
1051 379 1199 422 exitus.

279 495 331 526 36.
357 495 454 526 ‹lm-it
478 496 537 527 Bd.

194 598 309 645 τῆρας
331 596 494 642 ἔχοντες.
525 621 559 625 -
580 603 757 642 pampino]
788 603 893 634 Simi-
941 611 1082 643 quoque
1124 612 1165 635 ex
1205 602 1343 635 mortali
1378 603 1466 635 deus
1503 603 1635 637 sactus,

191 648 269 681 liter
292 651 360 682 iam
384 651 446 682 Od.
480 652 516 691 3,
536 652 594 691 ⁵25,
614 653 678 684 20:
706 652 892 692 Cinyeiztem
941 654 978 683 ut
994 653 1119 692 poetae
1138 653 1341 684 cecinerunt
1363 653 1434 693 (Od.
1455 652 1486 692 3,
1505 652 1536 692 3,
1557 652 1635 692 43),

192 699 291 729 viridi
320 703 469 739 tempora
494 701 670 740 pampino,
708 700 802 732 unde
834 700 890 732 hic
938 702 1021 732 votis
1057 701 1218 733 homines
1253 702 1389 733 danmat
1426 702 1528 742 (Virg.
1564 700 1634 733 Ecl.

193 749 225 779 in
242 749 479 790 suspicionem
497 750 668 782 adductus
688 752 741 782 est
766 758 890 782 versus
939 751 973 789 5,
1010 750 1100 791 80.),
1150 752 1312 782 votorum
1358 760 1418 784 eos
1455 752 1637 792 compotes

195 798 300 829 etiam
325 798 369 829 ab
395 799 596 830 Hermanno
627 800 661 830 et
693 799 892 831 Lachman-
937 800 1087 832 reddit.»
1127 802 1239 841 Atque
1280 797 1369 840 θεὸς
1413 797 1543 846 σωτὴρ
1583 803 1636 833 est

191 856 246 878 no.
274 847 342 879 Sed
359 849 453 879 omni
471 848 625 888 epitheto
647 857 768 879 carere
786 848 890 880 Liber
939 850 1158 891 Lycophroni
1183 850 1256 881 206.

193 895 226 926 h.
255 895 274 926 l.
303 897 357 927 vix
387 899 513 937 potest.
555 915 589 919 —
639 897 750 938 Liber]
791 899 885 939 «ipse

667 1127 1150 1183 ssxcunsu's

817 1234 1004 1264 Anv.l7.

277 1312 348 1343 Non
375 1313 544 1352 incendia]
582 1311 716 1353 Duplici
741 1313 967 1345 excusatione
993 1314 1073 1353 eget
1102 1313 1158 1344 hic
1181 1312 1398 1353 versiculus,
1436 1315 1590 1356 primum
1614 1324 1633 1346 a

191 1376 358 1405 caesura,
387 1376 492 1409 quam
516 1367 783 1408 pessumdatam
809 1368 929 1400 dicunt
953 1369 1164 1400 necessitate
1189 1370 1338 1401 nominis
1363 1371 1511 1411 proprii,
1539 1371 1635 1411 quod

193 1422 293 1454 aliter
327 1432 451 1455 versus
486 1432 555 1455 non
591 1424 804 1464 recepisset;
852 1423 980 1456 deinde
1015 1425 1053 1455 ut
1089 1425 1240 1456 incendia
1285 1425 1554 1465 «generaliter»,
1596 1428 1634 1457 ut

191 1479 308 1516 aiunt,
350 1480 402 1509 «et
434 1479 591 1519 poetice»
629 1479 846 1520 accipiantur
879 1488 942 1520 pro
967 1478 1124 1511 cladibus
1162 1480 1211 1519 (ut
1234 1482 1319 1511 Aen.
1358 1481 1394 1519 ’1,
1421 1481 1507 1513 566:
1548 1482 1633 1513 taini

190 1534 341 1565 incendia
375 1534 469 1573 belli,
511 1535 615 1574 atque
651 1535 812 1575 opinatus
845 1536 899 1567 cst
932 1535 1105 1574 Bottiger,
1146 1535 1297 1566 Ennium
1322 1535 1469 1567 sortasse
1503 1535 1631 1568 alicubi

189 1589 404 1629 Karthaginis
429 1588 548 1620 clades
573 1588 861 1630 calamitatesque
885 1598 1031 1622 vocasse
1057 1590 1131 1622 eius
1155 1590 1334 1632 incendia.)
1374 1590 1429 1623 vel
1455 1592 1561 1623 etiam
1586 1592 1630 1623 de

187 1644 277 1676 binis
311 1645 434 1676 castris
459 1644 629 1685 Syphacis
661 1646 696 1675 et
720 1644 947 1677 Hasdrubalis
978 1654 996 1677 a
1021 1646 1181 1686 Scipione
1206 1646 1358 1678 incensis
1385 1647 1468 1687 (Liv.
1498 1647 1557 1685 30,
1584 1647 1629 1687 5.)

188 1701 424 1741 crematisqu'e
449 1700 788 1740 Karthaginiensium
813 1702 853 1732 D.
881 1700 1028 1732 navibus
1055 1701 1136 1740 (Liv.
1163 1700 1222 1740 30,
1249 1700 1339 1741 43,)‚
1374 1702 1518 1734 minime
1541 1711 1627 1734 vero

190 1756 259 1796 (qui
284 1755 449 1787 ridiculus
474 1755 562 1787 soret
587 1764 705 1794 error,
733 1757 858 1796 poetae
881 1765 1061 1797 nunquam
1084 1756 1321 1797 imputandus)
1349 1757 1392 1788 de
1418 1758 1628 1797 Karthagine

186 1820 204 1841 a
229 1811 388 1851 Scipione
412 1810 573 1842 Africano
605 1811 741 1843 minore
772 1812 914 1843 incensa
945 1813 1050 1852 atque
1081 1812 1207 1843 excisa.
1256 1813 1378 1852 Neque
1410 1821 1496 1844 vero
1531 1812 1628 1844 clan-

187 1865 323 1904 culum,
351 1867 388 1897 ut
411 1867 456 1897 ita
481 1866 596 1897 dicam
613 1891 619 1904 ‚
646 1866 775 1898 intrudi
791 1868 907 1907 potest
925 1867 1038 1907 Scipio
1056 1867 1187 1905 minor,
1215 1869 1252 1898 ut
1271 1868 1350 1908 post
1367 1867 1576 1900 Glareanum
1595 1870 1629 1900 et

187 1923 381 1953 Gesnerum
407 1922 536 1953 sactum
561 1921 662 1953 video
688 1922 793 1953 etiam
817 1931 835 1952 a
862 1931 996 1963 nupero
1022 1923 1234 1962 interprete:
1266 1924 1475 1963 «Poterat»,
1502 1924 1625 1964 inquit,

188 1979 310 2018 «poeta
329 1978 361 2009 in
379 1978 433 2009 his
451 1986 580 2009 nomen
597 1977 766 2017 Scipionis
784 1985 910 2017 urgere
937 1978 971 2008 ct
994 1976 1131 2009 silentio
1156 1978 1348 2017 praeterire
1365 2003 1371 2017 ,
1398 1979 1491 2018 quod
1517 1980 1630 2010 iunior

186 2032 330 2064 demum
355 2033 468 2074 Scipio
486 2032 731 2072 Karthaginem
763 2032 924 2064 incendio
942 2031 1145 2063 deleverit.»
1194 2033 1294 2064 Haud
1311 2033 1439 2073 magis,
1467 2043 1556 2074 quac
1574 2035 1628 2066 cst

186 2088 330 2120 Get-heri
360 2089 532 2120 sententia
557 2087 601 2119 ab
627 2096 670 2119 eo
695 2090 748 2119 ter
770 2087 969 2129 prolium),
1000 2089 1100 2127 Eius,
1126 2088 1216 2127 qm'-
1232 2106 1250 2110 —
1272 2089 1369 2119 rediit
1394 2097 1459 2130 pro
1483 2088 1628 2121 alicuius

186 2143 366 2176 domitoris
400 2144 535 2175 Africae
571 2144 650 2174 ficta
687 2143 805 2175 nescio
841 2152 908 2183 qua
945 2151 1094 2183 persona
1127 2143 1248 2174 haberi
1278 2145 1411 2184 potest,
1454 2153 1535 2176 cum
1561 2145 1628 2176 hoc

186 2201 279 2230 vetet
304 2201 338 2230 et
373 2198 576 2230 indicativus
608 2199 705 2230 rediit
727 2201 761 2230 ct
787 2200 861 2240 ipsa
897 2199 994 2230 Ennii
1020 2199 1172 2237 mentio,
1211 2208 1326 2240 neque
1343 2224 1350 2238 ,
1376 2201 1414 2230 ut
1436 2199 1544 2237 voluit
1578 2201 1625 2232 10.

187 2254 363 2286 Dcodatus
383 2254 542 2286 Frohlich
557 2255 622 2294 W),
652 2255 815 2286 Calabrae
829 2255 972 2286 Pierides
996 2255 1158 2286 universe
1182 2254 1377 2295 significare
1402 2257 1550 2295 possunt
1565 2264 1630 2287 ne-

186 2310 258 2341 scio
298 2319 387 2351 quae
431 2311 586 2341 carmina
624 2310 834 2351 panegyrica
875 2319 893 2340 a
932 2310 1050 2341 nescio
1089 2318 1158 2350 quo
1199 2310 1231 2341 in
1272 2310 1439 2350 Scipionis
1482 2311 1627 2342 minoris

186 2365 326 2397 laudem
351 2366 556 2406 composita.
606 2367 691 2397 Nam
725 2364 807 2397 nihil
841 2353 950 2406 m'agis
985 2360 1133 2410 ἄκυρον
1162 2366 1481 2406 inconcinnumque
1507 2366 1628 2398 suisset

185 2423 290 2460 atquc
326 2421 548 2461 ambiguum,
586 2430 692 2462 quam
727 2422 755 2452 si
789 2420 945 2453 Calabris
970 2421 1187 2460 picridibus,
1225 2431 1315 2462 quae
1349 2422 1450 2453 unice
1476 2422 1624 2454 Ennium

185 2477 380 2515 significare
407 2478 572 2517 possunt,
608 2478 719 2508 totum
744 2486 854 2517 genus
880 2478 1131 2517 panegyricum
1156 2477 1325 2509 denotare
1350 2476 1527 2509 voluisset.
1576 2478 1623 2508 lta

187 2540 252 2563 non
285 2532 441 2572 peccavit
468 2532 639 2563 Horatius.
690 2533 759 2564 Nec
791 2531 932 2564 tandem
964 2531 1163 2565 tolerabiles
1193 2534 1271 2564 sunt
1305 2533 1527 2564 coniecturae
1553 2533 1623 2563 Gu—

268 2699 460 2737 ·sZcilsaelir.
485 2711 502 2737 i.
528 2710 689 2737 Alterum.
718 2711 794 2737 ¹8:320.
819 2718 847 2744 Ι».
876 2710 915 2738 57.
942 2709 1046 2743 Frugi:
1071 2711 1243 2738 sunum-sii.
1272 2708 1340 2738 ¹823
1370 2713 1400 2738 ct
1426 2708 1504 2738 1⁸20.

267 2763 288 2771 ¹·
325 2760 430 2794 progr.
455 2760 565 2794 (limi).
591 2760 686 2794 antiq.
712 2759 831 2787 sinum:
861 2759 936 2787 18:17.
962 2769 989 2795 p.
1013 2761 1030 2787 (l
1052 2768 1121 2795 sqq.
