1997 3219
821 161 987 192 llORATlI
1013 162 1234 193 CARMINUM

537 266 711 309 Cantus.
746 278 812 305 nie
844 263 974 304 voluit
1004 263 1148 306 dicere
1179 264 1367 306 lucidum

534 344 758 400 Fulgentes
791 342 938 385 oculos
971 350 1012 385 et
1043 343 1151 386 bene
1182 345 1339 386 mutuis
1697 346 1748 387 11³5

650 423 797 466 Fidum
828 430 977 479 pectus
1008 423 1250 474 amoribus,

534 532 670 580 Quam
700 543 779 571 nec
812 530 921 571 serre
954 528 1110 585 pedem
1143 528 1343 571 dedecuit
1372 529 1512 572 choris

532 611 619 651 Nec
650 616 814 651 certare
847 609 940 652 ioco
971 623 1051 651 nec
1084 608 1187 651 dare
1218 609 1393 652 brachia

533 689 768 731 Ludentem
800 680 942 731 nitidis
973 689 1209 746 virginibus
1240 704 1363 732 sacro

646 770 806 812 Dianae
837 769 1018 813 celebris
1049 770 1130 812 die.

396 914 446 944 015.
472 914 637 953 Fzaelyentis
660 914 722 944 BT.

310 1042 568 1083 pulcherrima3
596 1044 629 1073 et
656 1052 692 1073 re
719 1051 802 1073 vera
822 1043 1004 1074 formosis-

311 1092 399 1123 sima
424 1091 550 1123 mulier
579 1093 655 1123 erat
685 1093 869 1129 Terentia,
904 1092 1004 1123 cuius

309 1150 429 1172 amore
482 1142 605 1181 captus
658 1143 733 1172 erat
783 1141 1002 1172 Octavianus.

311 1191 415 1229 (Suet.
436 1191 509 1221 Oct.
530 1190 596 1230 69.)
905 1222 908 1225 .

359 1238 410 1270 44.
438 1239 583 1270 lucidum
606 1239 791 1280 Fulgentes]
817 1241 855 1271 ut
881 1239 943 1271 Od.
964 1241 976 1270 i
996 1265 1002 1279 ,

309 1289 362 1325 ⁶2⁶2,
382 1288 446 1319 23:
473 1289 577 1320 Dulce
602 1289 770 1320 ridentem.
798 1289 860 1320 Od.
880 1290 919 1327 ¹2,
950 1289 1002 1328 49,

312 1338 354 1369 6:
391 1337 558 1369 turbidum
584 1339 755 1369 Laetatur.
790 1338 851 1369 Od.
881 1338 920 1377 3,
949 1339 1002 1376 27,

313 1387 351 1417 67
370 1396 376 1417 ε
400 1388 565 1428 Perfidiam
579 1388 700 1418 ridens.
736 1388 848 1419 Etiam
865 1388 898 1419 in
916 1388 1006 1419 Sati-

312 1436 371 1467 ris.
400 1437 447 1475 (i,
477 1436 514 1474 8,
544 1435 579 1468 41
602 1446 608 1466 :
649 1440 844 1468 resonarent
864 1437 954 1468 triste
977 1440 1007 1468 et

311 1485 473 1525 acutum.)
496 1486 619 1526 Repeti
636 1486 692 1517 hic
709 1494 794 1517 usus
812 1486 1006 1517 adiectivo—

310 1543 389 1565 rum
416 1536 534 1574 potest
560 1535 641 1566 inde
667 1535 711 1566 ab
730 1536 883 1567 Homero
908 1535 1003 1566 Iliad.

309 1581 352 1622 β,
379 1584 442 1615 269
458 1593 464 1613 ;
491 1579 646 1628 ἀχρεῖον
664 1582 752 1615 ἰδών
766 1608 774 1623 ,
793 1584 828 1615 id
846 1585 911 1623 est,
939 1585 1005 1615 «ita

309 1631 429 1664 oculos
457 1635 645 1673 torquens,
677 1634 716 1664 ut
742 1633 848 1664 homo
876 1633 1005 1665 inutilis

309 1683 414 1721 atque
433 1681 579 1713 stolidus
592 1682 792 1713 videretur»
810 1692 815 1718 ς
836 1683 886 1713 sic
901 1683 1005 1714 etiam

308 1731 342 1761 in
367 1730 452 1761 locis
478 1731 687 1762 Horatianis.

352 1781 403 1810 15.
431 1779 506 1810 bene
531 1779 670 1819 mutuis]
697 1781 734 1810 ut
762 1780 832 1811 Cic.
864 1780 908 1811 ad
935 1782 1002 1812 Att.

312 1829 369 1866 14,
397 1829 436 1859 7:
472 1829 600 1859 litterae
626 1829 702 1860 bene
723 1830 852 1869 longae.
900 1831 1002 1861 Tusc

308 1879 339 1915 ¹⁴2.
361 1878 423 1909 119:
450 1878 544 1908 dolor
559 1878 635 1908 bene
658 1878 758 1917 plane
781 1887 943 1919 muyans,
971 1880 1006 1910 et

309 1928 380 1958 bien
414 1926 730 1967 Francogallorum.
771 1928 857 1959 Bene
883 1929 1006 1959 mutuis

309 1977 410 2016 igitur
434 1978 488 2007 est
513 1976 654 2016 «plene,
681 1984 849 2016 prorsus,
877 1977 1005 2009 eodem

310 2026 440 2057 amoris
453 2025 579 2056 ardore
594 2026 758 2056 mutuis.»
784 2025 846 2056 Alii
860 2027 1005 2066 iungunt

311 2084 390 2106 cuni
419 2083 451 2105 v.
482 2075 622 2111 Fidum,
663 2074 718 2105 cui
747 2075 873 2106 rationi
901 2084 1006 2116 repu-

310 2133 415 2164 gnare
439 2123 579 2155 ridetur
595 2123 788 2155 verborum
812 2125 940 2164 positio
964 2134 1005 2157 ac

310 2172 473 2205 versiculi
498 2173 720 2213 compositio.

354 2224 405 2254 117.
442 2223 530 2262 serre
540 2222 670 2262 pedem]
699 2223 825 2254 «Cuius
843 2231 1004 2256 summus

310 2274 363 2303 est
380 2272 488 2303 decor
500 2281 541 2303 ac
553 2274 720 2302 venustas
737 2272 769 2302 in
785 2271 1003 2312 saltatione»,

310 2330 399 2362 quae
435 2321 641 2352 iamdudum
666 2320 791 2352 saltem
818 2322 906 2353 intra
931 2323 1005 2363 pri—

310 2373 407 2402 vatos
440 2371 593 2411 parietes
624 2370 657 2400 in
683 2379 748 2401 usu
773 2373 849 2401 crat
872 2373 1005 2402 matro-

308 2422 359 2451 nis
386 2420 434 2459 (ut
457 2420 685 2459 Semproniae
704 2419 798 2459 apud
816 2420 1004 2452 Salustium

310 2471 382 2499 (lat.
403 2470 489 2507 25),
527 2477 607 2499 cum
632 2469 888 2508 antiquioribus
913 2471 1005 2501 tem-

310 2518 453 2558 poribus
489 2517 653 2548 indecora
691 2517 892 2549 haberetur.
942 2520 1003 2550 Di-

309 2567 515 2605 siinguenda
547 2576 566 2598 a
593 2568 722 2598 Dianae
752 2567 868 2599 choris
898 2576 929 2599 ν.
952 2569 1001 2600 18.

312 2617 397 2647 liaeo
415 2617 519 2648 etiam
536 2615 672 2647 saltatio
687 2615 892 2654 domestica,
913 2625 1003 2657 quae

311 2676 326 2693 a
356 2667 465 2704 poetis
482 2666 572 2697 chori
589 2666 729 2697 nomine
749 2666 948 2705 insignitur,
969 2668 1006 2697 ut

313 2716 464 2753 Propon.
492 2715 523 2753 Ξ,
543 2714 596 2753 34,
616 2714 656 2747 4<2
673 2724 678 2744 t
717 2715 760 2746 cccl
776 2715 886 2747 ”tolles
900 2724 1003 2747 mem-

1055 1043 1117 1075 bra
1131 1045 1255 1075 resolve
1269 1045 1394 1076 choros.
1434 1046 1600 1078 Ceterum
1628 1047 1751 1079 simili-

1055 1094 1110 1123 ter
1132 1093 1225 1133 Virg.
1259 1095 1318 1125 Ge.
1353 1095 1394 1132 i,
1424 1095 1486 1126 ii:
1528 1096 1622 1127 Ferte
1655 1098 1752 1128 simul

1054 1142 1228 1181 Faunique
1252 1144 1369 1182 pedem
1393 1145 1459 1174 cet..

1101 1186 1151 1217 48.
1193 1190 1322 1218 certare
1354 1187 1440 1227 ioco]
1476 1187 1564 1219 Nihil
1604 1189 1752 1229 impedit

1056 1243 1126 1274 quo
1150 1236 1266 1267 minus
1291 1236 1565 1276 interpretemur
1589 1237 1632 1269 de
1665 1247 1751 1270 con-

1055 1286 1175 1323 viviis,
1212 1286 1246 1316 in
1270 1285 1398 1325 quibus
1422 1286 1481 1324 iis,
1509 1287 1566 1326 qui
1592 1288 1750 1319 iocorum

1056 1334 1207 1373 salibus,
1235 1335 1341 1365 certis
1375 1335 1531 1366 convivis
1562 1336 1748 1375 iudicibus,

1056 1386 1194 1415 ceteros
1219 1385 1450 1424 superarent,
1485 1386 1641 1424 praemia
1666 1394 1752 1426 pro—

1056 1434 1169 1474 posita
1188 1434 1318 1464 essent.
1344 1434 1395 1464 De·
1410 1432 1602 1465 saltationis
1621 1443 1750 1474 genere

1056 1482 1172 1523 aliquo
1218 1483 1330 1522 accipi
1376 1483 1497 1522 nequit
1535 1485 1570 1513 et
1608 1486 1753 1524 propter

1055 1532 1165 1563 verba
1200 1532 1295 1572 ipsa,
1343 1532 1378 1562 in
1415 1531 1543 1571 quibus
1578 1532 1646 1564 hoc
1682 1543 1751 1565 non

1055 1582 1168 1619 inest,
1195 1589 1261 1612 nec
1285 1582 1338 1612 ter
1354 1579 1576 1613 saltationem
1594 1590 1753 1614 commc—

1056 1639 1196 1663 morare
1221 1631 1359 1670 poterat
1376 1631 1492 1670 poeta.
1515 1648 1550 1652 -—
1577 1632 1658 1662 dare
1673 1632 1753 1663 bra—

1055 1681 1144 1721 chia]
1186 1680 1280 1710 Haec
1315 1679 1467 1710 maxime
1507 1678 1753 1712 demonstrant

1056 1731 1255 1761 matronam
1267 1729 1460 1759 Romanam
1476 1728 1533 1760 hic
1550 1730 1748 1769 significari,

1056 1779 1185 1819 quibus
1217 1777 1299 1809 solis
1324 1777 1455 1808 ducere
1480 1777 1608 1809 licebat
1630 1787 1752 1811 sacros

1055 1829 1186 1859 Dianae
1204 1827 1343 1865 choros,
1370 1835 1439 1857 una
1461 1835 1542 1858 cum
1560 1828 1751 1867 virginibus

1055 1877 1225 1917 ingenuis.
1263 1878 1301 1907 A.
1334 1877 1369 1906 P.
1400 1884 1433 1906 v,
1466 1876 1550 1907 ⁶232:
1605 1877 1643 1908 Ut
1664 1878 1753 1917 festis

1054 1930 1212 1957 matrona
1236 1925 1361 1956 moveri
1386 1925 1476 1955 iussa
1503 1925 1623 1956 diebus.
1681 1926 1749 1958 Csr.

1056 1975 1118 2006 Od.
1138 1975 1169 2013 3,
1190 1975 1241 2013 44,
1263 1975 1313 2006 lsi.
1341 1974 1403 2005 Od.
1422 1973 1454 2012 4,
1474 1975 1504 2013 6,
1525 1975 1576 2006 31¹.
1627 1976 1690 2013 Qui
1707 1976 1751 2007 de

1055 2024 1217 2056 libertina
1244 2024 1538 2063 interpretantur,
1576 2025 1751 2064 privatum

1054 2073 1176 2106 volunt
1210 2081 1290 2104 esse
1315 2071 1484 2104 sollemne
1507 2073 1658 2111 Dianae,
1696 2075 1751 2105 cui

1057 2122 1276 2163 explicationi
1310 2121 1496 2153 manifesto
1529 2121 1670 2154 obstant
1693 2132 1748 2154 w.

1056 2174 1187 2204 Dianae
1210 2172 1351 2203 celebris.

1100 2222 1151 2253 2¹9.
1192 2220 1385 2261 Ludentem]
1429 2221 1558 2251 Ludum
1603 2220 1751 2252 choreas

1055 2270 1129 2302 illas
1154 2272 1257 2301 vocat
1279 2272 1425 2310 propter
1440 2271 1560 2308 gestus
1578 2278 1618 2300 ac
1635 2272 1752 2301 motus

1055 2321 1273 2351 varietatem.
1290 2320 1345 2350 Sic
1355 2319 1497 2359 παίζειν
1508 2319 1607 2349 Hom.
1621 2319 1747 2358 Hymn.

1055 2368 1165 2410 Apoll.
1186 2370 1260 2399 ⁶204.
1282 2369 1318 2399 et
1334 2369 1426 2407 Virg.
1448 2367 1517 2399 Ecl.
1538 2368 1568 2405 6,
1588 2368 1628 2398 27
1646 2377 1652 2397 :
1676 2368 1753 2399 Tum

1054 2427 1132 2449 vero
1162 2419 1194 2448 in
1221 2426 1395 2448 ›muniet-mn
1421 2418 1616 2454 Faunosque
1644 2417 1752 2456 feras—

1057 2477 1118 2507 que
1134 2468 1260 2499 ¹videres
1274 2468 1411 2498 Ludere.
1435 2484 1469 2488 —
1495 2466 1622 2506 nitidis]
1644 2466 1752 2497 «festo

1057 2520 1181 2549 ornatu
1206 2518 1380 2549 decoris.»

1100 2568 1152 2598 ⁶20.
1193 2567 1325 2598 Dianae
1348 2565 1494 2605 celebris]
1532 2565 1652 2596 «cuius
1677 2565 1751 2596 dies

1058 2616 1166 2648 festus
1191 2625 1315 2657 magna
1333 2614 1451 2656 populi
1476 2615 1671 2655 frequentia
1691 2623 1751 2645 ce-

1056 2665 1245 2697 lebratur.»
1287 2664 1407 2696 Tibull.
1428 2663 1464 2702 4,
1484 2663 1514 2702 4,
1534 2664 1594 2696 ⁶23:
1619 2664 1748 2695 Phoebe.

1056 2733 1070 2738 -
1085 2733 1100 2738 -
1114 2716 1185 2746 Iam
1208 2714 1346 2753 celeber,
1374 2714 1440 2744 inm
1464 2714 1566 2745 caetu-s
1591 2714 1663 2745 eris.
