1997 3219
655 234 730 266 LIB.
757 234 810 265 111.
860 234 895 265 C.
923 233 989 265 XV.

1484 230 1562 270 433

297 340 402 383 Non,
437 338 470 379 si
502 336 605 394 quid
635 336 820 380 Pholoen
852 337 971 386 satis,

355 419 401 459 Et
432 424 489 463 te,
525 417 687 466 Chlori,
721 417 869 461 decet:
902 417 985 458 filia
1016 417 1170 459 rectius

300 512 518 567 Expugnat
547 511 746 553 iuvenum
777 510 944 556 domos,

351 591 479 634 Pulso
513 591 667 648 Thyias
697 592 757 633 uti
787 591 949 633 concita
980 598 1193 648 tympano.

299 672 412 715 Illam
443 673 554 729 cogit
583 686 702 715 amor
729 672 851 714 Nothi

1514 589 1565 629 ΔΗ)

350 754 551 796 Lascivae
583 752 763 796 similem
792 752 940 795 ludere
972 765 1175 808 capreae:

300 847 355 888 Te
386 847 506 888 lanae
538 859 674 902 prope
707 845 894 888 nobilem

354 927 515 969 'fonsae
545 926 788 976 Luceriam,
822 940 905 968 non
936 925 1121 968 citharae
1154 923 1307 968 decent

297 1009 382 1050 Nec
412 1006 490 1049 ssos
519 1020 763 1064 purpureus
794 1020 918 1049 rosae

1542 1009 1559 1022 μ

1513 1007 1528 1048 Ἰ
1539 1023 1563 1048 ἑ)

351 1089 437 1130 Nec
466 1087 552 1144 poti
583 1086 767 1129 vetulam
797 1086 914 1129 faece
946 1093 1068 1129 tenus
1101 1087 1207 1129 cadi

230 1183 277 1214 ¹0.
304 1182 388 1213 thius
411 1182 446 1213 T.
476 1199 511 1204 —
551 1181 602 1212 46.
628 1182 744 1220 §epoti
766 1181 801 1212 T.
842 1198 876 1203 —
913 1182 1020 1212 vetula
1045 1180 1233 1223 Β1)5Τοβγ
1257 1183 1289 1213 et
1314 1189 1366 1222 pr.
1393 1192 1426 1220 κ
1453 1181 1522 1213 duo

176 1231 334 1272 Cruquii,
362 1233 500 1272 septem
524 1231 687 1262 Pottierii.

127 1309 286 1343 δάσκιον
309 1306 391 1356 ὕλῃ.
441 1311 610 1342 Paeuxius
636 1312 669 1342 in
686 1311 819 1342 Teucro

127 1370 205 1402 pag.
236 1360 309 1393 443.
339 1361 468 1392 Bothe:
509 1361 706 1392 Fleaeanima
734 1363 821 1391 tam-

128 1419 230 1450 quam
271 1411 440 1450 lymphata
475 1413 533 1441 aut
565 1410 686 1441 Bacchi
719 1409 823 1440 sacris

130 1460 299 1491 Commota
314 1477 333 1482 -
350 1477 368 1482 -
383 1459 560 1498 Halcyonis
575 1459 643 1489 ritu
658 1459 734 1489 litus
746 1467 822 1498 per-

128 1510 263 1549 volyans
291 1509 392 1549 feror.
445 1508 497 1540 Ad
526 1507 635 1539 solam
668 1507 821 1539 Pholoen

129 1560 326 1600 respexisse
351 1561 493 1600 poetam
509 1558 661 1590 arbitror
683 1567 750 1590 nec
767 1567 823 1589 co-

128 1610 257 1649 gitasse
282 1608 326 1640 de
351 1607 514 1640 Chloride
540 1609 598 1639 aut
616 1609 747 1639 Graeco
765 1606 820 1638 illo

127 1657 333 1700 proverbio:
370 1654 487 1701 γραῦς
518 1652 692 1699 ἀναθυᾷ,
728 1652 822 1688 ἀνα-

128 1705 322 1746 βακχεύει.
357 1725 392 1730 -
433 1707 605 1748 tympano]
640 1707 820 1747 Tympana

129 1761 164 1790 et
179 1757 342 1798 cymbala
367 1757 583 1798 frequentius
607 1757 641 1788 in
657 1756 821 1788 Romanis

128 1809 162 1839 et
185 1808 298 1848 poetis
328 1808 361 1838 et
389 1803 627 1849 ἀναγλύφοις
651 1814 757 1846 quam
787 1806 820 1837 in

127 1857 268 1888 Graecis
285 1855 387 1887 obw‘a
411 1858 508 1894 sunt,
535 1856 600 1887 nisi
617 1855 711 1895 quod
728 1863 822 1886 com-

127 1907 251 1947 parent
274 1905 451 1937 interdum
475 1906 582 1936 etiam
598 1906 632 1936 in
648 1905 741 1936 vasis
758 1913 821 1945 per

128 1956 289 1995 Magnam
306 1955 487 1986 Graeciam
511 1955 623 1996 pictis.
653 1952 820 1994 (Gerhard

134 2004 319 2044 i'asenyem.
346 2012 423 2044 pag.
452 2003 538 2042 448.)
585 2004 626 2034 Et
648 2004 820 2043 Diogenes

127 2053 279 2093 tragicus
303 2052 397 2093 apud
419 2053 543 2084 Athen.
571 2051 622 2084 44.
640 2060 717 2092 pag.
738 2051 818 2083 636:

128 2102 261 2134 Καίτοι
286 2099 386 2133 κλύω
414 2101 484 2143 μὲν
509 2097 678 2140 Ἀσιάδος
692 2110 822 2145 μιτρη-

127 2150 276 2196 φόρους
300 2149 472 2190 Κυβέλας
495 2154 699 2194 γυναῖκας,
734 2153 821 2181 παῖ-

127 2200 194 2241 δας
219 2196 360 2240 ὀλβίων
394 2199 570 2247 Φρυγῶν,
613 2197 820 2232 Τυπάνοισι

127 2252 192 2283 καὶ
225 2248 409 2295 ῥόμβοισι
447 2251 510 2282 καὶ
546 2247 820 2289 χαλκοκτύπων

128 2298 300 2343 Βόμβοις
351 2298 570 2343 βρεμούσας
626 2297 819 2345 ἀντίχερσι

128 2348 336 2392 κυμβάλων
358 2347 493 2391 Σοφὴν
516 2346 615 2381 θεῶν
646 2345 820 2391 ὑμνῳδὸν

131 2397 259 2444 ἰατρόν
285 2399 317 2430 θ’
342 2395 436 2440 ἅμα.

173 2451 224 2481 42.
265 2449 422 2490 capreae]
458 2449 598 2488 Dionys.
632 2450 707 2480 Per.
733 2448 816 2480 8423:

129 2499 362 2545 Παρθενικαὶ
396 2497 593 2540 νεοθηλέες
621 2494 723 2529 eicite.
760 2507 819 2529 νε-

129 2548 217 2595 βροὶ,
240 2549 474 2593 σκαίρουσιν.

173 2598 225 2630 43.
254 2599 293 2630 Te
315 2597 421 2638 lanae]
449 2597 513 2628 «Te
531 2597 599 2628 iam
617 2596 716 2628 unice
737 2595 821 2628 lani-

131 2648 248 2680 ficium
264 2648 401 2679 decet.»
437 2646 488 2678 Ad
506 2646 706 2684 Luceriam,
726 2647 819 2686 Apu-

131 2695 195 2728 liae
220 2696 386 2738 oppidum
403 2721 410 2734 ,
444 2696 595 2735 optimae
621 2694 718 2726 lanae
740 2697 818 2726 ton-

245 2855 363 2884 ΙΙοιιΛτ.
389 2864 458 2884 vm..
485 2857 503 2883 Ι.
547 2864 595 2883 izin.
621 2863 718 2884 ,simun
745 2855 787 2883 ΙΙΙ.

870 1310 1056 1342 debantur.
1089 1310 1173 1342 Plin.
1192 1311 1232 1343 H.
1252 1312 1291 1343 N.
1311 1312 1349 1349 8,
1369 1311 1422 1344 48.
1448 1312 1561 1353 Epigr.

870 1361 902 1391 in
937 1360 1039 1392 Anth.
1078 1360 1147 1391 Pal.
1173 1361 1199 1392 Ι.
1225 1368 1304 1401 pag.
1330 1361 1417 1393 ⁶278:
1454 1357 1501 1393 Ἡ
1520 1360 1562 1393 τὸ

870 1410 956 1455 πρὶν
985 1405 1195 1451 αὐχήσασα
1226 1408 1485 1455 πολυχρύσοις
1507 1410 1563 1443 ἐπ’

869 1459 1063 1505 ἐρασταῖς,
1083 1455 1130 1490 cH
1141 1459 1306 1501 Νέμεσιν
1325 1458 1452 1502 δεινὴν
1475 1457 1565 1500 οὐχὶ,

868 1506 1023 1541 κύσασα
1045 1506 1162 1549 θεόν,
1202 1510 1349 1542 Μίσθ-ια
1370 1508 1438 1542 νῦν
1463 1520 1562 1542 σπα-

869 1558 989 1598 θίοις
982 1563 1173 1613 πενιχροῑς
1185 1560 1406 1601 πηνίσματα
1418 1558 1560 1604 κρούει.

865 1603 959 1647 Ὀψὲ
974 1609 1006 1651 γ
1020 1603 1198 1650 Ἀθηναίη
1211 1606 1356 1655 Κύπριν
1367 1607 1560 1651 ἐληίσατο.

870 1656 991 1689 Tibull.
1030 1659 1065 1697 4,
1102 1658 1138 1697 6,
1172 1659 1224 1690 77.
1306 1659 1396 1690 victa
1436 1663 1564 1691 senecta

868 1707 968 1738 Ducit
999 1708 1094 1747 inops
1127 1708 1270 1740 tremula
1297 1709 1443 1740 stamina
1476 1712 1564 1741 torta

868 1765 982 1788 manu.

913 1807 964 1837 45.
989 1806 1056 1837 Nec
1077 1806 1152 1848 flos]
1179 1806 1239 1837 Od.
1264 1805 1302 1845 4,
1321 1807 1379 1846 40,
1398 1806 1437 1839 4:
1459 1808 1563 1846 puni—

868 1864 944 1886 ceae
965 1856 1045 1896 flore
1067 1864 1173 1887 rosae.
1202 1856 1450 1888 Conviviorum
1473 1856 1563 1888 duas

867 1905 985 1945 partes
1019 1906 1210 1943 memorat,
1252 1914 1400 1938 coronas
1438 1914 1560 1938 roseas

869 1955 903 1985 et
927 1955 1234 1994 compotationem.

912 2004 963 2034 46.
988 2004 1078 2043 faece
1094 2004 1196 2044 tenus]
1222 2012 1334 2044 usque
1359 2004 1403 2035 ad
1428 2004 1563 2037 faecem

868 2053 1012 2092 propter
1040 2052 1253 2084 aviditatem.
1280 2053 1476 2085 Archiloch.
1505 2055 1558 2085 Fr.

869 2101 910 2134 4:
951 2096 1056 2146 ἄγρει
1089 2100 1119 2132 δ’
1152 2099 1257 2132 οἶνον
1291 2100 1453 2147 ἐρυθρὸν
1485 2099 1561 2134 ἀπὸ

868 2148 1014 2195 τρυγός.
1049 2151 1194 2182 Theocr.
1213 2152 1249 2189 7,
1276 2152 1338 2182 70:
1379 2147 1562 2184 Αὖταῖσιν

868 2199 1065 2232 κυλίκεσσι
1103 2200 1166 2232 καὶ
1204 2199 1242 2240 ἐς,
1280 2198 1398 2245 τρύγα
1435 2200 1561 2242 χεῖλος

869 2248 1030 2295 ἐρείδων.
1067 2249 1129 2282 Od.
1150 2251 1162 2281 4
1181 2276 1186 2289 ‚
1206 2250 1246 2281 35
1260 2275 1267 2289 ,
1286 2251 1326 2282 ⁶26
1342 2261 1348 2282 2
1375 2252 1465 2281 cadis
1481 2252 1562 2283 Cum

866 2301 956 2340 faece
978 2300 1115 2330 siccatis.
1138 2317 1173 2322 -—
1200 2301 1262 2337 Qui
1278 2300 1387 2331 vetula
1402 2301 1492 2340 faece
1508 2300 1562 2332 le-

868 2351 970 2389 gunt,
1012 2351 1217 2390 comparant
1254 2349 1375 2381 Catull.
1413 2345 1473 2388 ⁶27}
1516 2351 1557 2382 4:

866 2400 1016 2431 Minister
1047 2400 1146 2430 vetuli
1180 2408 1265 2438 puer
1297 2400 1441 2431 Falerni.
1490 2399 1559 2431 Sed

867 2449 1114 2489 significantior
1129 2447 1286 2488 volgatae
1312 2448 1499 2488 indignatio
1526 2449 1558 2480 in

868 2506 974 2529 anum
1003 2506 1110 2538 quam
1143 2498 1210 2529 hoc
1244 2498 1348 2530 faecis
1384 2498 1558 2529 ἐπίθετον

869 2547 1162 2586 ingratissimum,
1193 2549 1229 2578 et
1252 2547 1476 2578 manifestum
1505 2549 1558 2579 est

867 2596 1097 2637 plurimorum
1131 2598 1250 2638 utique
1288 2597 1398 2629 Codd.
1436 2596 1557 2628 lectio—

868 2654 948 2676 nem
979 2646 1090 2677 ortam
1121 2654 1198 2677 esse
1235 2654 1276 2677 ex
1308 2644 1558 2676 accommoda-

868 2695 959 2726 tione
984 2695 1026 2726 ad
1051 2696 1247 2735 proximum
1272 2693 1492 2725 vocabulum.

1261 2856 1292 2881 ’.Ἦ
