1997 3219
812 218 980 250 HORATII
1004 218 1224 252 CARMINUM

461 320 640 371 Quando
672 327 713 362 ct
744 321 908 376 priores
939 320 1035 362 hinc
1064 321 1231 363 Lamias
1263 321 1397 363 serunt

516 401 818 443 Denominatos
850 407 890 442 et
921 407 1122 456 nepotum

572 483 652 523 Per
682 495 893 523 memores
925 495 1059 537 genus
1091 495 1215 524 omne
1246 482 1398 531 fastos;

460 587 640 628 Auctore
672 585 724 628 ab
757 585 826 627 illo
859 586 979 628 ducis
1010 586 1235 643 originem,
1703 588 1727 627 ἑὸ

377 706 439 736 Yv.
458 705 530 736 2-5.
552 705 689 744 Quando
704 721 719 727 -
733 722 747 727 -
762 705 923 745 origyinem
939 706 1092 745 suspecti
1109 705 1309 743 Sanadono,
1336 706 1441 744 lanio,
1460 706 1682 743 Buttmanno,

335 754 506 793 Webero,
539 755 726 793 Meinekio,
762 753 921 795 Regelio,
947 754 1127 793 Liibkero,
1165 754 1249 786 aliis.

1298 755 1421 786 Totum
1445 763 1589 788 carmen
1615 756 1685 787 Ho-

335 804 410 834 ratii
435 812 512 835 esse
537 805 639 843 negat
663 803 811 835 Hofman
835 802 1053 846 Peerlkamp.
1080 823 1115 826 —
1140 804 1171 836 4.
1198 805 1316 835 Fastns
1339 805 1377 843 S,
1403 802 1446 842 β,
1471 813 1523 844 pr.
1543 815 1577 835 κ.
1606 806 1685 845 (non

341 853 486 893 Bchd.)
507 854 575 885 Cfr.
596 854 711 885 Carm.
731 853 762 892 4,
782 853 841 892 44,
860 853 891 885 4.
912 871 949 876 —-
969 855 1000 886 5.
1019 854 1107 884 ducit
1123 854 1263 884 auctore
1281 854 1320 884 D.
1340 853 1480 885 Heinsio
1496 853 1681 885 Bentleius.

340 904 478 942 (Omnes
496 904 577 942 mei,
605 904 711 935 etiam
728 903 762 943 d,
787 903 949 943 Bentleii,
975 903 1128 935 Pottierii
1154 903 1221 934 cet.
1248 902 1362 941 (lucis.)

334 1002 366 1033 2.
392 1002 422 1033 3.
473 1002 621 1043 Quando]
642 1003 848 1042 «quoniam,
876 1002 986 1043 siqui-

293 1051 408 1082 dem.»
446 1052 565 1082 Scn0L.
625 1052 713 1083 Raro
753 1051 897 1092 quidem
936 1052 986 1083 sic

293 1101 437 1140 usurpat
468 1101 628 1131 Horatius
659 1101 743 1140 (Sat.
773 1102 809 1139 2,
843 1102 884 1139 5,
917 1100 983 1140 9.‘>;

291 1149 347 1180 hic
371 1150 491 1180 nescio
516 1149 599 1189 quid
622 1149 731 1180 habet
754 1149 891 1190 lepidae
912 1158 988 1190 gra-

290 1199 422 1236 vitatis,
450 1199 549 1239 quasi
574 1207 741 1239 magnum
764 1199 845 1231 huic
863 1200 906 1231 de
925 1200 988 1231 La-

295 1257 352 1279 mo
370 1245 578 1292 παραὸόσει
594 1248 732 1289 pondus
749 1249 929 1280 tribueret.
948 1267 982 1272 -

292 1298 383 1338 hinc]
410 1298 453 1329 de
477 1307 630 1338 persona
654 1297 709 1330 vel
734 1299 839 1330 etiam
865 1300 984 1339 stirpe,

293 1348 330 1378 ut
363 1348 456 1387 Virg.
490 1349 574 1379 Aen.
603 1348 640 1387 1t,
666 1349 701 1379 24
724 1358 730 1378 ;
768 1349 851 1379 Hinc
875 1357 986 1387 popu-

292 1397 359 1428 lum
377 1414 395 1419 -
410 1415 427 1419 —
446 1397 634 1429 Venturum.
682 1397 768 1428 Ibid.
794 1398 856 1429 235
872 1407 878 1428 t
903 1398 986 1428 Hinc

294 1447 364 1486 sore
398 1446 546 1477 ductores
581 1450 734 1478 revocato
773 1456 794 1478 a
827 1447 986 1487 sanquine

298 1496 419 1527 Teucri.
469 1496 531 1527 Od.
560 1497 596 1534 t,
629 1497 687 1535 42,
722 1497 782 1527 Πῑ
826 1497 912 1528 Unde
940 1496 988 1526 nil

291 1546 400 1576 maius
409 1549 587 1586 qeneratur
599 1546 679 1585 ipso.
697 1546 875 1577 Censorin.
889 1546 966 1585 22,9
978 1554 983 1575 ;

292 1595 988 1635 RomulusnominavitAprilemabAphro-

292 1645 374 1679 dite,
400 1645 434 1675 id
456 1648 522 1683 est,
552 1645 689 1683 Venere,
726 1645 811 1675 unde
844 1645 987 1675 maiores

293 1694 361 1724 eins
386 1695 518 1725 oriundi
545 1695 746 1725 dicebantur.
780 1712 815 1716 —
835 1694 981 1734 priores]

293 1744 359 1775 Eos
391 1743 561 1783 intelligit,
604 1745 662 1784 qui
698 1744 822 1775 vixisse
859 1743 985 1774 crede-

292 1791 420 1823 bantur
455 1793 545 1823 inter
577 1793 729 1833 primum
752 1791 889 1823 Aelium
920 1793 985 1823 La-

292 1842 398 1872 miam
429 1842 461 1872 in
494 1842 595 1873 buius
628 1841 774 1873 familiae
800 1850 984 1872 commen-

292 1891 385 1921 tariis
409 1891 462 1921 νο]
488 1890 743 1922 laudationibus
777 1890 984 1921 funebribus

291 1942 525 1971 memoratum
573 1942 607 1971 et
656 1941 802 1971 Lamum
841 1948 981 1980 regem,

292 1991 518 2022 Troianorum
549 1992 749 2030 temporum
773 1989 978 2030 aequalem3

295 2049 375 2070 nam
410 2041 503 2070 verte
540 2049 582 2070 ne
616 2039 696 2070 lulia
733 2039 875 2079 quidem
900 2047 984 2079 gens

293 2090 401 2119 totam
415 2089 543 2119 seriem
558 2089 728 2119 maiorum
739 2097 883 2120 suorum
896 2089 986 2119 inter

292 2139 443 2179 primum
465 2137 587 2169 lulium
604 2147 645 2168 ex
663 2137 852 2169 Annalibus
870 2139 986 2170 Ponti-

294 2188 396 2219 ficum
414 2189 473 2218 aut
489 2186 627 2218 aliunde
645 2187 807 2218 historica
830 2188 897 2219 fide
921 2197 986 2219 no-

293 2238 365 2267 tum
390 2239 423 2267 et
443 2236 554 2268 Iulum
570 2237 708 2267 Aeneae
727 2237 760 2267 F.
781 2237 985 2273 nominatim

292 2285 432 2326 explere
458 2295 612 2326 unquam
640 2288 762 2317 conata
789 2288 885 2323 erat,
920 2296 984 2317 nee

292 2336 400 2375 magis
427 2344 488 2366 eae
515 2337 655 2371 gentes,
683 2335 810 2374 quibus
835 2335 984 2367 similem

292 2385 458 2423 originem
477 2384 668 2415 fabulosam
696 2384 851 2415 tribuunt
876 2385 986 2425 Virgi-

293 2434 356 2464 lius
382 2436 415 2464 ot
433 2433 543 2465 Silius.
570 2433 737 2464 Prioribus
761 2433 790 2473 («
803 2435 871 2464 der
897 2435 987 2465 Vor-

295 2483 383 2514 wclt
400 2483 566 2513 Lamier
576 2492 596 2513 n
609 2494 636 2520 n,
663 2483 774 2521 Voss.)
794 2484 910 2515 autem
926 2493 986 2524 op—

294 2535 469 2573 ponuntur
503 2536 649 2572 nepotes,
688 2533 723 2569 ii,
757 2541 907 2571 qimrum
940 2534 983 2564 de

293 2582 491 2613 nominibus
516 2584 610 2613 certa
636 2581 703 2612 tide
723 2582 916 2613 constabat.
948 2602 981 2604 —

291 2631 416 2672 sermea]
450 2633 605 2662 «vetusta
638 2633 669 2661 et
704 2633 868 2662 constans
894 2632 982 2663 tama

294 2683 379 2710 est.»
405 2680 490 2711 Nihil
510 2681 597 2711 inest
615 2681 734 2711 inverti
753 2690 794 2711 ac
811 2680 917 2711 dubii.

337 2729 366 2760 Ιι».
392 2739 549 2761 memores
565 2747 577 2751 -
589 2747 603 2752 —
617 2730 729 2770 luscos]
747 2730 808 2761 Od.
825 2729 855 2767 si,
874 2731 884 2760 l
894 2730 924 2768 li,
940 2730 958 2761 ›l-
976 2740 980 2760 2

295 2779 351 2808 ΡΟ)-
375 2779 483 2809 titulos
506 2788 724 2817 memoresque
747 2779 868 2818 fastos:
898 2792 911 2806 u
925 2780 981 2819 qui

1037 1002 1211 1032 maiorum
1235 1009 1292 1032 res
1316 1002 1431 1041 gestas
1457 1002 1561 1042 atque
1578 1002 1729 1034 honores

1037 1051 1082 1082 ad
1105 1051 1347 1091 posteritatem
1364 1052 1594 1091 propagant.»
1620 1053 1731 1090 Quae—

1037 1101 1118 1131 runt
1142 1100 1358 1139 grammatici
1380 1100 1528 1140 fastosne
1554 1110 1597 1132 an
1626 1102 1732 1141 fastus

1036 1150 1165 1180 rectior
1193 1148 1303 1180 torma
1336 1150 1390 1181 sit.
1438 1150 1536 1181 Prior
1559 1159 1642 1182 sane
1667 1160 1731 1182 an-

1036 1199 1165 1238 tiquior
1181 1198 1312 1229 Horatii
1336 1199 1441 1230 etiam
1458 1200 1571 1230 aetate
1592 1199 1731 1231 videtur

1034 1248 1159 1279 usitata
1185 1247 1301 1279 fuisse.
1349 1247 1500 1279 Alterius
1522 1250 1660 1280 certum
1677 1251 1732 1281 est

1037 1295 1238 1337 exemplum
1272 1298 1401 1328 Lucan.
1436 1298 1499 1336 Ao,
1538 1298 1620 1329 487:
1662 1299 1730 1330 Nec

1034 1356 1124 1377 meurs
1146 1347 1174 1377 E
1179 1346 1279 1377 udoni
1294 1347 1442 1378 vincetur
1457 1347 1595 1387 fastibus
1610 1357 1727 1379 annus.

1035 1396 1153 1426 Fastus
1177 1395 1285 1426 edunt
1308 1396 1413 1426 etiam
1437 1396 1530 1437 apud
1555 1396 1673 1428 Silium
1698 1398 1728 1435 2,

1038 1446 1089 1476 40.
1116 1445 1312 1477 Priscianus
1337 1446 1376 1484 6,
1403 1445 1463 1477 44:
1503 1446 1598 1485 Apud
1620 1447 1730 1478 Hora-

1036 1495 1117 1525 tium
1142 1494 1303 1533 duplicem
1325 1494 1454 1526 invenio
1478 1496 1680 1535 scripturam
1702 1499 1732 1527 et

1033 1552 1152 1576 FAsros
1181 1547 1211 1575 et
1231 1552 1351 1576 FASTUS
1374 1545 1409 1575 in
1430 1545 1486 1575 III.
1513 1545 1729 1576 Carminum:

1035 1594 1100 1625 PER
1117 1611 1136 1615 —
1151 1611 1169 1616 -
1183 1601 1302 1625 Fasros
1327 1596 1355 1624 et
1377 1601 1498 1626 msws
1521 1595 1555 1625 in
1579 1595 1654 1625 aliis
1677 1604 1731 1625 co-

1037 1642 1169 1673 dicibus.
1218 1643 1256 1673 H.
1284 1641 1304 1672 l.
1331 1642 1481 1682 intellige
1506 1644 1729 1683 potissimum

1036 1691 1079 1722 de
1104 1691 1299 1722 stemmatis
1326 1691 1556 1731 (genealogiis)
1584 1693 1728 1724 huiusce

1036 1739 1195 1771 familiae.
1244 1741 1331 1771 Nam
1361 1741 1395 1772 in
1420 1742 1527 1772 Fastis
1565 1741 1729 1774 consula-

1035 1788 1132 1820 ribus
1155 1798 1244 1820 unus
1270 1792 1451 1830 comparet
1475 1791 1529 1821 hie
1563 1792 1638 1831 ipse
1664 1792 1729 1822 La-

1035 1839 1122 1877 mia,
1150 1838 1271 1869 consul
1288 1848 1318 1869 a.
1337 1848 1371 1869 u.
1391 1848 1421 1870 c.
1442 1840 1504 1870 756
1521 1849 1528 1877 ;
1555 1849 1620 1871 nec
1642 1840 1729 1872 alius

1034 1889 1175 1928 praeter
1191 1888 1351 1926 Lucium,
1372 1888 1446 1919 eius
1462 1890 1612 1928 patrem,
1629 1898 1730 1929 prae-

1035 1940 1167 1976 torem,
1194 1940 1412 1968 memoratur
1435 1946 1453 1968 a
1478 1938 1607 1977 Pighio.

1078 1989 1109 2019 5.
1150 1987 1180 2018 6.
1222 1987 1330 2027 ducis]
1364 1987 1453 2025 Quid
1477 1996 1541 2028 pro
1567 1989 1728 2029 speciosa

1035 2037 1075 2067 D.
1103 2037 1233 2068 Heinsii
1258 2037 1345 2068 coni.
1385 2037 1474 2068 ducit
1507 2036 1575 2068 diei
1604 2038 1726 2078 possit,

1035 2086 1115 2117 vide
1152 2086 1245 2127 apud
1280 2086 1494 2125 Bentleium,
1536 2096 1656 2118 aerem
1695 2088 1730 2118 et

1036 2137 1254 2176 ingeniosum
1279 2137 1352 2168 eius
1378 2136 1615 2168 defensorem.
1657 2137 1727 2177 Ego

1036 2194 1073 2216 re
1110 2185 1225 2217 denuo
1260 2186 1432 2226 pensitata
1476 2185 1520 2216 ad
1556 2185 1728 2217 librorum

1036 2235 1279 2266 auctoritatem
1313 2244 1406 2266 nunc
1436 2236 1582 2274 reverti,
1620 2236 1727 2266 Iahnii

1036 2284 1321 2324 interpretatione
1351 2283 1509 2325 probata.
1558 2285 1594 2315 In
1618 2285 1728 2315 Heln-

1036 2334 1130 2364 siana
1156 2334 1288 2364 ratione
1314 2334 1415 2364 nimis
1441 2334 1555 2364 tenuiS
1590 2333 1729 2365 videtur

1035 2382 1088 2414 illa
1113 2383 1214 2414 unius
1245 2382 1409 2414 versiculi
1440 2382 1625 2423 appellatio
1659 2383 1729 2414 Aeli

1034 2450 1052 2455 -
1075 2450 1093 2454 -
1116 2433 1239 2468 Lamo;
1291 2433 1394 2463 nimis
1440 2433 1581 2472 copiosa
1622 2432 1727 2463 Lamii

1035 2482 1172 2521 generis
1211 2482 1366 2522 mythic-a
1406 2482 1572 2519 historia,
1613 2482 1726 2522 aptius

1035 2540 1118 2571 ergo
1152 2535 1231 2572 post
1266 2532 1521 2571 digressionem
1554 2541 1587 2562 v,
1625 2530 1723 2561 2-4.

1034 2591 1066 2612 v.
1093 2582 1124 2612 5.
1152 2581 1241 2612 redit
1265 2581 1308 2612 ad
1333 2591 1364 2612 ν.
1385 2582 1414 2612 ι1.
1441 2582 1522 2612 Post
1545 2580 1725 2612 exordium

1035 2632 1172 2664 autem,
1210 2630 1302 2670 quod
1330 2631 1401 2670 ipsa
1427 2639 1488 2661 sua
1514 2629 1726 2661 verbositate.

1036 2681 1148 2711 iocum
1175 2680 1337 2715 adiuvat,
1364 2680 1546 2719 abruptius
1570 2678 1723 2718 procedit

1034 2730 1077 2760 ad
1101 2730 1328 2770 praecipuum
1354 2729 1515 2760 carminis
1539 2736 1726 2767 argumen-

1037 2781 1108 2811 tum
1133 2788 1208 2810 eras
1233 2780 1298 2810 eet.
1336 2779 1482 2809 Criticus
1507 2777 1649 2817 quidem
1668 2786 1726 2807 no-
