1997 3219
690 171 764 202 LIB.
792 170 845 202 lv.
895 169 932 201 C.
959 169 1028 201 ΧΠ.

1555 167 1634 206 (507

371 274 498 317 velox
529 287 672 316 merce
703 273 825 316 veni:
859 286 942 314 non
975 285 1054 328 ego
1086 279 1126 313 te
1158 271 1263 313 meis

372 356 604 396 Immunem
634 352 816 396 meditor
846 353 1007 409 tingere
1038 352 1224 409 poculis,

482 434 609 477 Plena
640 433 761 476 dives
792 440 836 475 ut
868 433 909 474 in
939 433 1080 475 domo.

368 540 523 582 Verum
557 552 668 595 pone
698 551 840 580 moras
871 545 912 580 et
943 536 1129 579 studium
1161 536 1290 585 lucri,

368 620 679 676 Nigrorumque
711 631 891 666 memor,
924 617 1025 659 dum
1054 617 1170 666 licet,
1205 617 1364 673 ignium

369 701 497 743 Misce
528 698 742 741 stultitiam
773 697 959 741 consiliis
990 697 1185 741 brevem:

478 780 611 823 Dulce
643 785 708 822 est
737 778 937 835 desipere
968 778 1009 820 in
1042 778 1153 822 loco.

290 926 340 957 23.
366 927 537 957 Immunem
560 926 596 956 T.
627 942 662 947 —
688 925 836 964 linquere
859 923 920 954 Td.
951 938 986 945 —
1013 923 1066 954 25.
1093 931 1199 954 mores
1222 923 1257 954 T.

207 1055 308 1087 1485:
345 1051 585 1099 βοτρυώδεος
615 1049 727 1097 Ἁβρὰ
757 1052 895 1097 παρηί-
946 1051 1068 1084 callide
1101 1052 1376 1093 interpretantur
1407 1052 1450 1083 de
1474 1052 1638 1093 prudenti

200 1103 278 1144 δος.
319 1105 388 1136 Sat.
418 1104 457 1142 ι),
488 1104 524 1142 Ξ,
552 1103 615 1134 ⁶25:
650 1103 746 1134 vanis
768 1111 892 1134 rerum.
945 1103 1050 1142 atque
1101 1102 1248 1134 honesta
1299 1102 1513 1142 parsimonia
1565 1103 1638 1135 sive

201 1155 240 1185 Α.
272 1155 307 1185 Ρ.
333 1153 392 1185 49;
419 1152 533 1184 abdita
558 1160 682 1183 rerum.
716 1170 751 1173 —
777 1151 893 1192 eluere]

200 1203 262 1235 Od.
282 1203 318 1240 3,
340 1203 396 1240 42,
416 1203 451 1234 ⁰2:
477 1202 571 1233 Mala
584 1202 660 1233 vino
677 1201 796 1233 lavere.
822 1202 895 1232 Iam

201 1253 234 1283 in
253 1251 412 1292 Cypricis
431 1251 565 1291 Fragm.
585 1250 617 1282 8.
635 1249 750 1282 Muell.
770 1251 896 1282 Nestor

201 1301 246 1332 ad
275 1299 495 1332 Menelaum:
534 1296 645 1331 Οἱνόν
673 1309 753 1339 τοι,
777 1299 895 1331 Μενέ-

198 1349 282 1388 λαε,
310 1350 391 1381 θεοὶ
420 1350 586 1391 ποίησαν
613 1344 772 1393 ἄριστον
794 1348 895 1390 Θνη-

199 1402 281 1439 τοῖς
325 1394 586 1443 ἀνθρώποισιν
629 1394 895 1430 ἀποσκεδάσαι

201 1444 425 1490 μελεδῶνας.
454 1448 551 1480 Conf.
567 1447 629 1479 Od.
645 1447 676 1486 3,
691 1448 745 1487 ⁶21,
761 1448 801 1479 43
814 1455 893 1488 sqq.

243 1499 284 1529 22
302 1516 321 1522 -
337 1497 390 1530 24.
437 1496 560 1538 merce]
603 1498 799 1537 «unguento
838 1495 894 1529 illo

200 1547 364 1586 nardino,
384 1556 402 1578 e
416 1547 513 1587 Syria
533 1548 679 1578 Romam
695 1547 840 1578 misso.»
856 1563 892 1568 —

199 1596 390 1637 Immunem]
418 1591 681 1637 «ἀσύμβολον,
707 1594 790 1627 nihil
813 1594 896 1626 affe-

201 1647 374 1677 rentem.»
405 1645 544 1676 Terent.
563 1644 703 1677 Phorm.
722 1645 759 1684 Ξ,
777 1645 815 1683 2,
833 1644 891 1675 25:

204 1695 265 1726 Ten
289 1693 492 1734 asymbolum
512 1694 647 1726 venire!
671 1694 738 1725 cet.
768 1711 804 1716 —-
828 1702 894 1724 non

201 1753 259 1785 eqo
279 1761 294 1766 -
315 1761 330 1766 -
353 1743 508 1784 medicor]
552 1742 682 1785 «probe
713 1743 800 1776 scito
824 1751 894 1774 non

201 1794 295 1825 hunc
320 1793 403 1825 mihi
420 1794 576 1824 animum
601 1801 715 1825 esse.»
751 1791 818 1833 (Ich
841 1791 895 1823 bin

202 1851 268 1883 yar
279 1843 366 1873 nicht
381 1842 542 1882 willens.)
559 1860 594 1864 —
613 1841 748 1883 tingere]
766 1842 804 1873 ut
818 1841 896 1883 τέγ-

201 1900 298 1934 «few,
322 1889 494 1936 βοέχειν,
513 1890 753 1929 madefacere,
773 1890 896 1930 irriga-

203 1950 254 1973 r.e
278 1960 312 1964 —
329 1941 430 1973 Plena
445 1958 464 1963 -
478 1958 497 1963 -
513 1939 622 1981 domo]
648 1938 833 1980 locuplete,
859 1939 898 1970 ut

203 1990 264 2023 Od.
283 1991 314 2029 2,
336 1990 388 2029 42,
403 1989 467 2022 24.
485 1989 757 2022 PlenasArabum
773 1989 894 2020 domos.

245 2048 322 2080 25-
338 2047 391 2079 28.
433 2046 610 2087 Γιθνωη]
603 2045 692 2076 «Sed
727 2043 897 2085 quidquid

205 2100 238 2130 te
256 2106 348 2130 nunc
366 2098 534 2137 occupat,
553 2095 694 2131 venies;
721 2103 784 2134 ego
803 2094 897 2126 enim

205 2149 237 2179 te
272 2155 334 2188 pro
370 2147 468 2178 certo
501 2146 703 2186 exspecto.»
742 2161 776 2166 -—
813 2152 899 2183 pone

203 2195 326 2236 moras]
352 2196 413 2227 Od.
434 2195 466 2234 3,
484 2195 537 2233 ΞΕ),
555 2196 574 2226 5
591 2204 597 2224 ;
623 2195 711 2233 eripe
727 2197 757 2225 te
771 2201 895 2224 morae.

208 2264 241 2267 —
267 2248 296 2277 el
323 2245 466 2276 studium
496 2243 596 2285 lucri]
635 2244 706 2275 Hoc
731 2250 896 2283 quoque,

203 2296 241 2326 ut
265 2293 363 2326 facile
388 2295 441 2326 est
465 2292 659 2331 intellectu,
694 2300 758 2334 per
783 2292 898 2323 iocum

205 2343 287 2375 dicit
322 2352 408 2384 pro:
457 2343 628 2383 «negotiis
663 2341 801 2373 omissis
836 2349 899 2381 per

205 2393 308 2424 horas
332 2391 462 2433 aliquot
491 2392 695 2424 subsecivas
719 2391 820 2431 genio
846 2390 898 2421 in-

206 2440 343 2482 dulge.›
374 2442 468 2474 Mitte
491 2442 573 2473 letes
587 2450 658 2481 spes
672 2443 701 2472 el
717 2440 899 2471 certamina

946 1151 1160 1194 οἰκονομίᾳ.
1215 1152 1361 1183 Prorsus
1396 1152 1515 1183 autem
1548 1152 1639 1183 anti-

946 1208 1097 1240 quorum
1129 1199 1287 1232 moribus
1318 1208 1359 1231 ac
1389 1201 1508 1232 sensui
1530 1209 1640 1241 repu-

945 1251 1051 1289 gnant
1074 1248 1160 1281 aliae
1185 1248 1452 1290 explicationes:
1492 1259 1556 1282 «ne
1581 1250 1641 1281 de-

945 1299 1086 1330 tinearis
1135 1297 1221 1330 lucri
1265 1299 1300 1330 in
1338 1298 1488 1330 emenda
1528 1299 1638 1330 nardo

944 1347 1092 1379 faciendi
1128 1348 1264 1386 studio,
1309 1348 1349 1379 ut
1387 1346 1534 1380 lucreris
1577 1347 1641 1379 ali-

945 1396 1167 1437 quantulum,
1224 1395 1355 1428 salubri
1393 1405 1473 1429 eam
1511 1405 1641 1438 parans

944 1447 1096 1488 preti0»;
1133 1446 1210 1478 vel:
1249 1455 1319 1478 «ne
1352 1446 1410 1478 diu
1435 1447 1638 1488 expendas,

944 1497 1023 1527 uter
1046 1498 1204 1528 nostrum
1227 1496 1261 1527 in
1285 1496 1352 1527 hac
1374 1495 1555 1528 collatione
1577 1495 1641 1529 ali-

944 1545 1028 1585 quid
1043 1544 1156 1577 lucelli
1172 1545 1308 1577 faciat.»
1327 1563 1365 1568 —
1389 1546 1573 1586 Nigrorum
1587 1563 1606 1568 -
1622 1563 1641 1569 -

943 1595 1080 1637 ignium]
1108 1594 1286 1636 «lugubris
1309 1595 1424 1636 rogi»;
1451 1597 1489 1627 ut
1509 1595 1638 1635 omnia,

945 1654 1035 1686 quae
1060 1644 1105 1676 ad
1129 1646 1281 1676 mortem
1304 1645 1503 1685 pertinent,
1529 1645 1638 1685 nigra,

945 1696 1030 1726 atra.
1071 1695 1127 1726 Sic
1158 1694 1250 1734 Virg.
1281 1695 1366 1725 Aen.
1398 1694 1431 1724 44
1450 1719 1457 1732 ,
1489 1694 1562 1726 486.
1606 1694 1642 1725 et

944 1744 1041 1776 Ovid.
1062 1745 1151 1776 Fast.
1171 1744 1208 1783 2,
1227 1743 1301 1775 559.
1328 1743 1423 1774 busti
1438 1742 1530 1783 ignes
1545 1746 1638 1774 atros

945 1793 1117 1825 dixerunt.
1150 1810 1187 1815 —
1228 1793 1306 1823 dum
1329 1792 1420 1832 licet]
1461 1792 1561 1830 Quod
1596 1791 1640 1824 ad

944 1843 1155 1875 sententiam
1178 1842 1318 1881 attinet,
1344 1841 1572 1873 referendum
1596 1841 1641 1873 ad

944 1901 977 1923 v.
1014 1892 1128 1930 misce,
1173 1899 1242 1922 non
1282 1890 1326 1922 ad
1363 1899 1397 1921 v.
1437 1899 1573 1922 memor.
1603 1909 1638 1913 -—

945 1940 1104 1981 consiliis]
1132 1940 1322 1972 «severiori
1346 1940 1572 1980 sapientiae.»
1603 1957 1638 1962 —

947 1989 1100 2031 desipere]
1127 1989 1258 2020 «effusa
1280 1997 1363 2020 cum
1386 1987 1514 2019 laetitia
1539 1989 1641 2027 genio

947 2037 1161 2078 indulgere.»
1200 2055 1236 2060 —
1274 2037 1309 2068 in
1331 2037 1411 2078 loeo]
1440 2045 1524 2069 «suo
1550 2036 1638 2075 loco,

947 2089 1143 2129 opportuno
1180 2088 1358 2127 tempore,
1408 2085 1447 2117 ἐν
1485 2084 1640 2131 καιρῷ.»

947 2139 1084 2169 Terent.
1103 2134 1250 2177 Adelph.
1270 2136 1307 2174 2,
1333 2136 1370 2174 2,
1394 2135 1436 2167 8:
1464 2135 1642 2175 pecuniam

947 2187 981 2218 in
1005 2187 1074 2218 loco
1097 2185 1270 2226 περιέργει-ο.
1324 2185 1409 2225 Epp.
1444 2185 1456 2215 4
1473 2210 1480 2223 ,
1510 2184 1545 2222 7,
1575 2184 1637 2215 57:

943 2244 1128 2277 properare
1143 2235 1212 2267 loco
1228 2237 1258 2267 et
1281 2242 1416 2266 cessare.
1444 2231 1576 2265 Seneca
1595 2232 1638 2264 de

948 2287 1074 2327 Tranq.
1093 2293 1149 2317 an.
1171 2285 1228 2316 ⁴5:
1266 2284 1341 2315 Sive
1368 2283 1495 2315 Graeco
1521 2285 1642 2322 poetae

948 2336 1130 2374 credimus,
1161 2334 1341 2374 aliquando
1365 2336 1394 2364 et
1418 2333 1565 2364 insanire
1588 2333 1641 2363 ιἰι-

947 2385 1091 2417 cundum
1113 2387 1169 2416 est.
1195 2383 1367 2423 Theognis
1381 2381 1465 2413 3⁴3:
1489 2376 1549 2412 Ἐν
1571 2380 1641 2423 μὲι

948 2434 1196 2478 μαινομένοις
1212 2429 1317 2474 μάλα
1331 2432 1531 2472 μαίνοιιαι
1573 2431 1643 2463 Me-

205 2491 399 2523 divitiarum
433 2491 517 2522 item
550 2490 689 2531 scripsit
722 2490 898 2529 Toiquato
950 2484 1084 2516 nander
1113 2483 1215 2516 Mein
1247 2490 1280 2523 p.
1312 2481 1393 2512 45οῑ
1420 2475 1473 2511 Οὐ
1499 2488 1641 2511 παντα-

206 2541 290 2581 Epp.
317 2541 353 2579 4,
378 2541 415 2577 5
441 2540 536 2572 8.-
563 2540 626 2578 Qui
652 2538 695 2570 ad
721 2539 899 2571 Maronem
950 2532 1022 2572 χοῦ
1038 2530 1082 2565 τὸ
1099 2530 1291 2578 φρόνιμον
1308 2526 1487 2585 ἁρμόττει
1504 2526 1639 2574 παρόι,

207 2590 272 2621 hoc
307 2597 449 2620 (armen
498 2588 588 2621 refer
592 2590 667 2626 unt,

721 2589 820 2619 caute
867 2588 901 2618 ct
951 2584 1012 2616 καὶ
1037 2579 1281 2624 συμιιανῆιαι
1307 2578 1337 2610 ὀ
1363 2574 1443 2611 ῗιια
1467 2576 1533 2610 δεῖ.
