1997 3219
381 233 402 263 X
986 229 1231 262 PRAEFATIO.

378 335 457 378 hac
490 343 604 378 reete
629 334 817 377 iudicare
840 333 1136 376 adolescentes
1158 332 1417 375 condiscant.
1479 333 1547 374 Sic
1570 346 1691 387 ergo,
1727 346 1820 374 cer-

380 424 465 458 tum
503 415 678 457 modum
720 415 753 457 si
796 414 1133 478 servaverimus,
1180 413 1293 455 haud
1335 413 1531 467 exiguam
1571 426 1695 455 omne
1743 412 1820 454 hoc

379 496 671 552 exemplorum
712 509 846 551 genus
885 494 1105 537 utilitatem
1138 494 1369 537 lectoribus
1400 493 1692 550 praebiturum
1723 506 1821 535 esse

379 577 560 619 confido.

462 659 507 699 In
553 656 729 713 singulis
773 656 898 699 huius
941 656 1036 699 libri
1082 655 1263 713 plagulis
1312 661 1509 698 accurate
1556 652 1820 711 corrigendis

379 738 555 781 multum
590 752 658 781 me
695 738 797 780 iuvit
830 737 985 780 Baiteri
1021 737 1103 780 mei
1142 737 1277 779 amica
1313 735 1552 792 diligentia3
1587 741 1819 777 metrorum

379 826 521 862 autem
551 819 876 861 Horatianorum
903 818 1080 861 brevem
1112 817 1418 874 expositionem
1450 816 1683 859 elaboravit
1715 816 1822 870 opti-

380 914 474 942 mae
506 901 599 956 spei
644 900 920 949 adolescens,>
964 899 1173 942 Henrieus
1207 898 1517 941 Schweizerus.
1566 895 1819 938 Turieensis.

466 1029 714 1072 Scribebam
747 1030 884 1072 Turici
915 1030 982 1071 XI.
1014 1030 1062 1070 D.
1095 1029 1255 1071 mensis
1288 1027 1433 1070 Martii.

719 1111 768 1151 M.
802 1110 954 1153 DCCC.
986 1109 1181 1151 XXXVII.

893 1409 1306 1449 Pmra'no

750 1510 1079 1552 EDITIONIS
1128 1509 1471 1552 SECUNDAE.

471 1710 644 1750 Praeter
689 1707 1050 1763 exspectationem
1090 1721 1186 1749 cum
1227 1707 1438 1750 evenerit,
1486 1714 1531 1748 ut
1570 1706 1635 1749 vel
1680 1708 1827 1750 ferreis

388 1789 450 1830 his
483 1787 747 1843 temporibus
793 1788 876 1829 iam
907 1794 1003 1843 post
1046 1787 1384 1844 quinquennium
1426 1787 1669 1830 necessaria
1708 1787 1828 1830 fieret

389 1869 547 1912 Horatii
580 1869 662 1911 mei
695 1869 907 1924 repetitio,
951 1867 1153 1924 equidem
1184 1868 1372 1924 praestiti
1406 1868 1523 1924 quod
1553 1868 1693 1924 potui,
1734 1881 1828 1910 eor—

391 1950 478 1993 rexi
508 1963 698 1998 errores,
744 1948 908 1992 addidi.
956 1962 1068 2005 quae
1108 1947 1176 1989 illo
1207 1962 1258 1990 ex
1294 1955 1486 2004 tempore
1518 1947 1668 1990 sedulo
1699 1947 1828 1989 eolle-

389 2044 547 2087 ¹geram.
609 2030 808 2072 Ceterum
850 2028 963 2070 haud
1004 2042 1140 2084 pauca
1182 2027 1321 2070 debeo
1352 2028 1695 2077 Walakenaerin,
1741 2027 1828 2069 Dil-

391 2111 664 2165 {cubui-gero,
698 2109 917 2155 Lu'bkero.
951 2108 1154 2155 Frankio,
1188 2107 1382 2164 Regelio‚
1418 2114 1545 2164 atque
1567 2108 1608 2149 in
1630 2106 1827 2164 Epistolis

392 2191 581 2233 Obbario
613 2197 655 2233 et
685 2189 913 2232 Selnnidio.
974 2191 1089 2231 Nova
1120 2195 1262 2231 autem
1293 2187 1485 2230 subsidia
1506 2188 1650 2230 critica
1681 2193 1828 2229 nactus

392 2285 475 2312 non
514 2284 628 2316 sum,
675 2276 976 2325 praeterquam
1015 2269 1056 2309 in
1097 2268 1293 2324 Epistolis
1333 2267 1473 2310 lacera
1503 2267 1717 2323 quaedam
1746 2267 1828 2308 sra-

391 2355 559 2406 ginenta
599 2349 702 2391 Cod.
743 2348 1046 2391 Einsiedlensis
1092 2349 1183 2391 See.
1226 2349 1271 2389 X.
1327 2348 1413 2402 (E);
1473 2347 1550 2390 sed
1590 2346 1829 2390 accuratius

394 2443 505 2472 nunc
551 2429 714 2485 inspexi
756 2429 1002 2471 varietatem
1049 2428 1252 2471 Codicum
1298 2427 1487 2470 Oberlini
1531 2441 1581 2470 ac
1628 2426 1827 2469 Pottierii.

397 2513 622 2553 Praeterea
661 2523 714 2552 ex
754 2509 866 2551 dono
908 2509 1158 2552 amicorum,
1206 2508 1424 2563 Borbergii
1457 2515 1498 2550 et
1537 2507 1720 2561 Rettigii,
1768 2506 1830 2547 in-

396 2591 648 2645 scriptiones
690 2589 822 2632 Codd.
853 2589 1132 2632 Bernensium
1172 2588 1259 2631 Bbc
1303 2595 1344 2631 et
1385 2586 1670 2644 Sangallensis
1709 2586 1830 2642 oppi-

398 2670 494 2711 dani
528 2670 582 2724 (S)
616 2670 794 2725 adeptus
825 2684 940 2719 sum;
987 2669 1089 2711 Cod.
1120 2668 1379 2711 Turieensis.
1426 2682 1554 2724 quem
1585 2673 1715 2709 totum
1755 2666 1831 2709 de-

403 2764 483 2793 nuo
525 2750 700 2797 contuli,
748 2750 1043 2805 inscriptiones
1087 2749 1178 2805 ipse
1221 2750 1426 2805 excerpsi.
1487 2747 1616 2790 Cuius
1657 2745 1829 2803 quidem
