1997 3219
319 271 332 310 a

344 270 394 310 δέ

819 270 986 301 llORATlI
1013 269 1233 302 CARMlNUM

483 373 523 415 Si
556 387 638 414 non
671 371 879 428 supplicio
911 371 1035 428 culpa
1066 371 1287 414 reciditur.

397 453 538 509 'Quid
570 452 685 508 leges
718 452 807 494 sine
840 451 1030 493 moribus

1702 453 1754 492 3·“)

487 534 624 574 Vanae
655 531 900 588 proficiunt,
935 532 968 572 si
1002 545 1142 587 neque
1175 530 1346 572 fervidis

431 640 531 679 Pars
564 635 726 679 inclusa
757 635 982 679 caloribus

485 717 626 759 Mundi
664 730 742 759 nec
773 718 937 759 Boreae
968 713 1190 757 finitimum
1222 715 1329 757 latus

430 799 703 853 Durataeque
735 796 826 839 solo
857 797 978 840 nives

484 878 762 920 Mercatorem
795 876 989 933 abigunt,
1024 876 1196 917 horrida
1227 875 1364 918 callidi

404 1021 456 1053 39.
482 1020 562 1061 solo]
586 1020 661 1061 qelu
685 1018 862 1052 Bentleius
888 1020 976 1051 coni.

319 1144 556 1184 dignationem
569 1142 670 1175 valde
687 1143 907 1184 impetuosae
925 1141 1019 1174 elau-

321 1192 417 1225 sulae
430 1193 590 1234 poeticae
605 1217 611 1230 ,
631 1200 739 1232 quam
755 1200 869 1232 nuper
884 1199 1019 1223 nonne-

319 1251 378 1274 mo
402 1243 530 1273 misere
553 1242 603 1273 sic
626 1241 831 1282 discerpsit:
865 1240 950 1280 Quid
967 1257 985 1262 -
999 1257 1017 1262 -

317 1292 493 1333 proficiunt
501 1290 517 1322 P
540 1291 577 1323 Si
588 1308 607 1313 —
618 1308 636 1313 -
649 1290 804 1331 abi-quat,
822 1290 961 1321 horrida
972 1306 991 1311 —
999 1305 1019 1311 -—

319 1341 475 1372 navitae:
507 1342 670 1381 Mafflzum
689 1358 708 1363 -
730 1358 748 1363 -
769 1340 908 1371 arduae.
931 1339 1016 1380 (sine

323 1391 490 1430 interrog.
510 1389 634 1430 signo.)
657 1408 691 1412 -
717 1388 888 1430 reciditur]
912 1387 1019 1419 veluti

323 1439 423 1471 uleus
441 1438 645 1470 insanabile.
668 1457 704 1461 —
725 1439 809 1478 Quid
824 1438 918 1479 leges]
938 1438 1021 1468 «Le-

321 1497 382 1530 ges
400 1489 515 1520 irritae
540 1489 703 1527 manent,
731 1488 797 1519 nisi
820 1495 943 1519 earum
966 1494 1020 1517 se-

320 1538 459 1570 veritati
480 1538 608 1569 civium
625 1545 745 1568 mores
764 1535 1017 1577 respondent.»

323 1588 444 1626 i«Quid
459 1586 555 1627 leges
571 1586 778 1627 proficiunt,
797 1594 888 1626 quae
905 1593 1018 1616 vanae

323 1639 404 1668 sunt
433 1637 507 1668 sine
531 1635 708 1673 moribus,
748 1642 838 1675 quos
868 1634 1018 1666 eaedem

322 1685 614 1727 praescribunw»
663 1685 712 1715 DE
738 1684 831 1715 Roov
854 1683 899 1715 ad
925 1683 1019 1715 Mar-

323 1735 392 1767 tial.
418 1744 452 1776 p.
479 1734 545 1774 7⁶2.)
569 1752 603 1755 —
629 1733 657 1763 si
679 1732 793 1773 neque]
818 1733 914 1764 Hanc
938 1740 1020 1763 sen-

324 1785 491 1817 tentiam:
519 1783 567 1814 «si
592 1781 795 1813 insatiabilis
820 1780 906 1812 lucri
923 1781 1018 1821 eupi—

324 1835 370 1866 do
387 1841 511 1864 omnes
528 1834 749 1863 transversos
774 1831 884 1871 agit3»
910 1831 1016 1861 variis

324 1882 533 1923 imaginibus
557 1882 719 1913 exornat:
758 1881 1018 1911 «mercatorem

326 1941 395 1963 non
412 1931 588 1963 absterret
604 1939 623 1961 a
637 1932 787 1970 quaestu
802 1937 1022 1970 persequen-

325 1981 371 2013 do
402 1989 469 2012 nec
500 1979 631 2011 torrida
654 1987 770 2019 neque
795 1977 909 2018 gelida
932 1987 1020 2009 zona

327 2032 417 2062 cet.»
458 2048 493 2051 —
531 2029 657 2060 Boreae
688 2027 880 2068 finitimum]
921 2027 1019 2059 Ovid.

326 2080 466 2111 Metam.
494 2079 532 2117 tt,
558 2077 623 2109 64:
649 2077 819 2116 Scythiam
840 2080 1024 2116 septemque

328 2128 467 2159 trionem
482 2126 635 2167 Hor-riser
657 2126 779 2157 invasit
796 2126 936 2166 Boreas,
962 2125 1025 2156 uhi

326 2178 520 2218 perpetuae
545 2176 643 2207 nites
668 2177 766 2214 suni,
793 2176 826 2205 in
850 2174 925 2206 solo
943 2183 1026 2206 con-

327 2226 473 2267 gelatae.
502 2244 536 2247 ——
557 2226 771 2263 Durataeque
790 2224 872 2265 solo]
891 2224 1022 2255 Tatian.

328 2276 408 2307 adv.
436 2276 566 2307 Gentes
590 2275 655 2305 20:
697 2274 735 2304 οἱ
758 2270 825 2313 τὰς
857 2283 1025 2319 γεωγρα-

328 2327 421 2365 φίας
444 2321 725 2364 ἐκπονήσαντες
748 2318 958 2367 ι,Ῑτισῖσανῑτο
973 2342 992 2347 -
1008 2340 1027 2345 —

329 2373 454 2406 τόπων
487 2373 558 2415 μὲν
581 2370 625 2404 τὸ
652 2368 840 2417 ἔκπυρον,
877 2371 952 2404 τῶν
985 2371 1025 2404 δὲ

329 2421 373 2455 τὸ
408 2420 566 2469 ψυχρὸν
611 2423 675 2453 καὶ
720 2420 1023 2464 ὃιαπεπηγός.

331 2474 456 2505 «Nives
468 2498 475 2512 ,
494 2480 584 2512 quae
602 2472 757 2513 primum
773 2474 894 2512 putres
913 2476 1024 2511 erant,

330 2521 409 2563 gelu
444 2522 632 2553 adstrictae
668 2520 815 2552 firmiter
850 2520 916 2552 illic
953 2521 1026 2552 solo

331 2572 559 2603 adhaerent.»
604 2571 680 2602 Solo
696 2579 760 2610 pro
785 2570 838 2601 «in
864 2570 955 2609 solo⁷
982 2570 1027 2601 ad

332 2620 481 2652 solum.»
539 2620 715 2660 Significat
750 2628 810 2650 eas
847 2629 1026 2660 nunquam

333 2669 437 2708 solvi⁷
473 2671 511 2700 ut
545 2670 583 2701 fit
616 2670 647 2700 in
678 2668 856 2700 Helvetiae
890 2669 1027 2709 alpibns

333 2718 546 2758 glacialibus.
573 2720 659 2750 Prae
677 2718 743 2749 hae
759 2718 909 2757 imagine
929 2719 1029 2749 Bent-

334 2767 389 2799 leii
424 2767 505 2799 illud
539 2768 614 2808 gelu
649 2767 799 2799 otiosum
830 2769 960 2799 manet.
990 2785 1025 2789 —

335 2817 447 2847 callidi
474 2835 491 2839 -
517 2835 534 2839 -
565 2816 718 2856 navitae]
772 2817 1027 2855 «naxigationis

1708 877 1760 916 lio

1067 1142 1157 1173 adeo
1186 1142 1306 1183 periti,
1341 1144 1379 1173 ut
1411 1142 1613 1173 discrimina
1644 1150 1763 1173 reruni

1067 1199 1108 1223 ac
1132 1190 1312 1231 naufragia
1335 1190 1546 1232 plerumque
1571 1192 1763 1223 devitent.»

1068 1240 1137 1272 Csr.
1164 1241 1250 1281 Epp.
1278 1241 1309 1279 ¹1,
1337 1241 1372 1279 4,
1398 1239 1451 1272 45.

1111 1313 1152 1346 42
1169 1332 1188 1337 -
1202 1313 1256 1346 44.
1281 1315 1444 1354 Magnum
1459 1314 1541 1355 oet.]
1566 1315 1697 1355 Repete
1723 1323 1766 1345 ex

1067 1363 1258 1404 praecedd.
1287 1363 1324 1394 si.
1351 1363 1469 1404 Eurip.
1498 1362 1548 1394 El.
1578 1362 1658 1394 375:
1686 1359 1765 1400 ἔχει

1068 1410 1187 1444 νόσον
1210 1412 1349 1451 Πενία,
1388 1410 1558 1444 διδάσκει
1589 1410 1619 1443 δ’
1644 1407 1766 1457 ἄνδρα

1068 1459 1113 1507 τῇ
1142 1463 1252 1507 χρείᾳ
1279 1459 1411 1493 κακόν.
1444 1463 1574 1493 Lucian
1591 1462 1634 1493 de
1653 1471 1763 1493 merc.

1069 1511 1174 1543 cond.
1193 1521 1228 1552 p.
1248 1512 1331 1542 7117:
1370 1511 1490 1543 Πενία
1505 1509 1628 1542 πάντα
1645 1514 1768 1543 ποιεῖν

1067 1560 1131 1591 καὶ
1174 1558 1338 1598 πάσχειν
1384 1556 1650 1593 ἀναπείθουσα
1665 1586 1673 1599 ,
1714 1559 1766 1601 ὠς

1067 1609 1231 1652 ἐκφύγοι
1255 1620 1310 1650 τις
1333 1606 1464 1652 αὐτήν.
1493 1610 1562 1643 Csr.
1583 1612 1652 1642 Sat.
1672 1611 1711 1650 2,
1731 1611 1762 1650 3,

1068 1659 1122 1691 94.
1162 1677 1197 1682 —
1233 1660 1399 1691 Virtutis—
1415 1677 1433 1682 -
1450 1660 1598 1701 arduae]
1636 1669 1770 1700 «quam

1068 1708 1185 1740 colere
1203 1717 1261 1740 res
1280 1710 1333 1740 est
1361 1708 1544 1740 difficilis.»
1579 1710 1659 1741 Sine
1679 1718 1766 1741 oau—

1066 1766 1104 1790 sa
1121 1757 1294 1798 volgatius
1316 1759 1408 1790 viam
1431 1759 1593 1799 ffi'irtutis)
1620 1760 1767 1790 arduam

1066 1815 1108 1839 ex
1132 1808 1275 1839 Hesiodi
1297 1809 1334 1840 E.
1360 1809 1435 1839 ⁵287.
1469 1808 1623 1840 malebat
1653 1810 1759 1841 Lam-

1066 1857 1189 1889 binus.
1221 1858 1305 1888 Stat.
1332 1857 1441 1889 Theb.
1469 1858 1528 1897 210,
1555 1857 1640 1890 845:
1681 1859 1769 1889 Hac>

1071 1907 1137 1946 ait,
1162 1907 1196 1938 in
1221 1906 1363 1945 Theba-s,
1394 1907 1456 1938 hac
1478 1916 1530 1938 me
1554 1907 1638 1938 iubet
1661 1909 1772 1939 ardua

1070 1957 1177 1988 virtus
1191 1956 1254 1987 Ire.
1277 1974 1313 1978 -
1332 1956 1459 1996 deserit]
1484 1956 1676 1997 Resunipto
1694 1966 1772 1988 ver-

1072 2006 1118 2037 bo
1155 2005 1251 2036 finito
1284 2004 1392 2036 multo
1426 2004 1605 2036 efficacior
1628 2006 1665 2036 fit
1689 2015 1771 2038 seu-

1073 2054 1180 2086 tentia
1205 2054 1408 2095 gratiusque
1425 2055 1581 2085 variatur
1606 2055 1680 2085 eius
1706 2055 1773 2087 sor-

1073 2112 1131 2135 ma
1167 2112 1274 2144 quam
1319 2103 1347 2135 si
1389 2111 1431 2134 ex
1467 2102 1599 2143 volgari
1637 2104 1770 2135 ratione

1074 2153 1317 2185 continuasset
1350 2152 1555 2191 infinitivo&
1604 2152 1730 2184 iubet-
1754 2171 1773 2176 -

1074 2203 1230 2234 deserere.
1280 2202 1467 2233 Praeterea
1491 2202 1648 2243 prudens
1673 2202 1773 2233 devi-

1076 2252 1160 2283 taxit
1191 2252 1365 2292 ingratum
1397 2259 1612 2282 coneursum
1636 2250 1771 2283 litterae

1076 2302 1221 2334 caninae
1246 2302 1391 2332 deserere
1414 2301 1553 2332 arduae.

1119 2375 1172 2407 45.
1199 2374 1252 2406 46.
1283 2374 1336 2405 Vel
1357 2374 1426 2415 nos]
1452 2375 1525 2405 lam
1543 2376 1579 2405 ut
1601 2375 1633 2405 in
1651 2374 1772 2415 Epodo

1075 2424 1160 2456 XVI.
1198 2424 1342 2455 unicum
1378 2423 1549 2454 adversus
1585 2424 1773 2455 imminen-

1077 2475 1148 2505 tem
1168 2473 1362 2514 pernioiem
1381 2473 1580 2504 remedium
1598 2473 1630 2504 in
1648 2482 1689 2504 eo
1713 2483 1775 2514 po-

1076 2524 1142 2562 nit,
1168 2524 1207 2553 ut
1228 2522 1349 2553 relicta
1374 2522 1467 2553 Italia
1493 2521 1659 2553 meliores
1676 2523 1772 2553 cives

1079 2573 1157 2611 suga
1182 2573 1304 2612 petant
1327 2572 1515 2603 Beatorum
1541 2571 1690 2608 insulas,
1728 2571 1772 2602 ita

1078 2622 1132 2652 hic
1157 2619 1259 2652 simili
1285 2620 1417 2660 impetu
1440 2621 1579 2661 poetico
1607 2620 1774 2660 abreptus

1078 2670 1221 2709 suadet,
1249 2671 1287 2700 ut
1310 2678 1483 2709 generoso
1507 2668 1649 2701 consilio
1671 2672 1773 2709 capto

1079 2720 1220 2751 divitiae
1245 2728 1369 2750 onmes
1394 2718 1484 2750 illico
1509 2720 1613 2758 atque
1639 2718 1672 2749 in
1697 2727 1777 2758 per-

1079 2770 1226 2809 petuum
1243 2767 1461 2799 aboleantur.
1505 2768 1543 2798 Et
1569 2767 1602 2798 id
1628 2766 1774 2807 quidem

1080 2817 1220 2847 (luobus
1253 2817 1388 2855 modis,
1430 2818 1519 2847 inter
1549 2824 1637 2856 quos
1662 2825 1776 2856 popu-
