1997 3219
320 167 372 198 Xll
925 169 1167 201 l‘nAEl·'.ths-).

584 345 638 383 J·
660 344 726 384 G.
746 345 1048 385 BA111=R1
1079 347 1492 387 rRAErAmlo

707 452 1042 494 EDlTlONlS
1083 453 1362 494 TERTlAE.

402 697 639 741 Divenditis
688 697 885 741 editionis
934 697 1149 741 secundae
1199 697 1513 754 exemplaribus
1558 699 1754 742 omnibus

315 778 611 835 redemptores
650 778 936 822 honestissimi
980 779 1150 821 ineunte
1182 793 1292 821 anno
1323 779 1449 822 huius
1481 779 1614 823 seculi
1648 794 1754 836 qua-

314 859 556 915 dragesimo
594 865 744 902 octavo
785 858 837 901 ab
882 859 1046 909 editore
1088 858 1325 902 clarissimo
1356 859 1597 916 petiverunt
1627 867 1753 916 atque

315 940 436 983 facile
467 940 768 996 impetrarunt,
803 946 848 982 ut
878 954 1007 996 quam
1028 940 1230 982 citissime
1251 947 1422 995 pararet
1443 940 1620 983 tertiam.
1652 942 1755 983 Nam

315 1021 394 1063 etsi
424 1021 489 1062 vir
519 1020 907 1063 desideratissimus
939 1020 1022 1062 iam
1052 1026 1140 1062 tum
1172 1033 1224 1063 eo
1245 1020 1395 1063 morbo
1417 1019 1648 1071 laborabat,
1682 1021 1755 1076 qui

315 1102 425 1144 vitae
455 1100 604 1143 litteris
636 1107 677 1144 et
707 1101 854 1144 amicis
877 1100 1124 1143 utilissimae
1157 1107 1253 1156 post
1277 1100 1506 1144 duodecim
1527 1100 1615 1144 fere
1636 1114 1756 1143 men-

315 1194 386 1224 ses
424 1182 554 1224 finem
593 1181 779 1223 facturus
819 1186 929 1230 erat,
973 1187 1115 1223 tamen
1144 1187 1284 1223 mente
1327 1188 1369 1223 et
1408 1182 1576 1237 ingenio
1618 1180 1757 1223 adhuc

316 1263 372 1304 ita
411 1261 601 1317 vigebat,
648 1268 695 1304 ut
730 1261 922 1317 corporis
964 1260 1202 1303 infirmitate
1233 1268 1453 1317 superata,
1501 1260 1617 1317 quod
1646 1261 1757 1303 vitae

320 1341 524 1391 restabat,
560 1341 735 1384 Horatio
760 1355 839 1383 suo
870 1340 1119 1397 impendere
1150 1348 1307 1397 posset.
1369 1342 1463 1392 Quo
1494 1342 1649 1383 sactum
1680 1348 1755 1389 est,

321 1429 366 1464 ut
396 1423 488 1478 ipse
519 1421 717 1464 volumen
747 1421 866 1477 prius
896 1427 1058 1463 tantum
1089 1434 1173 1462 non
1194 1420 1435 1463 absolveret
1466 1428 1507 1464 et
1537 1421 1629 1463 eius
1660 1420 1758 1463 folia

318 1502 479 1558 aliquot
520 1502 646 1558 paulo
686 1508 782 1544 ante
823 1501 985 1544 obitum
1027 1501 1153 1543 etiam
1192 1501 1306 1558 typis
1348 1515 1552 1557 expressa
1581 1501 1756 1543 videret.

320 1584 570 1625 Ceterorum
591 1589 733 1625 autem
754 1581 1121 1625 retractandorum
1142 1595 1193 1623 ex
1223 1581 1356 1637 ipsius
1376 1581 1522 1623 Orellii
1544 1580 1756 1623 voluntate

319 1662 419 1705 mihi
452 1676 553 1705 cura
585 1662 858 1718 suscipienda
889 1669 997 1711 erat,
1033 1676 1162 1718 quem
1193 1662 1509 1705 adolescentem
1540 1662 1594 1703 ad
1623 1661 1757 1703 bonas

319 1743 478 1786 litteras
497 1743 773 1793 excitaverat,
803 1743 1001 1784 iuvenem
1023 1749 1064 1784 et
1086 1742 1223 1785 virum
1244 1743 1358 1785 omni
1380 1742 1542 1784 ratione
1562 1742 1758 1784 firmave-

317 1830 381 1866 rat
412 1830 454 1866 et
488 1823 765 1871 sustinuerat,
804 1823 992 1865 omnium
1026 1822 1264 1864 studiorum
1295 1836 1470 1865 suorum
1507 1837 1583 1879 per
1614 1821 1758 1877 viginti

320 1917 452 1945 annos
484 1903 665 1952 socium,
699 1916 951 1945 arcanorum
973 1904 1161 1944 omnium
1184 1903 1402 1946 conscium
1426 1916 1523 1946 esse
1553 1901 1756 1950 voluerat,

319 1984 475 2027 eodem
496 1983 700 2040 denique,
733 1983 834 2025 dum
868 1982 1072 2039 spirabat,
1105 1996 1250 2025 amore
1279 1983 1499 2039 amplexus
1531 1989 1638 2030 erat,
1672 1995 1758 2037 quo

321 2078 367 2107 se
399 2064 498 2106 mihi
530 2064 730 2106 dilectum
763 2078 860 2106 esse
891 2063 1025 2119 probe
1056 2062 1228 2105 sciebat.
1262 2064 1308 2104 In
1339 2077 1423 2119 qua
1450 2076 1552 2105 cura
1586 2062 1757 2119 egregie

321 2159 388 2187 me
416 2144 576 2187 adiuvit
601 2145 725 2186 HENR.
749 2145 1018 2193 Scuwfflzmu,
1043 2143 1231 2198 collegae
1255 2144 1608 2190 coniunctissimi,
1633 2156 1759 2185 accu-

323 2232 411 2267 rata
441 2224 679 2281 diligentia3
718 2224 971 2266 adiuverunt
1007 2224 1133 2266 etiam
1164 2230 1334 2279 praeter
1364 2224 1470 2266 alios
1503 2224 1545 2266 C.
1580 2224 1759 2265 HALMffls

323 2318 444 2347 meus
479 2312 520 2346 et
552 2305 680 2345 111115
717 2304 945 2352 Bromii-s,
998 2303 1073 2344 viri
1107 2303 1339 2345 doctissimi
1372 2311 1414 2346 et
1454 2303 1757 2351 humanissimi,

323 2384 572 2439 praesertim
604 2383 755 2426 libellis
778 2383 1039 2425 scholasticis
1067 2383 1121 2425 de
1151 2384 1322 2426 Horatio
1344 2383 1410 2425 vel
1438 2383 1759 2425 subministran—

325 2464 389 2506 dis¹
412 2464 475 2506 vel
499 2464 539 2505 in
562 2478 665 2506 usus
688 2477 806 2505 meos
823 2464 1116 2519 excerpendis.
1150 2464 1386 2514 Quominus
1410 2471 1552 2506 autem
1572 2463 1613 2504 in
1634 2461 1759 2504 ador-

327 2545 463 2586 nanda
502 2545 579 2586 hae
618 2544 803 2586 editione
843 2544 983 2585 omnia
1023 2550 1358 2599 praestarentur.
1404 2557 1514 2600 quae
1555 2542 1758 2599 praestari

326 2632 365 2665 et
387 2631 578 2679 poterant
608 2632 649 2666 et
678 2624 910 2668 debebant,
946 2624 1125 2666 maxime
1156 2624 1372 2680 impedivit
1392 2624 1517 2666 nimia
1550 2622 1616 2665 illa
1648 2622 1760 2665 sesti-

329 2704 459 2750 natio‚
497 2719 624 2760 quam
656 2704 912 2761 bibliopolae
944 2704 1127 2747 rationes
1159 2719 1182 2747 a
1214 2704 1335 2746 nobis
1369 2703 1620 2759 flagitabant.
1681 2704 1759 2744 Ac-
