1997 3219
692 208 767 239 ΗΒ.
795 209 848 240 111.
897 210 933 240 C.
963 209 1076 240 XVIII.

1556 209 1634 249 4047

374 311 505 366 Larga
536 323 614 352 nec
644 310 798 353 desunt
828 312 1003 354 Veneris
1036 312 1170 354 sodali

372 391 472 432 Vina
503 398 713 439 craterae,
746 399 866 434 vetus
900 407 973 434 ara
1004 392 1134 434 multo

486 472 632 513 Fumat
662 471 808 514 odore.

367 581 491 624 Ludit
522 582 705 625 herboso
737 597 869 640 pecus
901 597 1025 626 omne
1056 598 1227 640 campo,

369 662 474 704 Cum
504 662 576 705 tibi
608 665 752 705 Nonae
784 664 965 706 redeunt
994 663 1278 714 Decembres3

368 744 517 785 Festus
548 743 590 784 in
619 744 750 799 pratis
781 751 901 786 vacat

479 824 583 865 Cum
613 823 723 866 bove
754 837 910 880 pagus3

1589 663 1597 705 Ι
1609 667 1634 704 0

936 744 1071 786 otioso

365 935 477 977 Inter
507 934 692 977 audaces
723 934 849 991 lupus
881 942 994 977 errat
1024 948 1182 991 3311053

282 1092 311 1121 7.
348 1094 478 1122 cratere
500 1091 566 1129 Td,
604 1090 727 1129 Aldus,
765 1092 807 1127 L;
845 1091 910 1123 sed

934 1092 957 1122 L
980 1090 1121 1123 volebat
1151 1095 1312 1123 craterae.
1348 1108 1381 1114 -
1414 1094 1445 1123 8.
1472 1093 1586 1124 odore:

238 1141 334 1172 Ludit
367 1141 446 1172 LCt.
483 1159 516 1162 —
552 1141 602 1172 12.
631 1141 760 1180 pardus
793 1139 881 1179 bed,
918 1147 1054 1182 μνψω,
1093 1150 1183 1172 corr.
1211 1152 1255 1178 κ,
1293 1150 1365 1173 var.
1398 1141 1475 1173 leet.
1511 1140 1585 1184 βγι.

239 1192 320 1229 (non
342 1190 442 1229 BST.)

193 1331 357 1364 vernulae
383 1334 461 1363 sunt
492 1332 585 1373 apud
610 1333 728 1364 luven.
748 1333 804 1370 Μ,
831 1332 887 1363 97;

191 1382 440 1421 caput-aselli,
475 1382 525 1412 Ad
549 1382 635 1421 quod
658 1382 770 1413 lascivi
794 1382 887 1412 lude-

194 1431 273 1462 bant
290 1432 380 1462 ruris
392 1431 529 1462 alumni.
557 1430 652 1470 (Vide
665 1431 883 1470 Excursum.)

195 1498 230 1503 —
255 1480 404 1521 Aequus]
435 1479 489 1511 Ad
518 1479 586 1511 hoc
620 1488 696 1511 voc.
735 1480 885 1511 Torren—

196 1530 263 1560 tius
288 1530 395 1561 refert
417 1529 550 1560 variam
574 1528 653 1560 lect.
681 1529 765 1560 Cod.
784 1529 885 1560 unius

190 1578 312 1616 laetus,
339 1577 528 1609 Lambinus
551 1578 593 1609 ad
619 1588 651 1609 v.
678 1579 772 1616 lenis3
803 1577 885 1610 illud

191 1636 276 1659 sane
309 1626 537 1668 probabilius.
587 1627 655 1658 Sed
687 1636 767 1659 eum
792 1627 883 1659 nulla

191 1676 262 1708 fere
296 1677 425 1708 nitatur
453 1677 676 1716 auctoritate,
713 1685 732 1707 a
757 1677 883 1708 Critico

190 1725 351 1758 Leidensi
371 1734 439 1756 non
456 1725 611 1757 debebat
627 1725 880 1757 commendari.

232 1775 304 1807 5-8.
342 1775 390 1816 Si]
414 1777 542 1807 Preces
570 1784 676 1816 saepe
706 1777 883 1816 concipie-

188 1825 318 1856 bantur
334 1833 416 1856 cum
442 1824 640 1856 huiusmodi
665 1824 879 1857 condicione.

188 1875 264 1907 vid.
281 1874 396 1906 adOd.
415 1874 512 1912 ι1,32,
531 1875 560 1905 4.
577 1892 609 1897 —
622 1874 719 1913 pleno
731 1874 880 1915 nanno]

189 1924 233 1955 ad
259 1924 367 1955 finem
392 1925 581 1963 vergente,
608 1932 718 1964 prope
745 1925 878 1963 exacto,

189 1974 294 2005 Nonis
312 1972 581 2004 Decembribus.
603 1991 639 1995 -
668 1974 782 2014 Lai-qa
799 1973 878 2014 cet]

189 2024 242 2054 «Si
256 2022 348 2063 large
360 2021 514 2063 repletur
522 2023 602 2053 vino
612 2026 743 2054 cratera
759 2023 879 2062 (forma

188 2073 294 2103 etiam
327 2081 344 2102 a
371 2072 539 2103 Cicerone
563 2072 661 2102 Verr.
685 2074 766 2103 Ace.
792 2071 823 2103 li.
846 2071 877 2111 g.

188 2122 280 2159 43¹..
299 2122 362 2153 sed
376 2122 533 2162 inprimis
547 2130 565 2152 a
579 2122 689 2161 poetis
706 2122 782 2161 (Sat.
797 2122 828 2160 02,
847 2121 877 2160 4,

186 2172 239 2204 80.
255 2172 350 2203 Pers.
363 2172 393 2208 Ξ,
404 2171 471 2210 52.)
490 2173 652 2211 usurpata
667 2179 729 2211 pro
742 2170 877 2211 crater),

187 2229 277 2260 quae
313 2222 450 2251 cratera
485 2221 537 2251 est
579 2220 706 2251 Veneris
739 2220 876 2258 sodalis,

186 2272 356 2310 perpetua
389 2278 526 2308 comes,
564 2270 638 2301 sine
669 2278 737 2310 qua
762 2270 879 2301 Venus

187 2319 318 2359 friget.»
378 2320 553 2359 Lagenam
598 2322 802 2359 Anonymus
846 2319 878 2350 in

186 2369 288 2400 Antii.
320 2367 389 2400 Pal.
415 2369 439 2400 1.
465 2377 498 2409 p.
527 2369 600 2400 42¹.
628 2369 677 2401 sic
707 2367 876 2410 appellat:

187 2415 342 2454 Βάκχου
365 2418 430 2448 καὶ
446 2417 632 2449 Μουσέων
651 2415 759 2463 Magn}
773 2416 879 2462 λάτρι

186 2467 250 2498 καὶ
274 2466 494 2511 Κυθερείης.
520 2485 556 2489 -
576 2471 664 2498 vetus
688 2467 762 2508 ara]
790 2468 878 2499 «iam

187 2516 230 2547 ab
257 2515 336 2553 illis,
363 2516 420 2556 qui
446 2516 502 2546 diu
528 2518 606 2547 ante
633 2525 688 2547 me
712 2516 878 2548 Sabinum

186 2573 305 2596 meum
340 2565 590 2605 possederunt,
627 2567 803 2597 exstructa
835 2565 878 2596 ad

188 2613 348 2645 Faunalia
390 2614 642 2647 celebranda.»
685 2632 722 2636 —
762 2614 878 2655 odore]

190 2664 323 2695 «thuris
348 2663 474 2702 odore,
500 2664 742 2695 susii'nientis.»

229 2714 259 2742 9.
297 2713 409 2754 Ludit]
451 2713 537 2744 llinc
573 2713 741 2754 incipiunt
776 2714 881 2744 Fauni

187 2760 307 2793 laudes
358 2761 627 2803 Faunaliumque
679 2762 878 2803 descriptio.

937 1333 1041 1363 Recta
1075 1332 1248 1364 distinctio
1273 1334 1327 1364 est
1357 1334 1427 1364 iam
1451 1334 1485 1364 in
1508 1332 1629 1365 Aldina

938 1382 1032 1413 4509.
1080 1381 1142 1413 Alii
1174 1384 1253 1414 ante
1283 1382 1478 1414 Bentleium
1506 1383 1630 1424 iunge-

935 1430 1019 1462 bant
1039 1440 1118 1462 cum
1134 1440 1166 1462 v.
1193 1432 1229 1462 Si
1246 1431 1336 1472 (v.5).
1365 1449 1402 1454 —
1428 1432 1559 1463 herboso
1576 1450 1594 1455 -
1609 1450 1626 1455 —

935 1480 1062 1521 campo]
1082 1480 1152 1511 Sub
1171 1480 1268 1511 caelo
1285 1480 1403 1512 Italico
1419 1482 1533 1513 virent
1549 1482 1628 1513 her-

934 1529 1020 1568 bae⁷
1048 1538 1129 1561 cum
1154 1530 1245 1571 apud
1272 1539 1335 1562 nos
1359 1531 1429 1562 iam
1445 1531 1503 1561 diu
1526 1534 1624 1572 prata

934 1580 1025 1610 vieta
1060 1588 1101 1610 ac
1133 1579 1303 1611 deformia
1334 1583 1393 1611 aut
1428 1581 1505 1611 nive
1544 1590 1627 1612 coo-

933 1630 1032 1668 perta
1058 1630 1149 1660 sunt.
1264 1661 1269 1666 ,

978 1678 1028 1708 tl.
1060 1678 1108 1708 ¹³¹2.
1145 1678 1258 1708 Festus
1272 1695 1291 1700 -
1308 1678 1456 1719 -payus]
1482 1687 1625 1710 «omnes

933 1726 1112 1759 Mandelae
1129 1727 1243 1766 (hodie
1253 1727 1414 1767 Bandela)
1427 1728 1550 1768 pagani
1566 1727 1626 1759 tibi

933 1778 1123 1816 operantur
1151 1776 1326 1816 feriasque
1355 1778 1492 1815 agunt.»
1528 1777 1623 1808 ovid.

932 1825 1022 1856 Fast.
1051 1826 1085 1864 4,
1122 1825 1203 1856 669:
1249 1827 1359 1866 Passus
1387 1828 1466 1866 aya!
1496 1826 1623 1865 festum.

933 1874 1032 1912 Quod
1049 1873 1146 1906 multi
1161 1874 1270 1905 Codd.
1289 1883 1353 1916 pro
1368 1884 1475 1915 payns
1497 1874 1628 1906 liabent

926 1924 1056 1963 pardus
1090 1924 1211 1956 festive
1248 1923 1396 1965 explieat
1428 1924 1623 1955 Bentleius:

934 1973 1043 2004 «Vide
1077 1975 1111 2005 et
1140 1973 1215 2005 ride
1240 1974 1494 2005 monachorum
1528 1974 1626 2015 inge—

931 2023 1038 2054 nium.
1067 2023 1150 2060 Quia
1166 2022 1247 2054 illud
1261 2023 1477 2063 sequebatur
1490 2023 1533 2055 de
1549 2024 1625 2063 lupo

929 2071 1015 2102 inter
1037 2081 1140 2112 agnos
1162 2073 1320 2110 innocuo,
1346 2072 1447 2103 faceti
1465 2072 1624 2105 homines

931 2123 1191 2153 commutarunt
1223 2131 1331 2162 passus
1364 2123 1398 2154 in
1423 2123 1551 2162 pardus
1583 2132 1624 2154 ex

930 2170 1050 2201 Esaiae
1069 2170 1106 2201 C.
1129 2171 1180 2209 ii,
1202 2171 1239 2202 6:
1258 2171 1425 2202 Habitabit
1441 2173 1536 2211 lupus
1551 2181 1625 2203 cum

929 2227 1016 2259 assito
1037 2222 1067 2250 et
1077 2221 1206 2259 pardus
1223 2229 1295 2250 cum
1312 2220 1414 2251 haedo
1436 2220 1623 2252 accubabit:

928 2269 1048 2299 vitulus
1063 2273 1092 2300 et
1108 2270 1155 2300 leo
1169 2273 1197 2300 el
1214 2270 1281 2300 ovis
1296 2269 1392 2300 simul
1406 2270 1625 2301 morabuntur

929 2321 958 2349 et
980 2326 1066 2357 puer
1087 2318 1250 2358 parvulus
1271 2318 1408 2350 minabit
1443 2318 1623 2359 (Italorum

927 2376 1072 2406 menare,
1100 2367 1274 2399 Gallorum
1298 2368 1421 2409 mener)
1447 2378 1530 2400 eos.»

973 2416 1024 2447 43.
1047 2417 1134 2448 Inter
1147 2418 1228 2458 cet]
1244 2417 1437 2449 Perfectum
1451 2418 1555 2448 totius
1569 2427 1625 2449 ru-

928 2466 974 2496 ris
997 2465 1280 2506 tranquillitatem
1307 2476 1348 2497 ac
1373 2475 1515 2507 paceni,
1553 2475 1620 2506 qua

930 2515 1072 2555 paganis
1090 2516 1156 2546 hoc
1173 2514 1341 2547 sollemne
1359 2517 1495 2555 gratum
1509 2515 1623 2546 reddi-

931 2566 1003 2602 tur,
1041 2564 1194 2597 cumulat
1231 2566 1359 2597 inserta
1397 2566 1485 2596 inter
1520 2574 1621 2596 xeras

931 2615 1098 2654 imagines
1116 2615 1264 2655 imagine
1280 2615 1382 2645 etiam
1401 2614 1534 2654 poetica
1552 2613 1620 2655 lupi

931 2664 1067 2695 innoxie
1103 2665 1171 2695 iam
1208 2664 1354 2695 errantis
1391 2664 1479 2694 inter
1513 2672 1620 2703 agnos

931 2715 1074 2754 propter
1110 2714 1165 2745 dei
1199 2713 1432 2754 praesentiam
1467 2713 1620 2744 audaces

932 2762 1046 2794 subito
1072 2763 1190 2794 factos..
