1997 3219
658 231 733 261 ΜΒ.
761 231 800 261 ll.

850 232 886 261 ι).
914 231 967 262 lx.

1462 227 1516 268 100:

1521 228 1543 268 q

605 463 916 503 cmm
952 461 1053 502 llx-

335 578 425 619 Nou
457 589 628 632 semper
658 575 816 618 imbres
846 574 1030 617 nubibus
1062 573 1254 630 hispidos

337 657 504 699 Manant
534 655 572 697 in
604 669 730 712 agros
762 662 834 697 aut
863 668 980 697 mare
1013 654 1213 710 Caspium

392 738 550 779 Vexant
580 735 826 792 inaequales
858 734 1071 791 procellae

199 856 252 888 IX.
277 857 384 888 Inscr.
411 855 500 896 volg.
524 856 574 887 Ad
597 855 631 887 C.
655 855 814 895 Valgium.
843 872 879 876 ——
905 854 1102 886 Consolanti-
1127 854 1278 894 Valgium
1300 854 1506 885 consularem

154 906 297 950 arrujcwn
322 914 416 936 suum
439 905 475 936 B.
505 922 540 927 —-
567 904 751 936 Consolatio
774 905 818 935 ad
844 904 995 945 Valgium
1024 904 1145 944 Rufum
1168 912 1207 935 ne
1230 904 1287 935 diu
1317 903 1424 935 doleat
1444 903 1501 935 bc.

158 973 193 977 —
218 956 266 986 Ad
293 955 443 995 Valgium
467 955 612 985 amicam
628 954 660 984 S.
683 971 717 976 —
747 954 899 994 Valgium
921 954 1067 985 amicum
1088 953 1293 985 consularem
1314 953 1506 984 consolatur

155 1005 191 1035 T.
226 1004 322 1044 (Vide
355 1005 467 1043 Unger
502 1004 534 1034 Γ,
561 1004 597 1034 R.
624 1011 658 1044 p.
686 1002 772 1042 444.)
811 1020 846 1025 —
879 1002 910 1035 3.
944 1004 1079 1034 Ver-sant
1105 1003 1129 1034 F
1153 1011 1171 1034 e
1197 1003 1305 1034 Vatic.
1332 1003 1502 1042 Reginae,

155 1055 214 1094 qui
238 1054 332 1086 omni
356 1053 560 1085 auctoritate
586 1055 694 1085 earet.
721 1052 864 1094 (Verani
888 1053 1030 1084 tuentur
1046 1060 1169 1083 omnes
1186 1053 1256 1083 mei
1273 1053 1308 1083 et
1323 1052 1503 1091 Pottierii.)

156 1159 210 1190 lx.
240 1159 289 1190 De
315 1159 352 1189 C.
382 1159 460 1198 (non
485 1158 534 1196 T.)
559 1156 678 1198 Valgio
702 1157 800 1195 Rufo,

113 1206 256 1239 consule
281 1207 429 1238 suffecto
453 1216 484 1238 a.
504 1215 537 1238 u.
558 1216 588 1238 c.
608 1206 697 1244 742,
723 1206 804 1237 rhe-

114 1258 207 1293 tore,
255 1256 502 1296 grammatico.
551 1257 653 1296 poeta
700 1255 802 1286 docte

113 1305 336 1345 disputarunt
365 1304 547 1336 Weichert
578 1306 686 1336 Poctt.
714 1305 800 1336 Latt.

112 1363 146 1395 p.
167 1354 239 1385 208.
266 1362 366 1394 seqq.
399 1355 522 1385 Dissen
547 1353 591 1384 ad
608 1353 680 1384 Tib.
700 1352 737 1391 4,
765 1353 800 1390 4,

113 1404 186 1435 480.
215 1404 325 1443 [juger
349 1402 392 1434 de
418 1404 454 1434 C.
479 1401 584 1442 Yalgii
610 1402 697 1434 Rufii
721 1405 805 1442 poe-

112 1453 213 1484 matis
227 1453 423 1483 Comment.
444 1450 535 1483 Halis
550 1451 645 1483 4848.
664 1450 804 1491 Aliquot

112 1502 187 1532 eius
208 1510 262 1531 vv.
281 1502 474 1532 afferuntur
497 1501 532 1532 in
547 1500 675 1541 Virgilii
692 1501 804 1532 Inter-

110 1552 214 1591 prett.
261 1551 338 1581 Maii
363 1549 407 1581 ad
439 1549 509 1581 Ecl.
540 1551 575 1588 7,
613 1550 666 1581 22.
717 1548 800 1590 (Val.

111 1598 246 1631 Probus
275 1599 331 1630 ed.
358 1598 429 1630 Keil
453 1608 487 1639 p.
515 1599 581 1638 74..)
614 1598 678 1630 sed
706 1598 803 1630 loeus

114 1649 242 1680 misere
268 1647 409 1680 mutilus
434 1650 498 1680 est.
541 1647 721 1680 consolari
743 1656 805 1678 co-

112 1699 214 1728 natur
250 1698 406 1729 amicum
441 1697 485 1728 de
524 1697 625 1738 pueri
664 1696 803 1728 delicati

112 1747 298 1778 immatura
329 1748 460 1783 morte,
498 1748 537 1778 ut
567 1746 695 1777 Statius
721 1744 800 1777 Silv.

110 1796 147 1833 2,
167 1796 179 1826 4
202 1797 237 1826 et
253 1796 283 1826 6.
315 1794 441 1826 Similis
458 1795 606 1827 affectus
624 1795 804 1827 Ciceronis

111 1843 154 1874 ad
178 1845 244 1875 Ait.
274 1844 285 1874 l
305 1869 311 1882 ‚
338 1843 394 1874 i2:
431 1844 613 1875 Mehercule
637 1853 730 1875 eram
752 1861 770 1866 -
786 1861 804 1866 -

111 1892 351 1929 conturbalior‘3
370 1902 449 1923 nam
459 1901 545 1932 puer
558 1893 704 1932 festivus,
723 1902 807 1924 ana-

110 1945 238 1981 qnosles
267 1945 390 1980 noster,
421 1942 601 1981 Sositheus,
628 1943 807 1974 decesserat

111 1999 225 2029 meque
244 1990 331 2030 ptus,
358 2000 458 2030 quam
481 1992 566 2022 servi
588 2000 678 2022 vmors
693 1992 806 2023 debere

111 2038 301 2077 videbatur,
326 2043 562 2077 commovet-au
595 2039 691 2071 Plinii
716 2041 803 2081 Epp.

112 2088 148 2121 8.
186 2088 243 2118 ⁴6:
281 2087 492 2127 Confecerunt
521 2097 572 2119 me
601 2089 807 2128 infirmitates

113 2145 276 2174 meorum,
312 2140 432 2167 mortes
461 2137 579 2175 eliam,
616 2141 645 2168 el
677 2138 807 2177 quidem

112 2187 282 2219 iai-enimi:
330 2186 478 2217 Herodis
523 2187 643 2223 Attici,
694 2186 807 2219 laces-

113 2235 166 2266 siti
190 2244 211 2265 a
232 2235 372 2274 quodam
397 2236 523 2274 Stoico,
549 2239 719 2276 [amquam
742 2238 807 2268 mi-

113 2293 174 2315 nus
200 2286 363 2324 sapienter
385 2288 414 2315 et
438 2294 561 2324 parurn
583 2287 724 2318 viriliter
747 2288 807 2318 tlo-

112 2335 213 2365 lorem
240 2335 339 2373 serre!
366 2343 408 2364 em
434 2338 537 2366 morte
558 2337 674 2374 pueri,
711 2345 806 2374 quem

113 2386 296 2414 amaverssl.
334 2381 417 2414 Geli.
444 2384 483 2414 N.
510 2385 549 2414 A.
578 2385 634 2422 49,
662 2385 713 2416 42.
755 2386 803 2417 De

114 2433 290 2472 tempore,
317 2440 386 2470 quo
411 2440 552 2463 carmen
571 2434 804 2474 compositum

115 2481 175 2517 sit,
208 2479 407 2520 ambigitur.
462 2480 620 2522 Plerique
651 2483 806 2514 referunt

115 2527 158 2559 ad
182 2538 213 2560 a.
240 2538 272 2559 u.
301 2538 330 2560 c.
358 2529 450 2567 734..
478 2530 666 2562 Grouesend
689 2531 744 2562 ad.
771 2541 801 2562 a.

114 2578 201 2617 735.,
238 2579 369 2610 Franke
402 2579 445 2609 ad
480 2589 510 2610 a.
544 2580 606 2611 729
640 2579 694 2612 vel
729 2580 801 2612 730.

115 2627 251 2659 Exitum
284 2630 403 2668 utique
440 2631 619 2660 mutuatus
649 2638 727 2661 esse
753 2630 805 2661 vi-

115 2675 217 2707 detur
247 2685 265 2707 a
298 2677 436 2717 Virgilio
472 2686 536 2708 suo
571 2680 630 2709 Ge.
666 2679 704 2715 3,
741 2678 800 2710 30:

115 2725 240 2756 Addam
262 2726 357 2757 urbes
378 2727 476 2758 Asiae
499 2727 638 2758 tlennilas
656 2728 805 2766 pulsum-

116 2783 177 2812 que
192 2775 353 2814 Niphaten
369 2776 597 2815 Fidenlemque
619 2778 702 2817 fuya
724 2778 803 2809 Par-

229 2834 346 2863 tlon-r.
372 2843 442 2865 voi„
466 2836 474 2863 Ι
525 2844 573 2866 κο,
600 2844 698 2865 »ixion
724 2837 755 2864 ΙΙΙ

853 1157 943 1188 thum
957 1157 1122 1196 versisque
1137 1156 1282 1197 sagittis,
1307 1157 1350 1188 Et
1370 1157 1433 1187 dcto
1448 1160 1551 1196 rapla

854 1215 957 1237 mana
980 1207 1110 1249 diverso,
1137 1215 1179 1237 ea:
1201 1206 1288 1237 hoste
1311 1209 1450 1245 tropaea
1478 1206 1551 1237 Bis-

855 1264 916 1294 que
950 1255 1170 1294 triumphatas
1203 1258 1344 1294 utroque
1381 1255 1422 1286 ab
1458 1255 1552 1286 litore

853 1306 977 1345 yenlis;
1019 1305 1119 1336 cuius
1151 1303 1217 1336 loci
1260 1306 1400 1345 tempus
1432 1304 1552 1336 itidem

854 1354 887 1385 in
913 1354 1152 1385 controversia
1177 1354 1355 1391 versatur,
1387 1361 1468 1386 oum
1497 1352 1552 1384 alii

855 1401 899 1433 ad
933 1411 963 1433 a.
996 1402 1085 1441 724„
1123 1401 1177 1433 alii
1215 1402 1260 1433 ad
1295 1412 1327 1434 a.
1359 1401 1433 1434 734.
1469 1411 1550 1434 eum

854 1452 1003 1483 trahant.
1030 1451 1098 1483 Cfr.
1127 1451 1174 1482 ibi
1199 1452 1321 1492 Heyne
1347 1453 1381 1483 et
1404 1452 1505 1483 Voss.

900 1520 929 1550 4.
962 1519 1115 1560 hispidos]
1147 1519 1231 1551 Voe.
1257 1519 1421 1558 hispidus,
1455 1520 1548 1560 quod

854 1569 995 1610 proprie
1028 1569 1071 1600 de
1103 1568 1181 1609 pilis
1213 1568 1333 1601 densis
1371 1570 1550 1609 squamis-

856 1627 924 1658 que
950 1617 1176 1649 horrentibus
1200 1619 1409 1659 usurpatur,
1434 1619 1551 1649 trans-

855 1667 922 1698 fert
946 1667 991 1698 ad
1013 1675 1116 1707 agros
1140 1666 1276 1708 stipulis
1301 1668 1336 1698 et
1359 1668 1473 1699 omnis
1490 1676 1552 1707 ge—

855 1716 950 1748 neris
975 1715 1101 1757 plantis
1127 1716 1387 1756 arboribusque
1412 1716 1501 1748 foliis
1519 1719 1553 1747 et

854 1765 1038 1798 frondibus
1064 1764 1220 1806 spoliatis
1250 1759 1415 1797 horridos
1445 1767 1552 1806 atque

855 1822 1014 1856 asperos.
1070 1815 1131 1846 Est
1164 1816 1284 1846 autem
1319 1815 1453 1847 dictum
1489 1824 1554 1856 per

855 1862 1052 1904 prolepsin,
1089 1873 1171 1895 nam
1205 1865 1300 1904 ipsos
1329 1873 1394 1905 per
1417 1864 1552 1896 imbres

854 1913 973 1952 hispidi
989 1913 1063 1944 sive
1077 1912 1226 1954 squalidi
1246 1913 1333 1944 fiunt
1347 1914 1432 1954 agri.
1454 1912 1548 1954 (Plin.

856 1962 897 1992 22
909 1986 916 1999 ,
935 1961 974 1992 6:
999 1961 1116 1993 herbas
1132 1966 1266 2002 aspectu
1280 1963 1444 2002 hispidas,
1462 1965 1551 1993 tactu

856 2014 973 2042 truces.
1000 2011 1122 2051 Ham.)

899 2072 930 2102 2.
978 2081 1072 2104 mare
1118 2072 1289 2113 Caspium]
1336 2074 1550 2114 Pomponius

857 2119 943 2152 Mela
980 2120 1017 2157 3,
1057 2122 1093 2152 5·
1134 2122 1230 2153 Mare
1267 2121 1422 2161 Caspium
1459 2130 1553 2152 omne

857 2172 977 2208 alrooe,
1002 2179 1154 2210 saevum,
1179 2171 1248 2202 sine
1266 2170 1444 2210 portubus,
1466 2179 1550 2209 pro-

856 2219 944 2250 cellis
966 2220 1110 2259 undique
1136 2220 1331 2259 expositum.

900 2286 931 2318 3.
976 2286 1120 2328 Verane]
1163 2287 1350 2326 «turbant,
1392 2287 1551 2327 quietum

857 2344 935 2366 esse
960 2344 1028 2367 non
1053 2336 1202 2368 sinunt.»
1232 2338 1347 2376 Longe
1373 2335 1550 2368 efficacius

857 2385 943 2422 hoc,
970 2394 1076 2425 quarn
1099 2390 1248 2426 versant,
1276 2387 1349 2418 sive
1374 2384 1549 2426 glossema

856 2435 910 2465 est
943 2434 1015 2465 sive
1051 2434 1172 2467 solitus
1204 2436 1236 2467 in
1272 2435 1325 2466 his
1360 2443 1416 2466 vv.
1442 2433 1551 2465 libra-

855 2483 989 2515 riorum
1013 2492 1123 2516 error.
1175 2485 1264 2522 «Qui
1295 2484 1405 2515 fertur
1434 2485 1469 2514 et
1493 2492 1550 2514 ra-

855 2533 973 2571 ptatur
996 2535 1101 2573 atque
1126 2533 1195 2566 huc
1221 2533 1300 2565 illue
1325 2532 1546 2569 distrahitur,

855 2581 882 2611 is
898 2583 1016 2613 vecari
1033 2583 1173 2623 proprie
1187 2583 1348 2614 dicitur.»
1373 2582 1411 2613 Η.
1428 2583 1551 2613 Penni.-

855 2638 951 2661 κΑΜν.
978 2630 1084 2663 Simili
1107 2632 1257 2672 imagine
1275 2634 1438 2663 tormenta
1453 2630 1546 2671 apuil

853 2678 973 2718 Italos,
999 2684 1180 2712 dotcrinenle
1195 2681 1287 2722 apud
1306 2679 1547 2720 Francogallos

853 2736 995 2761 saevam
1021 2731 1269 2771 tempestatem
1297 2729 1479 2770 significat.
1510 2747 1543 2751 —

854 2778 1060 2818 inaequales]
1095 2778 1225 2810 «modo
1259 2779 1407 2817 maiore,
1442 2778 1547 2810 modo

1290 2839 1320 2866 ¹7
