1997 3219
712 236 788 267 [113.
817 236 866 267 lV.

917 238 952 267 (3.
983 237 1019 268 11.
1548 240 1570 276 3¹,

1578 240 1599 279 (Ψ

1609 240 1624 279 x·

360 339 495 389 Quem
527 352 657 394 super
688 346 806 380 notas
839 339 983 381 aluere
1015 340 1150 396 ripas,

361 419 508 461 Fervet
540 419 860 476 immensusque
891 420 972 462 ruit
1006 421 1214 476 profundo

528 499 733 542 Pindarus
764 514 839 542 ore
858 536 864 546 .

356 605 519 646 Laurea
550 603 774 646 donandus
804 604 1052 660 Apollinari,

356 686 440 727 Seu
472 699 548 740 per
578 684 764 727 audaces
796 698 904 727 nova
939 684 1234 742 dithyrambos

273 786 302 816 6.
330 785 410 817 Cum
432 794 530 825 super
553 788 648 816 notas
669 785 786 817 saliere
808 787 846 824 S,
874 785 958 817 Cod.
986 785 1140 817 Blandin.
1169 787 1371 827 antiquiss,

229 843 405 875 superscr.
433 835 533 874 Quem
548 851 566 856 —
581 852 598 857 -
614 835 752 875 aluere.)

185 925 209 954 “l
218 913 288 960 ορᾷ
312 914 389 946 κτλ.
427 913 539 946 Schol.
559 914 655 946 Pind.
676 914 721 946 ad
738 913 874 956 Olymp.

191 965 221 997 l.
248 964 289 995 3:
337 962 525 1009 Πίνδαρος
558 961 702 1009 θερμός
735 974 791 1004 τις
825 960 878 995 (ὂν

186 1014 249 1045 καὶ.
284 1011 472 1053 πολύνους
505 1012 565 1045 ἐπὶ
607 1010 653 1044 τὰ
686 1011 874 1055 νοήματα.

185 1066 252 1095 sat.
282 1065 315 1102 1,
342 1064 398 1102 10,
426 1064 489 1095 62:
531 1064 621 1095 Cassi
654 1065 774 1103 rapido
807 1065 878 1104 fer-

185 1114 309 1145 rentius
343 1114 434 1144 (117ιηὶ
466 1113 645 1154 inqenium.
686 1133 720 1136 —
763 1115 876 1147 «Unus

185 1163 301 1195 Codex
317 1163 433 1203 fervit,
457 1163 600 1203 antiquo
618 1172 751 1194 more.»
771 1165 874 1200 Cimo.

188 1231 221 1235 —
250 1212 437 1253 immensus]
476 1212 584 1243 «fines
610 1211 683 1244 illos
708 1212 875 1244 audaciae

183 1261 330 1302 lyricae,
358 1262 446 1293 intra
471 1270 558 1301 quos
575 1270 613 1293 se
632 1262 878 1294 continuerunt

183 1312 291 1343 ceteri
308 1337 314 1350 ,
334 1312 522 1351 migrans.»
541 1328 575 1333 -
591 1311 758 1352 profundo
773 1332 793 1337 -
809 1311 875 1353 ore]

185 1361 265 1392 «mit
313 1361 420 1401 lie-sem
464 1361 670 1393 Wortstrom.
686 1374 701 1389 »
750 1362 873 1393 Garve.

182 1411 227 1442 Os
251 1410 463 1447 rotundum,
505 1419 672 1451 magnum
699 1411 806 1451 (ovid.
832 1413 873 1443 A.

182 1462 220 1491 A.
250 1460 287 1498 1,
320 1460 405 1491 206:
456 1460 498 1491 Et
531 1470 655 1501 magno
696 1460 788 1492 nobis
821 1470 876 1492 ore

181 1510 347 1541 sonandus
368 1510 442 1540 eris.
447 1509 481 1550 ),
528 1519 651 1551 massua
680 1513 876 1543 sonatur-um

183 1559 263 1599 (Sat.
293 1560 328 1597 ·,t
356 1558 395 1598 4,
423 1558 474 1591 44.
486 1560 517 1600 ),
565 1560 678 1600 poetis
714 1559 876 1592 tribuitur

182 1608 226 1640 ad
260 1608 524 1649 significandam
561 1608 766 1642 elocutionis
804 1611 875 1641 vim

180 1659 285 1698 atque
320 1658 531 1690 ubertatem.
575 1660 658 1699 (Cic.
684 1660 808 1691 Orator
830 1661 872 1691 5:

181 1709 422 1748 Grandiloqui,
449 1712 484 1740 ¹11!
509 1710 556 1740 ita
580 1710 707 1750 dicam,
741 1710 876 1751 suerunt

179 1767 253 1790 cum
277 1759 390 1798 ampla
413 1762 442 1790 ct
456 1760 692 1791 sententiarum
707 1761 875 1801 gravitate

179 1811 209 1840 et
232 1808 401 1839 maiestate
421 1808 624 1850 verborum.)
649 1810 710 1841 Hie
732 1818 874 1842 assum-

180 1858 239 1898 pta
267 1858 380 1889 amnis
409 1858 559 1898 imagine
592 1859 691 1900 copia
716 1858 769 1890 illa
795 1859 874 1890 infi-

182 1907 248 1938 nita
282 1906 386 1938 mixta
418 1908 625 1948 metaphora
656 1907 806 1939 refertur
829 1907 873 1939 ad

181 1956 293 1987 amnis
317 1956 463 1993 ostium,
500 1965 564 1997 per
588 1957 682 1997 quod
711 1958 745 1988 in
775 1965 872 1989 mare

181 2006 354 2037 immensa
382 2014 554 2045 aquarum
581 2006 633 2038 vis
664 2007 744 2038 exit.
791 2007 875 2038 Pro-

177 2055 315 2096 fundum
340 2056 491 2096 pertinet
515 2056 686 2096 imprimis
709 2055 753 2087 ad
786 2056 875 2087 ima-

179 2105 298 2145 ginum
323 2103 573 2137 sublimitatem
600 2107 635 2137 et
652 2105 875 2145 magnificen-

180 2154 264 2185 tiam
290 2154 487 2194 miramque
517 2155 769 2186 sententiarum
794 2164 875 2196 gra-

180 2204 345 2241 vitatem,
385 2212 453 2244 qua
487 2203 619 2244 singula
643 2206 871 2244 argumenta,

180 2262 242 2293 per
265 2261 303 2284 se
328 2253 504 2285 interdum
529 2252 677 2292 sterilia,
704 2254 873 2286 Pindarus

179 2303 372 2334 exornavit.
421 2302 649 2341 Quintilianus
679 2303 730 2342 10,
755 2304 791 2342 1,
818 2305 870 2335 (it.

179 2351 327 2382 Pindaro
361 2352 579 2383 beatissimam
614 2362 726 2384 rerum
755 2353 873 2384 verbo-

180 2408 318 2438 rumque
355 2402 485 2440 copiam
531 2401 660 2433 tribuit.
701 2420 735 2424 —
778 2403 871 2442 lungi

181 2458 247 2481 non
274 2451 390 2490 potest
414 2452 586 2482 immensus
610 2461 666 2483 ore
691 2453 870 2492 profundo,

180 2501 215 2530 ut
251 2509 426 2532 nonnemo
461 2500 577 2533 voluit.
625 2502 738 2533 Minus
776 2504 870 2533 recte

180 2549 394 2581 recentiores
430 2550 582 2582 nonnulli
619 2551 868 2587 uaesthetici»,

179 2607 267 2638 quos
292 2598 436 2634 dicunt.
475 2599 541 2631 hoc
567 2599 642 2631 loco
667 2600 766 2631 abusi
792 2603 870 2632 sunt

177 2647 220 2678 ad
267 2648 599 2688 reprehemlenduin
659 2650 867 2687 Pindarum}

179 2705 323 2733 «namn,
362 2700 397 2728 ut
427 2698 539 2734 aiunt,
579 2700 672 2740 «ipse
710 2700 870 2731 Horatius

179 2745 272 2778 illum
308 2746 401 2787 leges
436 2748 518 2779 artis
553 2750 698 2789 proptor
722 2758 868 2780 caecum

179 2797 296 2827 nescio
331 2805 436 2837 quem
482 2798 648 2838 impetum
692 2799 867 2839 spi-eviss(

1580 689 1624 731 10

1397 786 1455 830 ,1)1γ.
1485 790 1532 827 (111
1560 792 1580 820 S

929 924 1108 956 saepeque
1151 917 1320 956 migrasse
1366 920 1620 958 pronuntiat»,

928 973 1072 1003 verum,
1104 965 1132 996 si
1157 965 1234 1005 quis
1259 964 1366 1005 alius,
1405 969 1623 1008 sapientissi—

929 1022 1007 1045 mus
1031 1013 1085 1045 ille
1103 1016 1206 1054 poeta
1223 1015 1347 1055 squue
1365 1025 1509 1057 semper
1524 1027 1623 1049 com-

928 1071 991 1103 pos
1026 1062 1108 1094 nihil
1143 1072 1212 1095 non
1258 1064 1416 1096 consulto
1460 1067 1544 1106 egit,
1587 1070 1623 1099 ut

928 1113 1013 1144 scite
1028 1112 1282 1145 demonstravit
1298 1114 1469 1155 imprimis
1483 1116 1618 1148 Dissen.

973 1162 1004 1193 9.
1030 1163 1395 1205 Laurea-Apollinari]
1414 1167 1539 1197 Poetae
1557 1167 1623 1198 110-

928 1211 1015 1242 ratio
1052 1212 1266 1252 posteriores
1308 1214 1513 1253 praeferunt
1551 1215 1622 1247 for-

928 1269 1023 1293 mam
1053 1261 1256 1301 Apolliizeus3
1298 1263 1351 1295 illa
1383 1264 1542 1296 usitatior
1569 1267 1621 1297 est

928 1309 971 1341 de
1010 1309 1100 1342 ludis
1139 1312 1320 1353 sacrisque
1364 1313 1618 1352 Apollinaribus.

928 1359 997 1391 Cfr.
1017 1360 1079 1392 Od.
1098 1360 1134 1398 3,
1154 1361 1212 1400 30,
1232 1362 1288 1393 45:
1315 1363 1472 1402 Delphica
1495 1365 1619 1396 Lauro.

927 1409 989 1441 Od.
1016 1409 1052 1448 4,
1072 1410 1108 1448 3,
1127 1411 1163 1442 6;
1188 1412 1437 1452 Deliis-foliis.
1466 1414 1522 1445 «In
1548 1415 1622 1445 sin-

927 1458 1014 1499 gulis
1038 1459 1244 1499 generibus,
1284 1461 1315 1492 in
1346 1461 1474 1502 quibus
1499 1462 1621 1495 elabo—

927 1509 1025 1547 ravit,
1045 1517 1208 1550 quaeque
1228 1512 1350 1550 postea
1368 1512 1617 1551 significantur,

927 1556 980 1589 ille
1005 1558 1136 1598 primas
1162 1559 1262 1590 sert.»
1498 1581 1502 1585 -

971 1608 1022 1639 10.
1045 1617 1106 1648 per
1129 1610 1272 1640 audaces
1294 1619 1381 1641 nova
1397 1611 1620 1650 dithyrambos

929 1657 1049 1698 Verba]
1091 1658 1371 1698 «Dithyrambus
1415 1668 1524 1699 genus
1567 1663 1621 1693 est

925 1707 1089 1739 carminis
1126 1708 1160 1739 iu
1200 1708 1373 1740 honorem
1406 1709 1521 1741 Liberi
1556 1719 1620 1751 pa-

924 1757 985 1787 tris
1003 1756 1177 1796 rhythmis
1194 1757 1519 1791 vehementioribus
1536 1759 1620 1791 libe-

924 1806 1145 1847 rioribusque
1178 1808 1447 1848 compositum.»
1495 1810 1615 1840 Senon.

925 1856 994 1887 Csr.
1026 1855 1139 1887 Strab.
1173 1857 1224 1888 10.
1256 1865 1289 1898 p.
1317 1857 1392 1888 719.
1419 1857 1616 1890 Archiloch.

925 1906 1036 1946 Bergk
1059 1915 1094 1947 p.
1112 1905 1194 1938 483:
1217 1902 1283 1946 Ὡς
1309 1905 1506 1940 Διωνύσου
1530 1903 1620 1939 ἅνα-

924 1964 1014 1994 κτος
1047 1953 1166 1987 καλὸν
1198 1953 1354 2001 ἐξάρξαι
1383 1955 1498 1998 μέλος
1526 1954 1619 1989 Οἶδα

924 2002 1182 2049 διθύραμβον,
1225 2004 1316 2048 οἷ’νῳ
1355 2016 1619 2051 συγκεραυνω-

924 2054 1006 2094 θεὶς
1039 2055 1192 2099 φρένας.
1255 2056 1351 2086 Nova
1381 2056 1482 2088 verba
1516 2059 1619 2088 vocat

925 2104 1223 2144 dithyrambicum
1249 2104 1387 2136 dicendi
1411 2114 1521 2146 genus
1546 2115 1618 2138 ma-

924 2154 1016 2185 xime
1050 2155 1194 2194 propter
1231 2154 1456 2186 audaciorem
1486 2155 1618 2187 verbo-

924 2211 1002 2234 rum
1020 2203 1323 2243 compositionem.
1360 2204 1500 2235 Aristot.
1520 2206 1614 2236 poet.

926 2253 982 2289 22,
1011 2251 1071 2284 44:
1107 2250 1182 2283 τῶν
1205 2250 1234 2283 δ’
1255 2248 1456 2293 ὀνομάτων
1480 2250 1526 2284 τὰ
1546 2252 1617 2294 μὲν

923 2297 1033 2332 διπλᾶ
1049 2298 1218 2343 μάλιστα
1231 2298 1409 2347 ἁρμόττει
1423 2305 1500 2342 τοῖς
1516 2301 1618 2335 διθυ-

923 2349 1098 2395 ράμβοις.
1126 2352 1284 2383 llermias
1302 2351 1345 2382 ad
1364 2351 1446 2383 Plat'.
1466 2352 1614 2384 Phaedr.

924 2410 956 2442 1).
976 2402 1016 2432 87
1034 2402 1111 2432 Ast:
1146 2401 1185 2431 οἱ
1206 2398 1437 2445 διθύραμβοι
1454 2399 1617 2441 σκολιῶς

922 2446 1203 2493 ἀπηγγέλλοντο
1239 2451 1299 2482 καὶ
1331 2448 1393 2482 διὰ
1424 2450 1616 2482 συνθέτων

922 2501 985 2532 καὶ
1011 2500 1273 2543 πεπλεγμένων
1290 2497 1503 2542 ὀνομάτων.
1540 2502 1617 2532 Dio-

923 2559 998 2591 nys.
1026 2550 1131 2582 Italic.
1160 2550 1202 2582 cle
1229 2552 1350 2591 (Jomp.
1371 2559 1426 2581 vv,
1454 2551 1489 2581 T.
1517 2551 1554 2581 V.
1579 2559 1612 2591 p.

923 2599 994 2632 1154.
1022 2601 1149 2638 Rcisk.,
1176 2602 1254 2641 post
1278 2599 1417 2631 allatum
1440 2599 1555 2631 locum
1573 2609 1615 2632 ex

922 2650 1057 2681 Pindari
1085 2649 1322 2706 Dithyrambis
1349 2649 1420 2690 (lid.
1442 2649 1564 2681 Dissen
1587 2650 1611 2680 l.

921 2708 953 2740 p.
981 2700 1053 2731 225
1067 2703 1092 2729 l:
1120 2697 1220 2731 ταῦτ
1247 2693 1350 2730 ἕστιι
1380 2696 1518 2743 ισχιρὸ
1549 2700 1610 2730 καὶ

920 2747 1083 2794 στιβαρὰ
1101 2749 1161 2780 καὶ
1181 2744 1418 2790 ἀξιωματικὰ
1436 2749 1499 2780 καὶ
1517 2746 1606 2779 πολ“
1593 2758 1611 2780 ι1

921 2795 962 2830 τὸ
986 2808 1180 2843 atomum
1206 2793 1282 2836 ἕχει
1309 2797 1613 2830 κτλ.11111115(··11-
