1997 3219
752 161 918 192 HORATII
945 160 1117 191 CARMEN
1144 160 1371 193 SECULARE.

564 265 679 306 llaec
709 264 852 305 Iovem
885 263 1041 305 sentire
1072 262 1265 318 deosque
1296 269 1471 305 cunctos

563 345 691 400 Spem
721 343 876 385 bonam
907 349 1153 398 certamque
1185 342 1359 384 domum
1389 349 1581 398 reporto,

561 425 721 466 Doctus
752 430 794 465 et
822 414 982 465 Phoebi
1014 422 1168 465 chorus
1200 428 1242 464 et
1270 422 1431 465 Dianae
1731 435 1773 464 iz)

671 504 824 546 Dicere
856 502 1018 545 laudes.

423 599 474 631 73.
511 599 578 630 Hoc
607 599 691 630 Iahn
716 599 821 630 etiam
852 599 885 629 in
917 598 1018 629 tertia
1042 597 1130 634 Ed.;
1167 597 1307 629 videtur
1331 605 1432 629 error
1455 598 1662 639 typograpli.
1693 615 1727 620 —-

379 649 432 681 75.
457 647 579 680 Phoebo
604 647 689 679 Cod.
718 648 754 688 (ἢ)
780 647 910 679 Barthii
933 647 1099 679 Adverss.
1126 646 1184 685 38,
1212 647 1264 678 48.

381 728 497 760 73-76.
531 728 629 769 Haec]
665 735 777 768 «quae
808 727 941 768 precati
971 736 1033 760 su-
1083 725 1166 758 illud
1189 727 1252 758 Od.
1278 738 1310 766 ι,
1343 727 1425 760 479:
1463 725 1513 769 τῷ
1537 736 1581 758 σε
1604 723 1696 765 Ζεὺς
1721 726 1775 758 τί-

337 786 416 809 mus
434 786 597 817 quaeque
621 778 659 808 ut
683 776 914 808 exaudiantur
937 785 957 806 a
979 776 1032 808 dis

336 825 604 865 immortalibus,
632 835 674 857 ex
691 826 797 857 animi
823 826 932 857 nostri
949 834 1032 856 sen—

337 877 443 907 tentia
474 878 670 917 optamus.»
700 893 735 898 --
761 875 890 916 sentire]
921 875 1033 906 «hanc

337 925 486 957 eandem
518 923 736 957 voluntatem
767 932 846 956 esse
883 924 1032 959 deorum

336 975 497 1015 adeoque
535 974 627 1011 sore,
666 975 703 1004 ut
736 975 873 1005 nostras
906 982 1032 1014 preces

336 1024 486 1064 benigue
505 1023 726 1055 exaudiant»
748 1041 783 1045 —
802 1024 940 1061 deosque
955 1031 1034 1053 cun-

335 1073 423 1113 ctos]
464 1072 632 1112 Religiosa
671 1072 738 1103 hac
782 1070 932 1103 formula
971 1080 1032 1103 eos

337 1123 442 1154 etiam
471 1120 732 1162 complectitur,
771 1121 829 1161 qui
859 1129 924 1161 per
953 1128 1033 1151 car-

1083 785 1179 807 σατο
1209 776 1274 808 καὶ
1305 775 1390 807 θεοὶ
1420 770 1542 806 ἄλλοι.
1573 793 1608 798 -
1642 775 1774 815 Doctus]

1085 824 1252 857 «edoctus
1276 834 1295 856 a
1318 828 1456 866 poeta.»
1493 825 1554 856 Od.
1581 824 1620 863 4,
1650 825 1687 863 G,
1714 823 1773 856 43:

1084 874 1233 915 (chorus)
1260 875 1372 907 docili's
1394 875 1568 906 modorum
1596 874 1683 905 Vatis
1709 874 1777 904 Ho-

1082 924 1160 954 rati.
1198 940 1232 945 —
1265 923 1380 956 Phoebi
1404 942 1422 947 -
1449 927 1479 955 et
1504 924 1639 955 Dianae
1659 923 1777 954 Dicere

1081 972 1213 1013 laudes]
1239 974 1343 1004 Recte
1379 982 1417 1004 se
1452 972 1585 1004 habent
1619 971 1773 1012 genitivi.

1082 1022 1174 1061 Virg.
1206 1021 1275 1054 Ecl.
1306 1023 1342 1060 6,
1370 1023 1411 1053 6:
1439 1023 1495 1062 qui
1520 1023 1626 1053 dicere
1649 1021 1774 1058 laudes,

1086 1072 1188 1109 Varo,
1206 1074 1282 1102 tuas
1293 1072 1440 1110 cupiant.
1460 1072 1604 1102 Dativus
1619 1072 1672 1101 est
1683 1069 1774 1110 apud

1082 1119 1247 1158 TibulM,
1274 1120 1305 1159 3,
1332 1120 1367 1151 301
1386 1130 1392 1150 :
1421 1120 1537 1159 Bisque
1560 1120 1611 1150 die
1634 1119 1778 1150 resoluta

1080 1177 1193 1200 comas
1208 1169 1266 1200 tibi
1281 1169 1387 1200 dicere
1401 1167 1514 1201 laudes
1525 1168 1665 1209 Insignis
1680 1167 1777 1199 turba

1082 1218 1193 1250 debeat
1216 1218 1251 1249 in
1272 1218 1407 1249 Pharia.

335 1180 418 1203 men
453 1171 567 1211 ipsum
602 1179 672 1201 non
708 1171 807 1201 erant
844 1168 1029 1210 implorati,

336 1222 373 1252 ut
389 1221 492 1258 Iuno,
518 1220 690 1259 Minerva,
708 1220 906 1259 Neptunus,
926 1219 1028 1250 Mars.

335 1269 450 1301 Possis
475 1277 682 1310 comparare
708 1268 777 1300 iam
804 1268 1031 1300 Homericum

805 1420 1287 1457 EXCURSUS

962 1488 1130 1520 Adina.

421 1561 516 1592 «Fuit
539 1559 633 1600 apud
657 1559 808 1589 Graecos
832 1556 968 1597 volgata
994 1557 1029 1596 (⁶3)
1056 1557 1161 1596 atque
1186 1565 1203 1587 a
1228 1555 1444 1596 philosophis
1473 1555 1656 1587 Platonicis
1684 1556 1775 1586 Stoi-

334 1617 454 1656 cisque
480 1615 631 1646 maxime
657 1612 791 1645 exculta
817 1613 932 1653 opinio
958 1612 1001 1643 de
1033 1620 1160 1651 magno
1185 1620 1275 1643 anno
1300 1611 1493 1649 mundano,
1532 1613 1605 1642 tum
1630 1610 1775 1642 demum

334 1670 494 1712 impleto,
532 1678 612 1701 cum
643 1669 760 1700 omnia
792 1668 907 1699 sidera
940 1668 973 1698 in
998 1669 1094 1698 ortus
1119 1675 1202 1698 suos
1226 1666 1381 1697 redirent
1415 1668 1449 1697 et
1473 1667 1629 1697 omnium
1654 1673 1774 1697 rerum

332 1723 596 1764 ἀνα-κύκλωσις
621 1726 655 1756 ct
679 1720 993 1761 ἀποκατάστασις
1018 1721 1131 1753 futura
1157 1724 1261 1753 esset.
1311 1720 1474 1761 (Macrob.
1495 1722 1528 1752 in
1545 1722 1662 1752 Somn.
1682 1721 1771 1761 Scip.

334 1784 370 1820 2,
399 1782 463 1821 17.)
490 1781 621 1812 Eadem
647 1780 737 1810 fama
763 1779 869 1810 etiam
893 1779 983 1809 inter
1006 1778 1171 1809 Etruscos
1189 1780 1222 1809 ct
1248 1777 1421 1808 Romanos
1439 1776 1519 1815 fuit,
1544 1775 1604 1807 ubi
1629 1776 1662 1807 in
1679 1775 1775 1807 libris

333 1837 513 1869 ritualibus
554 1837 780 1867 Etruscorum
816 1836 848 1865 et
888 1835 1126 1865 Romanorum
1161 1831 1256 1864 libris
1295 1831 1469 1872 Sibyllinis
1504 1831 1558 1863 ille
1594 1840 1706 1862 annus
1742 1831 1773 1861 in

334 1893 460 1924 decem
485 1899 628 1922 menses
652 1898 798 1929 magnos
822 1890 894 1921 sive
920 1888 1038 1920 secula
1063 1888 1212 1926 divisus,
1245 1896 1361 1928 neque
1387 1889 1503 1918 tamen
1528 1895 1652 1918 eorum
1673 1894 1775 1917 men-

332 1950 422 1980 sium
447 1946 624 1987 longitudo
650 1947 684 1976 et
709 1946 820 1976 exitus
845 1945 949 1976 certis
974 1943 1101 1975 finibus
1127 1943 1413 1983 circumscriptus
1431 1944 1517 1981 erat,
1544 1941 1607 1973 sed
1630 1943 1774 1982 porten-

332 2005 373 2036 tis
399 2003 561 2035 divinitus
598 2001 713 2032 missis
748 2000 853 2032 indici
889 1999 1112 2031 credebatur.
1163 1998 1314 2038 (Servius
1339 1999 1372 2028 et
1402 1998 1487 2029 Voss
1512 1996 1556 2028 ad
1580 1997 1672 2035 Virg.
1699 1995 1770 2028 Ecl.

333 2061 369 2098 ιἰ,
396 2059 427 2091 si.
466 2058 646 2089 Censorin.
674 2056 717 2087 de
742 2055 798 2087 die
822 2057 892 2086 nat.
920 2055 972 2086 117.
993 2056 1026 2086 et
1052 2054 1115 2094 118.)
1142 2053 1237 2087 Unde
1263 2054 1367 2084 etiam
1391 2051 1461 2083 ludi
1485 2050 1663 2083 seculares
1680 2051 1773 2092 apud

332 2117 506 2147 Romanos
539 2112 685 2144 diversis
718 2110 907 2143 intervallis
940 2110 1083 2142 instituti
1114 2111 1205 2141 sunt.
1247 2108 1402 2148 (Censor.
1428 2106 1449 2138 l.
1473 2106 1507 2146 l.)
1533 2108 1570 2138 In
1596 2105 1692 2138 libris
1721 2107 1774 2137 Si-

331 2169 471 2211 byllinis
501 2169 683 2209 practerea
709 2167 879 2207 scriptum
904 2167 996 2204 crat,
1035 2165 1113 2205 quis
1138 2172 1278 2204 quoque
1303 2171 1425 2194 mense
1457 2163 1647 2202 imperaret
1672 2161 1770 2193 deus.

332 2227 447 2258 Primo
472 2224 584 2256 mensi
609 2224 779 2254 saturnus
803 2223 982 2263 praeerat,
1015 2219 1156 2251 ultimus
1180 2218 1248 2250 Soli
1273 2219 1346 2250 sive
1370 2216 1516 2258 Apollini
1541 2217 1769 2249 tribuebatur.

335 2281 498 2321 (Nigidius
534 2278 628 2320 apud
657 2279 754 2309 Serv.
789 2277 833 2308 ad
863 2275 932 2308 Ecl.
965 2275 1002 2314 Ji,
1040 2275 1103 2314 1¹0.)
1140 2273 1334 2315 Apollinem
1367 2273 1603 2313 praecessisse
1634 2272 1771 2304 videtur

333 2338 459 2375 Diana,
492 2336 548 2367 eui
572 2335 677 2366 ctiam
702 2334 734 2364 in
760 2331 848 2364 civili
872 2340 962 2363 anno
986 2331 1118 2363 mensis
1142 2328 1343 2362 November
1367 2336 1467 2359 sacer
1503 2330 1587 2359 erat.
1640 2328 1771 2365 Quam-

333 2392 457 2423 obrem
493 2392 524 2422 in
561 2390 691 2421 lloratii
726 2388 881 2419 carmine
918 2386 1066 2419 seculari
1100 2384 1221 2426 Apollo
1257 2387 1291 2416 ct
1326 2385 1433 2416 Diana
1456 2392 1541 2424 prae
1567 2384 1692 2414 ceteris
1719 2383 1771 2413 ‹lis

333 2446 500 2479 celebrati
526 2448 616 2478 sunt.
666 2443 808 2476 Romani
843 2452 926 2473 vero
959 2443 1025 2473 hoc
1056 2443 1131 2482 ipso
1165 2443 1323 2481 tempore
1353 2437 1472 2471 seculo
1497 2438 1634 2469 decimo
1658 2446 1696 2469 se
1720 2438 1771 2468 vi·—

331 2512 415 2535 vere
450 2501 672 2543 putaverunt.
722 2498 857 2531 Etenim
893 2506 975 2529 cum
1010 2498 1089 2538 post
1123 2497 1275 2527 mortem
1310 2495 1347 2525 C.
1375 2493 1447 2525 Iulii
1483 2493 1642 2525 Caesaris
1673 2491 1770 2523 stella

332 2558 454 2590 crinita
478 2555 714 2597 apparuisset,
756 2552 931 2584 Volcatius
956 2552 1131 2592 haruspex
1163 2552 1256 2582 hunc
1280 2552 1455 2582 cometam
1478 2548 1671 2588 significare
1698 2546 1771 2577 exi-

333 2617 406 2645 tum
437 2610 545 2643 seculi
576 2611 657 2642 noni
688 2610 721 2640 ct
752 2609 947 2648 ingressum
975 2607 1101 2639 decimi
1130 2607 1162 2637 in
1188 2607 1345 2638 contione
1373 2604 1466 2636 dixit.
1496 2603 1604 2643 <Sei-V.
1631 2601 1673 2633 ad
1697 2599 1766 2632 Ecl.

334 2670 369 2703 9,
398 2668 483 2706 lm»
521 2668 599 2697 Ltus
625 2665 668 2696 ad
696 2665 784 2704 Virg.
812 2662 881 2695 Ecl,
909 2663 944 2701 l,
973 2664 1024 2694 ἸΟ.
