1997 3219
722 188 856 221 himin.
903 189 1030 221 CARM.
1058 190 1139 222 XVl⁴
1583 192 1656 232 Ῑ’ἓ’

1612 192 1632 232 (υ

1643 206 1661 232 ψ

329 290 425 332 Suis
458 297 499 332 et
529 291 621 346 ipsa
652 292 782 334 Roma
812 292 973 335 viribus
1006 293 1106 335 ruit:

273 371 408 421 Quam
441 384 580 427 neque
612 370 773 414 finitimi
805 372 1029 415 valuerunt
1059 373 1241 430 perdere
1273 375 1397 417 Marsi

329 451 500 494 Minacis
532 459 604 494 aut
635 453 811 496 Etrusca
843 455 1057 496 Porsenae
1089 469 1264 499 manus,

272 531 446 574 Aemula
478 546 556 574 nee
586 533 719 575 virtus
752 535 924 591 Capuae
957 548 1036 577 nee
1068 535 1297 591 Spartacus
1329 551 1429 579 aeer
1632 540 1656 578 55

330 612 545 670 Novisque
578 613 707 656 rebus
739 614 920 657 infidelis
950 615 1169 661 Allobrox,

273 694 357 735 Nee
390 694 478 736 sera
508 694 709 737 caerulea
739 694 902 737 domuit
933 696 1159 738 Germania
1190 697 1304 753 pube

321 844 352 875 Ξ.
372 845 461 884 perit
476 845 628 876 Pottierii
645 844 680 883 4,
701 844 752 876 43.
775 862 809 867 --
830 844 860 877 4.
874 854 1060 884 porsennae
1075 846 1111 877 Β.
1133 864 1167 868 -
1195 847 1225 877 6.
1245 847 1383 879 Novem-e
1398 849 1508 881 Bentl.
1528 852 1616 882 coni.

215 973 355 1013 gnificat
379 974 472 1005 enim
489 972 534 1004 nil
558 975 701 1014 praeter
720 974 831 1014 ipsam
850 974 908 1005 Ro·
936 977 940 1035 Ι
963 974 1172 1015 Spartacum
1197 978 1387 1008 memorari
1412 979 1446 1009 et
1469 980 1658 1021 utrumque

216 1030 310 1054 mam
338 1024 476 1059 stare3»
510 1031 590 1054 cum
620 1022 824 1063 simpliciter
852 1023 909 1054 sit:

216 1073 341 1112 «atque
382 1072 489 1103 Roma
528 1072 600 1104 suis
632 1072 740 1112 ipsius
778 1072 912 1104 viribus

216 1121 493 1162 intemperanter
536 1129 597 1152 usa
642 1121 686 1152 ad
734 1121 911 1153 interitum

218 1170 362 1210 vei-git.»

258 1218 352 1250 3-6.
395 1219 516 1260 Marsi]
543 1218 675 1252 Bellum
707 1219 791 1252 dicit
820 1221 913 1252 Mar-

215 1267 328 1299 sicum
363 1277 391 1300 s.
421 1268 549 1300 sociale
585 1271 723 1309 gestum
753 1278 783 1300 a.
814 1278 848 1300 u.
879 1279 909 1301 c.

216 1316 375 1349 663-666.
398 1336 433 1341 —
452 1319 623 1358 Porsenae]
650 1319 742 1360 regis
768 1318 909 1356 Clusini,

217 1367 276 1407 qui
301 1376 331 1398 a.
351 1376 384 1398 u.
405 1377 435 1399 e.
455 1367 530 1400 ⁵246.
566 1369 711 1400 Romam
729 1368 911 1400 obsidione

215 1417 362 1456 pressit,
397 1416 441 1448 ad
474 1416 688 1449 deditionem
714 1417 830 1458 adegit
857 1419 912 1449 at-

216 1474 285 1506 que
311 1475 476 1505 agrorum
500 1469 598 1507 parte
626 1468 725 1498 tertia
747 1467 911 1508 adempta

218 1515 392 1546 infirmam
411 1525 526 1556 neque
544 1519 662 1548 tamen
676 1515 817 1557 regibus
831 1516 913 1548 sub-

215 1565 343 1596 iectam
373 1566 550 1597 civitatem
580 1565 731 1606 reliquit.
775 1566 835 1606 (De
861 1566 912 1598 sa-

216 1613 338 1646 buloso
374 1613 429 1646 illo
465 1615 558 1656 apud
594 1614 748 1646 Clusium
784 1624 912 1647 monu-

215 1666 334 1695 mento
361 1665 552 1702 Porsenae,
584 1663 628 1695 de
654 1673 722 1704 quo
747 1664 911 1697 Varronis

215 1713 451 1744 narrationem
471 1714 646 1754 excerpsit
666 1712 794 1745 Plinius
814 1714 853 1745 H.
870 1715 908 1745 N.

215 1762 275 1800 36,
303 1761 359 1799 43τ
387 1761 440 1800 4.,
475 1764 606 1804 optime
635 1762 824 1803 disputavit
851 1764 914 1794 Le—

216 1813 338 1842 tronne
372 1812 404 1842 in
439 1812 558 1843 Annal.
590 1813 662 1844 clell'
686 1814 791 1844 Instit.
819 1813 909 1844 arch.

220 1861 311 1891 ¹829.
339 1870 372 1901 p.
401 1861 488 1900 391.)
528 1881 562 1884 -
601 1862 764 1902 (Porsena
797 1871 866 1894 una
890 1873 911 1894 n

216 1911 321 1941 etiam
346 1910 446 1942 Silius
471 1912 502 1950 8,
529 1911 603 1943 389.
631 1911 705 1944 478.
735 1913 786 1951 40,
814 1912 909 1949 483.;

215 1959 342 2001 duplici
367 1961 459 2001 Yirg.
485 1963 571 1992 Aen.
598 1962 634 2000 8,
662 1961 749 2001 646.)
782 1980 816 1984 —
847 1962 913 1993 Ca-

210 2018 299 2048 pua,
323 2010 429 2041 altera
446 2009 498 2041 illa
518 2012 618 2042 Roma
648 2011 731 2051 (Cic.
752 2010 835 2042 Pliil.
858 2011 910 2049 42,

215 2058 272 2098 3.)‚
299 2068 379 2091 cum
404 2062 483 2100 post
507 2062 661 2100 stragem
687 2061 911 2092 Cannensem

217 2109 257 2149 (a.
278 2117 311 2140 u.
331 2118 360 2140 C.
381 2109 468 2148 538.)
504 2109 684 2141 laoearians
717 2110 815 2150 lonqa
837 2110 912 2149 feli-

214 2159 312 2189 citate
327 2161 424 2198 atque
442 2159 642 2200 indnlqentffl
659 2160 814 2199 fortunae
828 2160 909 2199 (Liv.

217 2207 273 2245 23,
301 2208 344 2247 Ξ.)
371 2208 559 2249 imperium
585 2209 690 2240 totius
716 2208 831 2240 ltaliae
860 2208 912 2239 as-

216 2256 381 2288 sociasset
408 2258 490 2296 (Ην.
518 2258 577 2295 23,
614 2258 672 2298 6.),
698 2258 742 2289 ad
772 2258 912 2299 praese-

216 2307 336 2338 cturae
374 2308 549 2338 Romanae
586 2307 734 2339 formam
770 2307 909 2339 redacta

215 2357 270 2386 est
286 2366 316 2386 a.
338 2365 370 2387 u.
391 2365 420 2387 c.
437 2355 511 2388 3543.
536 2374 569 2378 —
590 2357 660 2387 Cic.
682 2356 725 2388 de
743 2356 818 2397 lege
838 2365 908 2397 agr.

218 2404 252 2439 2.
280 2405 339 2436 32:
368 2406 517 2437 Maiores
545 2409 610 2437 tres
633 2406 735 2436 solam
760 2405 854 2437 urbes
878 2406 909 2436 in

215 2454 314 2484 terris
328 2454 492 2493 omnibus,
512 2455 766 2495 Karthaffl'nem,
793 2456 912 2487 Corin-

216 2502 324 2540 thum,
351 2503 499 2542 Capuam
524 2507 708 2535 statuerunt
731 2513 824 2544 posse
849 2505 911 2535 im-

212 2552 298 2591 perii
321 2554 518 2593 arat-itatem
543 2563 583 2583 ac
607 2562 720 2584 nomen
740 2554 907 2585 sustinere.

218 2602 488 2642 (Cainpanorum
515 2603 668 2643 ipsorum
695 2612 775 2634 vum
798 2602 909 2635 nullae

218 2653 335 2691 partes
371 2651 495 2683 suerint
532 2652 563 2683 in
590 2651 681 2683 bello
717 2653 907 2693 Spartan-io,

218 2700 301 2731 satis
327 2700 486 2740 imperite
513 2709 688 2733 nonnemo
705 2702 909 2743 Spartacum

965 1032 1093 1055 nomen
1127 1025 1301 1057 artissime
1332 1027 1547 1067 iungendum
1580 1038 1659 1062 esse

964 1073 1167 1114 contendit.)
1197 1093 1231 1096 —
1258 1076 1458 1116 Spartacus]
1491 1077 1662 1118 gladiator

963 1122 1088 1160 Thrax,
1108 1122 1330 1163 fugitivorum
1344 1124 1425 1164 dux,
1446 1128 1659 1160 acerrimum

964 1180 1045 1203 cum
1070 1172 1233 1204 Romanis
1249 1172 1382 1205 bellum
1399 1176 1506 1214 gessit
1522 1185 1553 1208 a.
1573 1186 1606 1208 u.
1628 1187 1658 1209 c.

963 1221 1124 1253 684-683.
1152 1239 1186 1244 -
1215 1223 1310 1260 Quae
1335 1222 1379 1254 de
1411 1224 1655 1267 Allobrogibus,

964 1269 1090 1301 Galliae
1115 1269 1244 1311 populo
1272 1272 1430 1304 Rhodani
1453 1282 1472 1305 a
1496 1274 1574 1307 lacu
1598 1277 1661 1308 Le—

963 1327 1068 1350 mano
1081 1319 1125 1351 ad
1142 1321 1274 1352 Isaram
1288 1330 1400 1362 usque
1415 1322 1544 1362 accola,
1564 1325 1658 1364 dicit,

963 1370 1168 1410 neutiquam
1193 1370 1316 1402 referri
1347 1371 1480 1404 dehent
1503 1374 1547 1405 ad
1578 1374 1660 1407 illud

964 1420 1121 1459 tempus,
1162 1428 1231 1460 quo
1267 1420 1388 1453 hostes
1423 1422 1660 1456 Romanorum

963 1467 1107 1500 tandem
1136 1477 1168 1499 a.
1200 1477 1234 1500 u.
1268 1478 1297 1501 c.
1325 1469 1399 1502 633.
1427 1479 1458 1502 a.
1485 1473 1524 1510 Q.
1554 1473 1659 1505 Fabio

964 1518 1112 1549 Maximo
1129 1517 1348 1558 Allobrogico
1368 1521 1403 1551 et
1426 1521 1489 1552 Cn.
1509 1522 1660 1555 Domitio

961 1566 1172 1598 Aenobarbo
1205 1567 1326 1599 domiti
1359 1571 1457 1607 sunt,
1499 1570 1534 1602 id
1564 1572 1660 1612 quod

963 1624 1033 1647 non
1063 1617 1242 1657 patiuntur
1264 1626 1319 1649 w.
1348 1618 1419 1658 (in)
1445 1620 1537 1651 novis
1566 1621 1663 1653 rebus

963 1663 1102 1704 (ablat.,
1129 1674 1198 1697 non
1230 1665 1368 1706 dativ.);
1402 1668 1465 1699 sed
1498 1669 1542 1701 ad
1574 1678 1662 1702 con-

962 1714 1170 1746 iurationem
1214 1714 1450 1749 Catilinariam
1485 1727 1516 1750 a.
1554 1728 1587 1750 u.
1625 1729 1657 1752 e.

963 1763 1052 1802 694.,
1081 1764 1115 1794 in
1146 1772 1214 1803 qua
1250 1765 1372 1796 tentati
1400 1775 1419 1797 a
1450 1768 1485 1798 P.
1512 1768 1659 1801 Lentulo

962 1812 1048 1843 Sura
1085 1821 1208 1844 eorum
1244 1812 1346 1853 legati
1381 1815 1438 1846 din
1472 1817 1507 1848 in
1536 1818 1660 1850 incerto

961 1861 1117 1900 habuere,
1155 1862 1315 1901 quidnam
1343 1865 1458 1896 consili
1491 1871 1656 1907 caperent,

963 1912 1153 1951 antequam
1171 1912 1280 1943 totam
1297 1921 1373 1944 rem
1392 1914 1430 1951 Q.
1450 1914 1555 1947 Fabio
1573 1918 1660 1948 San-

963 1968 1026 1999 gae
1041 1960 1230 2000 aperirent.
1248 1960 1325 2001 (Sal.
1337 1961 1434 1993 Catil.
1446 1962 1480 1995 44
1492 1963 1512 2004 .)
1525 1965 1659 1999 Deinde

963 2010 996 2041 C.
1011 2010 1174 2049 Pomptini
1178 2019 1213 2041 us
1223 2028 1237 2033 -
1247 2028 1262 2033 -
1274 2014 1382 2042 ortum
1396 2016 1525 2052 repente
1541 2014 1659 2048 hellam

961 2059 1171 2100 Allobrogum
1195 2063 1293 2099 atque
1313 2060 1375 2092 hac
1398 2061 1557 2094 scelerata
1581 2074 1661 2096 eon-

963 2109 1126 2140 iaralione
1140 2108 1358 2149 (Catilinaria)
1370 2111 1551 2143 incitatum
1562 2122 1660 2152 proe-

961 2158 1013 2189 liis
1034 2158 1133 2199 fressit
1156 2167 1272 2198 eosque
1295 2159 1436 2198 domuit,
1475 2162 1531 2200 ([αὲ
1555 2162 1660 2195 Iaces-

962 2208 1096 2239 sieranc.
1124 2208 1195 2239 Cic.
1221 2207 1265 2240 de
1290 2217 1389 2249 prox:
1418 2219 1515 2242 cons.
1544 2211 1595 2243 43.
1621 2230 1656 2235 -

963 2258 1128 2288 Ceterum
1155 2259 1234 2288 nota
1251 2266 1306 2288 vv.
1326 2258 1398 2290 5-8.
1422 2258 1476 2290 bis
1499 2269 1661 2300 nec—que

962 2314 1026 2347 pro
1050 2315 1106 2338 nec
1124 2316 1262 2347 -neque
1285 2306 1340 2338 vcl
1369 2317 1473 2347 neque
1487 2326 1505 2332 -
1522 2313 1580 2340 aut
1603 2309 1659 2342 vel

963 2364 1145 2394 neque-vm
1162 2355 1321 2397 exempla
1337 2359 1418 2388 sunt
1431 2358 1523 2398 apud
1542 2358 1657 2390 lolmS.

963 2405 1064 2436 Arist.
1095 2406 1124 2436 Ξ.
1155 2414 1189 2446 p.
1217 2406 1269 2436 62.
1319 2407 1472 2446 Wagner
1501 2408 1656 2445 Quuestt.

963 2454 1054 2494 Virg.
1078 2455 1130 2486 36.
1155 2463 1232 2496 pag.
1249 2456 1323 2486 575.
1344 2456 1412 2487 (lsr.
1430 2457 1534 2488 etiam
1554 2458 1660 2490 llein—

963 2504 1038 2535 rich
1063 2504 1107 2535 ad
1137 2506 1254 2536 laven.
1282 2514 1313 2545 p.
1334 2505 1408 2537 460.
1429 2508 1462 2537 et
1488 2507 1658 2547 imprimis

966 2553 1157 2593 llertzlwrg
1191 2556 1326 2585 (Iomm.
1357 2555 1388 2585 in
1415 2556 1515 2596 Prop.
1542 2564 1576 2596 p.
1603 2557 1656 2587 82.

1006 2603 1101 2634 7-10.
1129 2603 1320 2644 ties-mania]
1344 2604 1505 2635 Cimbros
1523 2606 1554 2635 ct
1574 2605 1660 2636 Tou-

966 2653 1066 2684 tonos
1099 2653 1179 2683 «licit
1216 2653 1372 2683 ‹lexis-tos
1409 2653 1550 2685 tandem
1575 2663 1592 2683 a
1620 2655 1656 2685 (Σ.

965 2701 1068 2733 Mario
1105 2704 1137 2732 vt
1176 2704 1214 2739 Q.
1247 2701 1367 2733 Catulo
1403 2712 1432 2733 a.
1466 2711 1497 2733 u.
1525 2711 1554 2733 c.
1582 2703 1655 2734 653.

216 2751 361 2791 propter
385 2750 558 2791 Capuam,
586 2751 741 2792 Capuam
767 2753 910 2792 propter
963 2750 1031 2782 tlsr.
1060 2750 1144 2782 Plut.
1172 2752 1252 2783 Mur.
1284 2752 1331 2782 tl.
1360 2751 1403 2782 «le
1432 2752 1597 2784 Teutonis
1624 2755 1654 2782 ct
