1997 3219
324 190 404 232 4-08

835 199 1002 231 IIORATII
1027 200 1248 234 CARMINUM

548 300 638 340 Non
669 306 709 341 tc
740 299 982 356 Penelopen
1015 302 1228 346 difficilem
1257 306 1398 360 procis

662 379 905 435 Tyrrhenus
938 382 1082 437 genuit
1111 383 1278 439 parens.

546 484 582 525 Ο
614 484 808 539 quamvis
839 498 979 542 neque
1009 493 1050 528 te
1080 501 1258 530 munera
1287 502 1366 531 nec
1404 503 1554 546 preces

544 565 630 605 Nec
660 564 814 606 tinctus
844 563 956 608 viola
985 566 1121 622 pallor
1146 569 1376 611 amantium

544 644 631 685 Nec
661 644 726 685 vir
755 645 894 687 Pieria
924 646 1075 702 pellice
1108 649 1280 691 saucius

659 725 834 774 Curvat‚
868 726 1132 783 supplicibus
1164 728 1246 770 tuis

543 831 719 879 Parcas,
754 845 834 873 nec
864 831 1002 888 rigida
1031 832 1198 875 mollior
1228 834 1400 877 aesculo

541 911 627 952 Nec
658 911 814 953 Mauris
846 912 1032 954 animum
1062 913 1202 955 mitior
1233 914 1455 970 anguibus.

541 991 631 1032 Non
662 991 744 1033 hoc
775 1005 948 1048 semper
978 993 1058 1034 erit
1086 992 1240 1035 liminis
1272 1001 1344 1036 aut
1373 1008 1512 1051 aquae

657 1071 861 1114 Caelestis
892 1072 1058 1128 patiens
1088 1072 1208 1115 latus.

404 1178 454 1209 45.
481 1177 606 1217 paelice
634 1178 678 1216 B,
710 1178 814 1217 pelice
841 1177 973 1209 hSTcd.
1008 1195 1043 1200 —
1073 1179 1124 1211 ⁴8.
1151 1181 1262 1211 animo
1286 1180 1368 1212 ch.
1396 1181 1476 1220 (non
1499 1181 1599 1221 BSd.)

1704 1077 1758 1119 20

1647 1183 1716 1214 «Ex

360 1227 524 1259 omnibus
549 1228 677 1260 nostris
706 1228 830 1260 unicus
856 1229 1068 1260 Graevianus
1093 1227 1145 1270 (β)
1170 1230 1326 1270 agnoscit
1355 1231 1545 1262 animum.»
1591 1232 1712 1263 BENTL.

363 1294 399 1299 —-
427 1277 478 1308 49.
504 1277 589 1318 Non]
615 1278 682 1308 Nec
705 1278 729 1308 T
754 1276 848 1309 solus
872 1278 962 1309 inter
985 1286 1097 1309 meos.

362 1370 413 1400 Μ.
431 1370 481 1401 42.
503 1369 681 1409 Penelopen
704 1370 786 1411 cet]
810 1378 920 1410 «quae
938 1371 1012 1401 iure
1065 1373 1111 1401 tes
1123 1371 1239 1402 violas.
1260 1370 1424 1412 Calpurn.
1440 1371 1510 1404 Ecl.
1527 1372 1565 1411 9,
1585 1372 1644 1405 40:
1670 1373 1762 1405 Eheu

320 1427 384 1449 suo
398 1419 556 1459 difficiliS,
575 1427 698 1460 aspera
717 1420 790 1451 erat
806 1420 921 1460 procis
938 1428 1016 1450 eos-

318 1476 387 1508 que
406 1477 474 1499 non
493 1469 567 1500 sine
586 1470 789 1509 contemptu
808 1477 827 1499 a
840 1477 877 1500 se
895 1477 1014 1499 remo—

318 1516 436 1548 vehat.
467 1518 516 1548 Tu
538 1526 623 1548 vero
648 1518 744 1548 tenui
769 1526 808 1548 es
825 1518 899 1548 orta
916 1516 1011 1555 loco,

316 1565 385 1597 filia
426 1567 560 1598 Etrusci
607 1566 751 1598 alicuius
797 1566 954 1597 advenae
972 1576 978 1604 3
997 1578 1011 1594 »

318 1615 513 1647 cuiusmodi
539 1616 698 1648 homines
720 1617 811 1647 inter
826 1615 889 1647 alia
908 1624 1014 1656 quae-

316 1664 429 1696 sticuli
454 1673 583 1704 genera
614 1665 827 1697 exercebant
851 1665 1014 1705 haruspi-

316 1714 432 1745 cinam
457 1713 727 1753 clandestinam,
755 1714 905 1745 hariolos
928 1722 1012 1753 age-

317 1762 402 1794 bant
431 1765 498 1794 cet.
548 1765 735 1795 Praeterea
766 1764 902 1794 Etrusci
929 1772 1013 1803 pro-

316 1813 395 1852 pter
427 1813 519 1843 vitae
556 1812 737 1843 mollitiem
769 1821 810 1843 ac
839 1812 1012 1843 luxuriam

318 1860 440 1892 famosi
465 1863 575 1892 erant.
617 1861 686 1892 Csr.
712 1862 837 1892 Athen.
864 1862 922 1900 1¹¹2,
958 1861 1008 1893 lt.

319 1910 493 1949 Originem
511 1910 691 1941 dumtaxat
704 1912 816 1950 Lyces
834 1911 1009 1948 extenuat,

319 1967 434 1998 neque
459 1958 553 1989 aliud
577 1959 866 1999 incstprobrum.
908 1960 1012 1991 Cete-

317 2016 395 2038 rum
420 2008 465 2038 ita
491 2007 534 2039 de
560 2017 601 2039 ea
625 2007 794 2048 loquitur,
830 2010 1012 2048 tamquam

317 2058 343 2087 si
369 2057 464 2088 dlviti
488 2057 649 2089 libertIno
674 2059 779 2098 nupta
798 2059 908 2097 esset,
935 2065 1013 2088 ma—

318 2107 410 2138 ximo
427 2109 571 2147 propter
587 2116 700 2138 nemus
716 2106 799 2138 illud
815 2116 847 2138 v,
868 2108 898 2138 6.
929 2108 1013 2147 (Sin-

316 2155 444 2195 gularis
472 2155 667 2197 Penelopae
691 2165 835 2187 anseres
860 2165 1013 2197 pascen-

318 2205 359 2237 tis
391 2206 505 2245 imago
538 2207 592 2237 est
625 2206 659 2236 in
688 2205 847 2236 Gerhard
878 2206 947 2246 Gef.
976 2215 1009 2236 u.

320 2254 481 2285 Trinksch.
508 2255 544 2285 T.
570 2254 669 2294 XIII.)

362 2302 413 2334 44.
441 2304 559 2334 tinctus
580 2304 684 2344 viola]
718 2303 860 2335 «colore
885 2302 1008 2343 violae,

317 2350 493 2384 λευκοὶόυ
518 2352 600 2383 lutei
625 2352 679 2383 vel
704 2352 814 2383 albi.»
862 2353 1010 2384 Achilles

316 2402 388 2432 Tat.
416 2401 446 2432 3.
471 2410 505 2441 p.
524 2401 576 2433 64.
596 2401 738 2432 Iacobs:
766 2397 853 2433 οὔτε
876 2399 920 2432 τὸ
937 2399 1010 2433 τῶν

319 2446 534 2491 ὀφθαλμῶν
574 2445 695 2490 ἄνθος
736 2449 838 2482 ἐστὶν
877 2447 1010 2496 ἀμέρι-

315 2509 432 2540 μνον,
469 2495 548 2530 ἀλλ’
574 2496 675 2530 ἔοικε
709 2503 790 2538 τοῖς
818 2496 904 2545 ἄρτι
934 2511 1009 2542 μα-

315 2548 556 2590 ραινομένοις
586 2546 669 2588 ἴοις.
720 2549 863 2588 Egregie
896 2550 1010 2581 imita-

315 2599 370 2628 tus
402 2598 455 2629 cst
488 2599 648 2629 petrarca
680 2597 756 2628 Son.
790 2598 813 2628 Ι,
842 2597 921 2628 ’187ῑ
963 2599 1009 2629 Un

312 2646 422 2684 pallor
446 2647 478 2677 di
500 2647 590 2677 viola
612 2655 628 2677 e
651 2647 782 2677 cl’amor
804 2647 893 2678 tinto.
938 2648 1006 2679 Csr.

1065 1420 1158 1450 nulla
1172 1429 1264 1451 meae
1280 1424 1310 1452 le
1324 1421 1431 1461 [anglic
1445 1430 1528 1452 eura
1543 1422 1671 1459 salutis·
1688 1422 1762 1453 Pal-

1064 1469 1162 1499 lidior
1183 1469 1270 1500 buxo
1286 1471 1456 1510 violaeque
1471 1471 1656 1502 simillimus
1671 1480 1757 1503 erro.

1065 1517 1186 1549 Tibull.
1207 1519 1238 1557 4,
1257 1519 1288 1557 8,
1308 1520 1365 1550 5³2:
1392 1519 1455 1550 Secl
1471 1520 1590 1551 nimius
1606 1521 1674 1551 luto
1690 1530 1762 1552 cor-

1060 1575 1149 1605 pora
1171 1567 1268 1607 tingyit
1288 1576 1394 1598 amor.
1433 1569 1622 1608 Cynthiam
1642 1570 1761 1600 multos

1059 1616 1186 1654 pallere
1210 1616 1333 1647 colores
1349 1617 1434 1648 dixit
1451 1619 1551 1657 Prop.
1572 1618 1602 1655 4,
1622 1618 1679 1657 45,
1704 1618 1756 1649 39.

1109 1665 1160 1696 45.
1189 1665 1240 1695 46.
1268 1665 1409 1705 Prierz'a]
1435 1665 1672 1698 Macedonica.
1699 1667 1759 1698 Di-

1064 1715 1159 1745 ctum
1185 1715 1239 1745 est
1262 1716 1299 1745 ut
1324 1715 1474 1754 Thressa,
1508 1716 1623 1746 Cressa
1646 1724 1688 1747 ac
1711 1717 1760 1748 si-

1064 1763 1156 1794 milia
1192 1764 1236 1795 de
1273 1763 1392 1795 talium
1423 1764 1665 1796 libertinarum
1693 1774 1758 1806 pa—

1063 1813 1145 1851 tria,
1172 1821 1287 1853 neque
1313 1813 1409 1852 ideo,
1445 1813 1539 1854 quod
1564 1814 1675 1845 Pieria
1700 1822 1758 1845 se-

1064 1862 1126 1893 des
1151 1864 1205 1893 est
1226 1862 1423 1900 Musarum,
1451 1871 1532 1893 cum
1556 1862 1630 1894 aliis
1648 1863 1758 1894 inter-

1064 1911 1274 1951 pretandum
1310 1913 1363 1943 cst
1398 1911 1441 1942 de
1481 1912 1616 1943 musica
1656 1912 1758 1943 huius

1063 1960 1214 2004 ἑταίρας
1248 1962 1335 1991 arte.
1371 1977 1406 1982 —
1437 1960 1579 2001 saucius]
1617 1969 1755 1998 amore,

1063 2011 1100 2040 ut
1115 2009 1207 2049 Virg.
1226 2010 1312 2040 Aen.
1332 2008 1367 2046 4,
1388 2009 1418 2039 4,
1436 2027 1471 2031 —-
1489 2009 1623 2050 Clamat]
1641 2010 1752 2041 Sensu

1064 2059 1210 2098 figurato
1226 2058 1261 2089 h.
1277 2057 1298 2089 l.
1314 2058 1461 2090 sortasse
1476 2059 1595 2090 unico:
1615 2059 1679 2090 «ad
1696 2059 1759 2090 mi-

1063 2107 1291 2140 sericordiam
1308 2108 1435 2145 flectit,
1461 2109 1613 2139 movet.»
1641 2109 1757 2139 Nexus

1064 2158 1183 2188 autem
1196 2158 1451 2189 sententiarum
1460 2157 1517 2188 hic
1529 2158 1597 2189 est:
1610 2158 1758 2195 «Quam-

1063 2215 1169 2246 quam
1187 2207 1322 2237 humant
1346 2205 1429 2237 nihil
1459 2208 1491 2238 te
1524 2206 1569 2237 ad
1599 2215 1757 2238 amorem

1063 2256 1189 2294 flectit,
1216 2256 1333 2287 tamen
1349 2255 1455 2287 veluti
1477 2257 1539 2288 dea
1564 2257 1753 2292 miserere,

1061 2314 1198 2346 precor,
1225 2306 1391 2337 amatoris
1415 2306 1463 2336 tui
1487 2305 1688 2346 supplicis.»

1106 2355 1222 2386 48-20.
1247 2355 1378 2386 Mauris
1391 2372 1431 2378 --
1447 2355 1621 2395 anyuibus]
1638 2356 1676 2386 ut
1692 2355 1752 2386 Od.

1063 2404 1099 2443 4,
1124 2404 1183 2442 ⁶22,
1209 2404 1248 2435 2:
1282 2404 1413 2435 Mauris
1435 2404 1562 2435 iaculis.
1590 2422 1626 2426 —
1648 2404 1723 2435 Non
1739 2421 1756 2425 —

1060 2452 1197 2493 semper]
1223 2453 1363 2492 «Itaque
1394 2452 1470 2492 fiet,
1502 2455 1541 2483 ut
1571 2461 1656 2493 prae
1680 2453 1755 2483 tae-

1062 2500 1118 2532 dio
1135 2500 1322 2541 aliquando
1347 2503 1380 2533 te
1406 2502 1604 2533 deseram.»
1631 2519 1665 2524 —
1684 2500 1752 2540 hoc]

1063 2558 1237 2581 «meum».
1263 2550 1340 2581 Vid.
1361 2550 1405 2581 ad
1429 2551 1497 2582 Sat.
1520 2551 1531 2581 l
1550 2575 1555 2588 ,
1581 2550 1617 2588 9,
1644 2548 1695 2580 47.
1715 2565 1749 2570 —

1060 2598 1298 2639 liminis]nimis
1331 2599 1419 2630 duri.
1449 2616 1483 2621 —
1511 2607 1619 2637 aquae
1642 2597 1754 2629 Caele-

1059 2647 1125 2688 stis]
1152 2648 1237 2688 Epp.
1262 2648 1299 2685 2,
1326 2649 1362 2686 11,
1390 2648 1469 2679 435:
1509 2647 1664 2679 Caelestes
1686 2647 1750 2677 im·-

317 2695 414 2725 Voss.
443 2695 486 2726 ad
512 2696 602 2735 Virg.
632 2694 757 2733 1³:012,
785 2695 842 2727 47:
879 2696 1009 2727 Pallen·
1054 2697 1169 2736 plorat
1193 2706 1308 2736 aquas.
