1997 3219
643 240 718 271 ΗΒ.
746 241 799 271 lll.

850 240 885 271 C.
914 240 996 272 XlX.

1493 238 1513 278 '1-
1519 238 1541 278 l-
1546 238 1570 277 9

601 603 911 642 emunt
945 604 1098 643 XIX·

300 734 513 784 Quantum
545 734 670 775 distet
700 734 752 776 al)
784 734 939 776 Inacho

356 813 520 856 Codrus
551 827 628 870 pro
661 814 795 870 patria
826 827 909 855 non
942 813 1112 855 timidus
1147 814 1275 855 mori.

298 895 452 936 Narras
485 900 526 936 et
561 907 695 950 genus
726 894 852 937 Aeaci

352 975 401 1016 Et
430 980 615 1030 pugnata
646 988 768 1017 sacro
800 973 911 1016 bella
943 974 1023 1016 sul)
1054 974 1148 1016 Ilio:

215 1129 298 1161 XIX.
326 1131 435 1162 Inscr.
459 1128 550 1169 volg.
587 1130 636 1161 Ad
670 1130 854 1169 Telephum,

171 1180 314 1210 Murena
345 1179 489 1220 augurio
521 1179 721 1210 honoratum
744 1178 801 1210 bc.
830 1196 866 1201 —
895 1179 923 1209 ·Ι.

173 1229 403 1270 ninghamius.
432 1229 511 1268 (non
534 1229 610 1268 ΒΞ.)

169 1372 253 1403 XIX.
280 1370 465 1403 Probabile
490 1379 574 1402 sane
591 1396 598 1410 ,
624 1379 690 1402 nec
707 1372 825 1402 tamen
849 1369 852 1383 ‘

127 1429 272 1462 prorsus
309 1422 444 1451 certum
475 1421 544 1458 est,
586 1420 679 1451 hunc
710 1420 851 1451 Mure-.

129 1479 208 1501 num
241 1478 405 1510 messui-em
437 1469 590 1500 eundem
627 1478 705 1501 esse
742 1477 824 1500 cum

127 1521 163 1551 L.
191 1519 320 1550 Licinio
344 1518 501 1549 Varrone
527 1519 686 1556 Murena,
719 1518 823 1550 fratre
848 1528 850 1545 ¹

127 1569 308 1600 Terentiae
325 1568 555 1606 Maecenatis,
582 1568 712 1599 Horatii
735 1567 825 1598 ami-

129 1626 171 1648 co
196 1617 269 1657 (cfr.
297 1616 359 1648 Od.
380 1617 414 1654 2,
436 1617 515 1655 40).
547 1617 579 1647 Is
604 1617 718 1656 igitur,
746 1617 825 1656 qui—

127 1674 266 1707 cunque
282 1666 360 1704 suit,
377 1674 459 1697 cum
472 1667 506 1696 in
520 1668 699 1705 Augurum
717 1664 825 1696 colle-

130 1716 224 1756 gium
249 1716 430 1756 cooptatus
448 1716 560 1752 esset,
587 1715 663 1745 eius
681 1714 824 1745 honoris

130 1765 239 1804 gratia
263 1765 491 1802 nocturnam,
518 1765 552 1795 et
576 1771 656 1794 eam
679 1763 823 1803 quidem

130 1813 398 1851 hilarissimam,
448 1813 746 1853 compotationem
770 1813 825 1843 in-

129 1863 248 1894 stituit.
297 1863 419 1893 Totam
445 1863 519 1893 eius
548 1862 722 1902 picturam
753 1871 823 1902 quo

125 1911 331 1943 vividiorem
348 1911 491 1949 reddat,
518 1912 673 1952 primuni
698 1920 735 1943 se
761 1921 824 1943 ex-

125 1959 303 2000 postulare
329 1960 424 2000 tingit
448 1969 529 1992 eum
553 1959 727 2000 Telepho,
765 1961 822 2001 qui

126 2007 309 2049 philologis
334 2008 607 2049 quaestiunculis
628 2012 823 2050 occupatus

127 2058 170 2089 de
207 2059 369 2089 convivio
410 2059 473 2089 rite
511 2058 666 2099 parando
706 2067 820 2097 nunc,

127 2116 208 2138 cum
248 2107 291 2138 sit
330 2108 646 2151 συμποσίαρχος,
694 2108 820 2138 taceat.

129 2155 227 2194 Quod
245 2154 438 2197 Telephum
458 2158 651 2188 «Graecum
668 2158 820 2197 poetam,

125 2204 283 2238 sodalem
310 2206 467 2237 Horatii»
493 2208 595 2237 vocat
619 2208 750 2245 Acron,
789 2206 822 2237 id

126 2255 228 2286 unice
278 2264 319 2286 cx
358 2256 522 2287 carminis
561 2255 706 2287 exordio
757 2255 823 2287 de-

126 2305 306 2344 sumptum
348 2306 422 2342 est;
464 2305 665 2344 ignoramus
707 2305 818 2343 enim,

126 2354 290 2384 utrumne
315 2353 359 2384 sit
381 2362 530 2394 persona
556 2354 654 2392 ficta,
681 2363 725 2385 an
756 2355 821 2386 ioci

127 2410 230 2433 causa
257 2402 388 2440 amico,
415 2404 469 2433 cui
495 2412 562 2434 una
580 2412 660 2435 cum
678 2404 821 2435 Murena

126 2450 194 2481 hoc
234 2459 377 2482 carmen
425 2452 573 2489 miserit,
626 2453 821 2492 mythicum

126 2498 207 2530 illud
232 2508 359 2531 nomen
378 2500 601 2541 imposuerit,
628 2510 698 2541 quo
716 2502 823 2533 utitur

126 2549 230 2579 etiam
256 2548 317 2579 Od.
350 2550 381 2586 4,
410 2550 468 2587 43,
496 2550 526 2580 4.
553 2551 588 2581 et
610 2550 672 2581 Od.
699 2549 738 2588 4,
766 2551 818 2589 44,

124 2598 177 2628 24.
219 2598 299 2637 (Csr.
334 2599 438 2629 etiam
463 2598 606 2630 XVeberi
637 2600 820 2640 opiniones

126 2646 239 2677 Hora:
263 2655 296 2687 p.
323 2648 388 2686 93.)
437 2647 560 2679 Totum
592 2657 734 2680 carmen
768 2651 821 2680 est

123 2693 441 2737 μιμητικώτατον.
460 2714 495 2719 -
512 2698 752 2729 «Manifestum
767 2699 821 2729 est

126 2746 294 2786 scriptum
326 2754 405 2777 esse
436 2748 515 2778 ante
544 2756 574 2777 a.
613 2747 711 2784 7:32„
749 2756 844 2797 quo,

128 2794 289 2825 Muraena
319 2803 384 2825 una
411 2804 491 2826 cum
518 2796 644 2826 Fannio
669 2797 817 2836 Caepio-

240 2854 347 2882 llmnr
384 2856 487 2885 voe!
539 2864 576 2884 izi·
613 2864 711 2884 usion
737 2856 779 2884 til.

848 1516 932 1555 '54,
959 1517 1003 1556 3.)

893 1132 927 1160 et
960 1130 1010 1161 sic
1034 1130 1123 1161 BST.
1162 1147 1198 1152 —
1236 1130 1285 1161 Aa
1319 1130 1486 1170 Telephum
1510 1140 1529 1162 a

951 1179 1049 1210 distat
1072 1178 1186 1218 thd,
1224 1181 1261 1210 ut.
1295 1179 1437 1212 volebat
1461 1182 1531 1212 Cu-

876 1379 919 1401 ne
944 1371 976 1402 in
999 1372 1196 1411 Augustum
1221 1372 1446 1412 conspiravit..
1483 1372 1575 1412 (Vel-

875 1419 930 1451 lei.
950 1420 988 1458 2,
1008 1419 1060 1450 94.
1088 1421 1182 1451 Suet.
1202 1421 1275 1451 Oct.
1297 1421 1355 1459 49,
1375 1421 1427 1453 66.
1455 1421 1570 1453 Tiber.

875 1469 905 1500 8.
948 1469 1070 1500 Senec.
1099 1469 1142 1500 de
1170 1468 1279 1501 Clem.
1310 1470 1341 1501 9.
1382 1471 1446 1502 Dio
1473 1472 1571 1503 Cass.

1052 1518 1142 1557 Ergo
1168 1517 1283 1558 aIIqua
1317 1520 1413 1550 certe
1439 1519 1572 1560 proba-

874 1566 1016 1598 bilitatis
1051 1569 1170 1608 specie
1207 1568 1301 1599 eirca
1337 1578 1368 1600 a.
1407 1569 1480 1600 729.
1519 1569 1573 1601 vel

875 1616 949 1647 730.
977 1618 1012 1647 et
1035 1617 1179 1657 quidem
1204 1617 1321 1649 hieme
1348 1619 1389 1658 (v.
1409 1618 1454 1659 8.)
1473 1627 1573 1650 com-

874 1666 1028 1706 positum
1054 1666 1218 1697 dixeris.»
1245 1667 1389 1697 FRANKE.

919 1715 948 1746 4.
991 1716 1160 1754 Quantum
1197 1716 1308 1756 distet]
1366 1717 1570 1754 «Quantum

873 1764 1043 1804 temporis
1068 1765 1112 1796 sit
1135 1764 1179 1795 ab
1205 1765 1350 1803 Inacho,
1376 1766 1491 1806 primo
1508 1766 1573 1797 Ar—

874 1813 1034 1853 givorum
1059 1822 1159 1853 rege,
1197 1822 1309 1854 usque
1335 1814 1380 1845 ad
1404 1814 1571 1853 Codrum,

874 1861 1141 1894 Atheniensium
1186 1862 1388 1894 ultimum.»
1443 1864 1571 1895 Notant

874 1911 1045 1943 interesse
1089 1920 1200 1943 annos
1251 1913 1390 1944 circiter
1438 1913 1566 1944 DCCC.

875 1960 1053 1999 (Inachum
1079 1970 1109 1991 a.
1138 1962 1217 1992 ante
1243 1962 1324 1993 Chr.
1352 1961 1448 1993 4667.
1475 1962 1573 2001 ponit

873 2008 991 2040 Bockh
1024 2011 1178 2041 Marcellia
1213 2019 1246 2050 p.
1285 2010 1372 2049 493.)
1435 2009 1572 2042 Ocellus

874 2058 1035 2090 Lucanus
1060 2058 1098 2096 3,
1126 2060 1157 2090 5.
1196 2068 1229 2099 p
1257 2058 1308 2090 37.
1350 2059 1437 2090 Rud
1481 2059 1571 2098 Τοῖς

873 2104 914 2137 λε’
896 2116 1027 2148 γουσι
1043 2084 1114 2148 τὴἳν
1129 2106 1197 2149 τῆς
1218 2104 1438 2149 Ἑλληνικης
1464 2107 1570 2139 ἱστο-

874 2156 957 2199 ρίας
981 2151 1104 2201 ἁοχὴν
1122 2153 1200 2187 ἀπὸ
1221 2152 1370 2194 Ἰνάχου
1388 2161 1485 2188 εἰναι
1500 2155 1568 2189 τοῦ

868 2185 1032 2249 ’Λογείου
1061 2206 1292 2250 :tpooezrc-‘oi
1308 2204 1385 2236 κτ).
1424 2207 1474 2237 De
1503 2206 1568 2237 Co-

873 2253 937 2285 dro
963 2254 1024 2286 cfr.
1051 2254 1137 2286 Vell.
1166 2257 1237 2287 Pat.
1265 2256 1301 2294 4,
1331 2256 1362 2286 2.
1398 2255 1515 2286 lustin.
1536 2256 1567 2294 2,

873 2304 903 2334 6.
946 2303 1181 2336 soloecismus
1206 2306 1306 2336 distat
1328 2306 1424 2336 ortus
1449 2307 1504 2349 est
1528 2313 1570 2336 ex

872 2352 956 2385 falsa
993 2354 1230 2386 distinctione:
1273 2355 1441 2394 Quantum
1469 2355 1569 2385 distat

872 2419 920 2425 --
935 2403 1051 2434 mori?
1074 2405 1209 2435 Narras
1231 2407 1260 2435 eb
1286 2403 1413 2443 (etiam)
1440 2406 1507 2434 cet.

915 2452 946 2483 3.
987 2452 1017 2484 4.
1066 2453 1218 2494 Narras]
1267 2452 1566 2491 «Quaestionibus

871 2498 1094 2544 (μλολόγοις
1131 2511 1262 2534 means
1302 2501 1385 2532 aliais
1422 2510 1566 2533 narrare

870 2549 984 2588 soles;
1016 2551 1080 2583 sed
1106 2561 1197 2583 nunc
1223 2551 1348 2582 talibus
1374 2550 1471 2582 locus
1497 2559 1565 2582 non

871 2601 960 2631 est.»
1005 2618 1040 2623 —
1081 2611 1183 2642 qenus
1220 2600 1336 2641 Aeaei]
1383 2613 1396 2627 u
1411 2599 1565 2639 explicas

869 2649 1100 2682 Aeacidarum
1150 2652 1336 2682 stenima.»
1397 2648 1561 2688 (Peleus

869 2698 1041 2737 Achilles,
1069 2698 1341 2741 Neopt‹›leiiius;
1381 2696 1560 2734 Tei-,imon

869 2748 950 2779 Aiax
969 2757 1049 2780 eum
1068 2750 1213 2780 Teucro
1221 2749 1228 2787 )
1247 2766 1281 2770 —
1299 2747 1405 2787 sacro]
1425 2747 1562 2791 Τροίης

869 2794 970 2840 ἱερὸν
996 2796 1238 2840 :troh'cae'lpm
1257 2793 1368 2834 Ἴλιος
1393 2793 1466 2839 ἱρή.

1304 2859 1335 2884 ²,t
