1997 3219
338 147 416 187 746

655 149 820 179 ttORATlt
853 149 1018 180 EPODON
1056 149 1188 180 LIBER.
1235 151 1362 181 (xiim.
1390 150 1487 181 XVll.

504 254 563 293 An
597 266 708 308 quac
740 266 913 294 movere
944 265 1094 294 cereas
1126 252 1349 308 imagines,

501 332 550 374 Ut
584 332 674 388 ipse
712 332 818 373 nosti
854 333 1071 381 curiosus,
1107 339 1147 374 ct
1183 332 1280 388 polo

500 412 706 468 Deripere
741 411 884 454 lunam
912 412 1090 455 vocibus
1122 412 1284 468 possim
1319 413 1444 456 meis.

501 493 665 535 Possim
696 499 908 535 crematos
940 493 1125 535 excitare
1157 499 1346 535 mortuos

499 572 784 629 Desiderique
815 579 1055 630 temperare
1087 573 1266 629 pocula,
1723 580 1776 615 80

501 653 666 696 Plorem
697 653 797 696 artis
829 653 870 694 in
902 660 941 696 te
973 653 1029 694 nil
1061 654 1224 710 agentis
1255 654 1425 696 exitus?

418 768 470 798 77.
501 768 539 797 Ut
561 770 591 797 et
613 767 682 805 ipse
706 767 743 797 C.
773 785 808 788 —
834 768 984 798 curiosus
1006 767 1090 798 nosti
1113 768 1150 798 B.
1192 786 1226 790 —
1268 767 1320 799 78.
1351 768 1504 807 Diripere
1527 768 1563 798 T.
1596 786 1630 789 —
1654 776 1733 807 pos—

374 826 447 848 sum
470 824 561 847 unus
587 815 664 855 (1¹6.)
689 815 843 846 Pottierii
875 816 911 846 et
934 817 1136 848 Torrentius
1172 817 1236 849 bis.

1281 817 1357 857 (Mei
1382 826 1423 849 ac
1446 816 1592 849 Bentleii
1611 818 1735 857 possim

374 864 590 906 utrobique.)
619 882 654 886 —
695 865 746 896 80.
769 864 927 904 poculum
950 864 1040 903 th,
1067 866 1191 897 LCtFJ.
1220 867 1269 905 (Ut
1294 874 1376 904 nos,
1402 868 1444 905 B,
1471 864 1631 908 γδκλνχ,
1656 876 1729 898 varv

375 915 454 947 lect.
480 926 525 956 μ,
550 912 745 950 Bentleius,
772 913 829 952 M.)
856 931 893 936 —
930 914 983 946 811.
1009 914 1137 945 nullum
1159 914 1305 946 habentis
1328 915 1453 946 eoeitwn
1478 916 1520 953 L,
1546 916 1594 946 nil
1615 916 1734 947 haben—

374 966 415 996 tis
436 965 545 995 exitas
566 971 659 994 unus
683 963 835 994 Pottierii
860 964 895 994 et
917 959 1014 994 Torr.
1033 989 1039 1001 ,
1066 963 1113 995 m'l
1134 964 1275 995 valentis
1297 965 1425 996 excitum
1448 965 1623 1000 Muretus;
1663 973 1733 996 non

375 1016 413 1045 ut
446 1012 582 1051 volunt,
618 1012 704 1044 Cod.
744 1011 935 1044 Pulmanni.
974 1012 1112 1044 Habent
1144 1014 1192 1045 nil
1214 1012 1309 1054 (nihil
1330 1015 1379 1054 T.)
1405 1014 1532 1055 agyentis
1555 1013 1664 1045 Bch.
1694 1032 1730 1036 —

375 1064 483 1095 exitus
506 1062 629 1100 Bbc,t:
656 1062 783 1093 eoeitzon
807 1062 919 1101 T,LC,
945 1062 1137 1100 Bentleius,
1167 1064 1234 1096 FM.
1263 1064 1315 1103 (Ut
1337 1072 1421 1102 nos,
1447 1064 1490 1104 J.)

332 1157 463 1189 domito
481 1157 609 1194 omnia⁷
641 1165 731 1196 quae
755 1157 787 1188 in
813 1156 899 1188 orbe
918 1158 1032 1188 terra·
1084 1166 1152 1198 que
1189 1159 1223 1189 et
1258 1165 1418 1197 prorsus*
1446 1157 1598 1188 inaudita
1635 1157 1777 1189 efficere

332 1216 410 1238 rum
428 1208 519 1245 sunt,
539 1206 681 1238 flectent
699 1215 736 1238 se
759 1207 907 1238 invictae
929 1215 1030 1238 meae
1083 1215 1211 1246 queam
1224 1208 1260 1237 ‘?‚›
1289 1225 1324 1228 —
1357 1207 1571 1246 Desiderique
1594 1209 1780 1246 temperare

332 1257 509 1297 potentiae
536 1265 687 1297 eamque
713 1265 795 1288 cum
819 1258 964 1297 stupore
981 1256 1032 1288 ul-
1076 1256 1208 1297 poeula]
1238 1256 1409 1288 «miscere
1445 1255 1568 1297 pocula
1595 1257 1775 1294 amatoria,

332 1308 385 1337 tro
409 1307 620 1346 agnoscent,
652 1314 752 1344 cum,
784 1306 884 1346 quasi
909 1307 1031 1337 trium-

331 1355 463 1396 phans,
503 1355 566 1387 tibi
590 1355 788 1395 inequitans
813 1356 1028 1387 incessero.»

330 1403 394 1435 Alii
420 1404 612 1445 explicant:
651 1406 705 1435 «te
743 1413 886 1436 mecum
909 1403 1029 1436 tollam

332 1454 366 1484 in
391 1457 552 1491 aeremp)
590 1453 622 1485 id
655 1453 750 1494 quod
780 1463 849 1485 non
882 1454 972 1485 inest
996 1454 1029 1485 in

330 1502 450 1535 verbis
467 1504 605 1543 poetae.
628 1521 662 1525 —
681 1503 884 1542 insolentiae]
910 1503 1030 1534 «novis

332 1553 444 1590 ausis,
480 1551 627 1584 insolitis
661 1561 702 1583 ac
738 1552 838 1583 novis
874 1550 1027 1589 artibus,

333 1600 462 1641 quibus
496 1600 646 1632 ulciscar
678 1602 713 1631 et
736 1600 933 1641 deprimam
965 1600 1031 1631 ini-

332 1651 444 1682 micos
469 1658 628 1681 omnes.»
654 1650 891 1681 Foncssfflmvs.

375 1699 492 1731 76-80.
511 1707 622 1730 cereas
633 1699 804 1740 imaqines]
828 1700 913 1732 Utin
926 1699 1032 1730 Phar-

333 1749 535 1781 niaceutriis
552 1749 724 1780 Theocriti
746 1749 784 1787 ⁶2,
804 1749 857 1780 ¹28.
885 1749 919 1779 et
935 1748 1027 1787 Virg.

332 1798 403 1830 Ecl.
433 1799 472 1837 8,
506 1798 585 1836 80.,
619 1806 735 1838 pupae
761 1798 847 1829 istae
872 1797 1029 1836 magicae

334 1847 579 1879 adolescentes
602 1845 658 1877 vel
678 1846 838 1878 infideles
854 1844 910 1877 vel
927 1846 1029 1877 nimis

334 1898 442 1929 duros
466 1896 638 1932 referunt,
676 1904 764 1935 quos
789 1903 828 1926 se
854 1895 1029 1926 detixuras

333 1950 368 1979 et
391 1945 527 1987 cupidis
558 1944 682 1986 puellis
714 1944 958 1976 conciliaturas
982 1944 1031 1975 si-

334 1995 518 2028 mulabant
541 2003 657 2035 sagae.
685 1994 783 2026 Ovid.
810 1995 891 2025 Hcr.
911 1994 949 2033 6,
969 1993 1004 2024 9⁴
1023 2002 1029 2023 :

334 2048 476 2077 Devovet
500 2045 644 2076 absentes
666 2044 912 2082 simulacraque
936 2051 1031 2075 cerea

331 2096 403 2137 fissit
418 2096 461 2126 Et
483 2095 640 2126 miserum
657 2097 766 2126 tenues
781 2096 816 2125 in
831 2095 923 2125 ieeur
936 2096 1032 2133 urqet

333 2154 423 2176 aeus.
446 2162 481 2166 —
508 2143 674 2184 curiosus]
702 2152 803 2175 «cum
828 2141 1031 2174 incredulus

334 2204 375 2226 ex
394 2193 527 2225 insidiis
544 2201 644 2224 meas
661 2194 754 2224 artes
772 2191 1030 2233 inspectabas.»

337 2261 372 2265 —
399 2243 479 2282 polo
508 2243 669 2282 Deripere
698 2241 831 2282 limant]
876 2241 952 2272 Vid.
988 2241 1032 2272 ad

334 2293 444 2334 Epod.
463 2293 494 2331 5,
513 2291 554 2324 45
567 2300 620 2332 sq.
639 2309 673 2313 —
699 2291 858 2330 excitare]
883 2290 927 2322 ab
946 2291 1034 2322 Infe-

336 2342 393 2373 ris.
432 2340 555 2372 Tibull.
584 2342 621 2379 4,
648 2341 688 2379 2,
715 2340 778 2373 47:
820 2341 908 2371 Haec
932 2343 1033 2372 cantu

333 2392 491 2432 finditque
528 2391 632 2421 solum
665 2392 844 2429 Manesque
878 2391 1034 2430 sepulcris

336 2441 433 2471 Elicit
457 2444 485 2472 et
509 2441 615 2480 lepido
641 2441 775 2472 devocat
791 2449 864 2471 ossa
880 2450 972 2480 roqo.
995 2458 1029 2462 —-

339 2491 409 2521 «An
436 2499 499 2529 ego
525 2490 673 2522 sortasse
699 2492 792 2522 artes
818 2499 915 2521 meas
940 2491 974 2521 in
998 2491 1031 2521 tc

337 2540 450 2571 irritas
475 2548 619 2571 manere
645 2540 743 2580 queri
769 2538 923 2576 debebo,
954 2547 1030 2579 ogo,

340 2590 496 2629 inquam,
517 2598 606 2629 quac
625 2591 741 2620 tamen
760 2589 910 2620 maxima
928 2597 1034 2628 quae—

1080 1305 1252 1350 φίλτρα.»
1290 1305 1454 1337 praefero
1477 1314 1573 1337 num.
1604 1305 1778 1346 pluralem

1081 1356 1233 1386 maxime
1251 1356 1397 1395 propter
1419 1356 1664 1387 auctoritatem
1689 1355 1775 1387 Cod.

1080 1404 1267 1436 Bernensis
1292 1404 1450 1436 omnium
1481 1405 1714 1445 antiquissimi
1739 1405 1774 1436 B.

1080 1452 1270 1494 Singularis
1303 1452 1494 1485 multorum
1527 1453 1715 1493 (omnium,
1742 1455 1780 1484 ut

1080 1503 1238 1541 videtur,
1264 1502 1428 1542 Pottierii)
1455 1503 1564 1534 Codd.
1584 1504 1684 1534 fluxit
1707 1503 1779 1535 sor-

1081 1552 1174 1583 tasse
1211 1560 1254 1583 ex
1295 1551 1541 1584 recordatione
1585 1553 1694 1594 Epod.
1736 1554 1775 1589 5,

1081 1601 1141 1632 38:
1168 1601 1298 1632 Amoris
1314 1619 1332 1624 -
1342 1602 1511 1640 poculum.

1124 1650 1178 1681 84.
1208 1650 1353 1680 «Plorem
1379 1650 1515 1689 (vanos,
1543 1658 1686 1690 semper
1710 1649 1778 1680 sru-

1081 1698 1220 1736 stratos)
1245 1698 1355 1728 emtus
1379 1698 1462 1728 artis
1485 1706 1587 1729 meae
1606 1699 1775 1738 magicae,

1082 1756 1172 1788 quae
1198 1747 1231 1777 ln
1255 1750 1285 1778 te
1309 1748 1473 1786 (accusat.
1497 1747 1686 1779 «adversus
1710 1748 1776 1785 te»)

1080 1797 1128 1827 nil
1150 1796 1238 1837 αῃὶι,
1266 1795 1396 1828 nullam
1421 1797 1492 1828 vim
1516 1795 1677 1827 bahem»
1704 1798 1779 1828 lna-

1081 1854 1164 1876 nem
1188 1855 1216 1876 s.
1243 1844 1377 1876 nullum
1401 1845 1508 1877 tuisse
1533 1846 1660 1877 eoeitmn
1688 1846 1779 1877 inest

1082 1895 1115 1926 in
1148 1895 1223 1935 ipso
1259 1903 1292 1925 v.
1314 1895 1456 1934 plorem.
1492 1895 1625 1936 Agentis
1660 1895 1778 1936 (perti-

1082 1944 1216 1984 cientis)
1263 1952 1328 1984 per
1366 1953 1404 1976 se
1444 1943 1578 1976 clarum
1617 1946 1671 1976 est
1712 1953 1779 1975 nec

1081 1992 1373 2024 commutandum
1408 2002 1489 2025 cum
1523 1992 1627 2034 gloss.
1663 1994 1779 2024 valen-

1081 2043 1137 2081 tis,
1170 2042 1327 2074 habentis.
1356 2042 1473 2083 (Ayere
1497 2043 1531 2074 ct
1553 2042 1671 2074 habere
1696 2051 1778 2083 pas-

1082 2093 1148 2123 sim
1179 2091 1460 2131 confunduntur,
1500 2094 1537 2123 ut
1568 2092 1665 2123 Ovid.
1693 2093 1774 2123 l‘lcr.

1083 2141 1142 2179 1t6,
1174 2141 1247 2172 302.
1290 2142 1370 2173 Met.
1400 2141 1437 2180 9,
1469 2141 1555 2180 ⁴07.)
1603 2141 1775 2179 Quidam,

1083 2190 1176 2222 nullo
1214 2193 1331 2222 tamen
1375 2189 1536 2231 exemplo
1578 2191 1702 2229 innisi,
1743 2199 1775 2221 v.

1083 2241 1167 2272 artis
1215 2249 1278 2281 pro
1317 2241 1468 2280 genitivo
1514 2239 1614 2271 verbi
1651 2240 1779 2279 plorem

1083 2289 1236 2322 habent:
1279 2291 1446 2330 «propter
1469 2291 1582 2320 artem
1606 2289 1701 2320 omni
1726 2288 1778 2320 cs-

1083 2342 1254 2373 ficacitate
1294 2342 1509 2372 carentem.»
1557 2339 1777 2371 Contrarium

1084 2392 1137 2422 est
1169 2390 1230 2421 Od.
1257 2389 1294 2429 4,
1322 2389 1382 2427 44,
1408 2389 1472 2421 38:
1512 2390 1667 2420 secundos
1701 2389 1778 2419 red-

1083 2441 1163 2471 didi!
1180 2440 1287 2471 acilus
1298 2465 1308 2478 ,
1336 2439 1463 2480 quibus
1480 2439 1667 2480 opponitur
1682 2446 1779 2477 asper

1084 2490 1203 2520 Eoeitus
1238 2489 1331 2529 apud
1350 2488 1469 2519 Silium
1486 2489 1522 2526 5,
1550 2487 1612 2519 4-78
1629 2496 1682 2527 sq.
1703 2486 1778 2518 Plu-

1085 2537 1194 2570 ralcm
1220 2538 1275 2569 lii(-
1300 2546 1440 2578 quoquc
1466 2536 1611 2578 praetuli
1636 2538 1778 2578 propter

1085 2588 1196 2619 Codd.
1216 2587 1395 2627 antiquiss.
1416 2587 1670 2619 auctoritatem.
