1997 3219
653 236 729 267 LlB.
757 236 810 266 ΙΙΙ.

880 238 901 267 ;.
929 236 980 266 vi.
1500 233 1580 272 3835

368 339 454 380 lam
488 339 552 380 bis
584 339 804 381 Monaeses
837 347 878 380 ct
910 338 1056 380 Pacori
1089 351 1237 379 manus

369 420 458 460 Non
496 419 738 475 auspicatos
769 418 958 462 contudit
991 419 1170 473 impetus

1532 416 1546 456 ‘l
1558 418 1582 455 Ο

427 499 601 541 Nostros
632 506 674 540 et
705 499 915 542 adiecisse
948 497 1152 554 praedam

233 642 265 674 9.
290 642 454 674 Mounesis
469 651 496 674 s.
514 643 653 673 monesis
668 642 789 674 BSTcd
814 644 849 674 et
873 650 962 674 corr.
983 641 1024 679 l),
1057 642 1138 672 item
1156 640 1234 670 LCt.
1257 640 1307 679 (Ut
1323 647 1404 677 ῃοε,
1432 647 1483 679 pr.
1503 639 1538 676 b,

190 691 343 724 Pottierii
368 691 454 723 Cod.
474 692 627 732 quintuS,
654 690 797 723 Aldinae
822 694 857 724 et
879 692 970 723 inter
994 691 1150 721 Editores
1173 690 1249 720 Sec.
1272 689 1372 720 XVII.
1396 689 1544 729 Rutger-

191 740 289 781 sius.)
317 757 353 763 ·—
379 741 432 772 40.
458 741 685 780 [nauspicacos
708 742 731 772 B
757 742 792 772 et
815 739 967 772 Pottierii
992 738 1134 779 aliquot.
1163 756 1198 761 —
1230 739 1282 769 44.
1308 738 1437 770 Nostris
1460 745 1540 770 cum

190 798 260 822 uno
284 789 370 822 Cod.
396 790 561 822 Prisciani
584 798 618 830 p.
645 790 719 821 894.
747 790 781 821 Ρ.
809 788 963 829 praefert
987 786 1181 825 Bentleius,
1213 785 1269 818 vel
1294 785 1360 827 leg.
1387 787 1543 828 suspica—

191 840 249 871 tur
280 839 488 871 Nostrorum.
534 856 569 861 —
620 839 692 877 (Vv.
732 838 766 868 44
795 855 828 859 —
855 836 906 868 43.
944 837 978 867 in
1017 837 1040 867 B
1083 836 1211 868 desunt
1251 837 1285 866 et
1322 844 1354 867 v,
1398 836 1449 866 45.
1491 837 1544 867 est

191 887 359 927 ultimus.)

149 1017 210 1057 49,
236 1017 335 1051 -24-34
346 1018 380 1058 .),
399 1025 616 1058 quamquam
632 1015 748 1058 paullo
764 1019 844 1050 ante

151 1068 226 1099 eius
249 1066 385 1107 legatus
410 1066 591 1098 Ventidius
608 1067 781 1098 Pacorum
797 1067 847 1098 in-

150 1115 246 1148 sidiis
285 1116 566 1148 circumventum
610 1115 844 1148 interfecerat.

153 1166 226 1205 (Dio
250 1164 270 1196 l.
297 1164 318 1196 l.
346 1165 412 1204 ΞΟ.)
444 1166 564 1205 ltaque
587 1165 706 1197 Pacori
728 1173 848 1196 manus

153 1215 372 1255 potissimum
397 1214 442 1245 ad
463 1213 596 1246 Decidii
614 1213 753 1246 cladem
770 1222 849 1254 per-

152 1265 248 1296 tinet.
297 1264 347 1295 De
377 1263 444 1295 hoc
475 1265 607 1295 Pacoro
632 1265 667 1294 et
690 1264 846 1303 quinque

152 1312 226 1344 aliis
251 1321 294 1344 ex
317 1313 462 1344 historia
494 1313 584 1343 notis
616 1314 746 1352 opt-ime
780 1312 848 1350 egit

153 1362 265 1394 Haase
280 1362 314 1393 in
326 1361 435 1393 Ersch
449 1363 484 1392 et
497 1361 636 1392 Gruber
655 1359 845 1400 Encyclop.

153 1412 207 1443 ΙΙΙ.
226 1411 281 1442 IX.
301 1412 334 1442 in
359 1411 426 1442 hoc
442 1419 474 1440 v.
501 1412 543 1441 At
561 1411 638 1450 quis
654 1410 848 1441 Monaeses?

154 1461 465 1493 Commemoratur
497 1459 640 1499 quidem
670 1467 686 1489 a
714 1458 849 1490 Plutar—

155 1509 220 1540 cho
234 1510 357 1540 Anton.
375 1518 405 1539 c,
424 1508 477 1539 37.
493 1516 525 1548 p.
546 1507 620 1539 932.
640 1508 679 1539 D.
699 1508 750 1539 Fr.
770 1507 850 1538 Mo-

155 1559 303 1599 ναίσης,
329 1553 426 1601 ἀνὴρ
449 1553 639 1599 ἐπιφανὴς
656 1557 719 1587 καὶ
737 1555 850 1588 δυνα-

155 1605 237 1647 τός,
275 1607 334 1647 qui
366 1606 522 1638 Phraatis
554 1607 736 1638 saevitiam
769 1614 851 1638 cum

157 1655 273 1692 multis
297 1655 370 1686 aliis
389 1656 523 1695 fugiens
540 1655 584 1686 ad
602 1656 644 1686 M.
663 1655 851 1686 Antonium

156 1714 194 1737 se
220 1704 382 1742 contulit,
416 1704 460 1735 ab
493 1704 548 1735 illo
574 1713 700 1744 magno
718 1704 852 1735 honore

158 1753 313 1791 habitus,
340 1753 403 1785 sed
421 1762 503 1785 mox
518 1753 563 1784 ad
580 1753 753 1784 Phraaten
770 1753 855 1784 invi—

158 1806 249 1835 tatus
273 1803 387 1835 rediit.
423 1803 496 1843 (Dio
521 1802 580 1840 49,
615 1802 674 1841 23,
708 1802 775 1842 224.)
812 1804 854 1834 At

158 1862 239 1885 cum
269 1853 312 1885 ab
344 1854 411 1884 hoc
436 1854 600 1884 Monaese
627 1851 707 1884 nihil
733 1854 853 1883 contra

159 1904 334 1934 Romanos
351 1904 489 1943 gestum
504 1903 680 1934 memoret
696 1902 851 1939 historia,

159 1953 310 1984 maxime
347 1950 538 1993 probabilis
571 1953 625 1983 est
650 1951 768 1992 opinio
793 1959 855 1982 eo-

161 2010 249 2039 rum,
277 2002 335 2041 qui
359 2003 534 2033 Monaesen
555 2001 685 2031 Horatii
700 1999 855 2031 eundem

161 2059 240 2082 csse
265 2051 361 2081 aiunt
385 2059 465 2081 cuin
483 2052 615 2080 Surena
638 2047 692 2080 illo
710 2049 858 2088 scripto-

162 2108 257 2137 rum,
284 2099 342 2139 qui
369 2100 535 2129 Crassum
553 2097 698 2134 delevit3
724 2098 858 2128 Monae-

161 2159 215 2180 sen
240 2148 334 2180 illum
359 2148 493 2179 dictum
518 2156 596 2179 esse
615 2147 755 2178 nomine
773 2155 857 2187 pro-

163 2199 256 2240 prio,
297 2200 462 2229 Surenam
497 2207 537 2229 ex
572 2197 721 2228 Orientis
758 2204 855 2226 more

163 2256 291 2279 nomen
326 2249 549 2287 magistratus
580 2247 652 2277 sive
683 2245 857 2286 dignitatis

163 2298 268 2329 fuisse
294 2299 327 2328 et
351 2296 555 2336 designasse
574 2304 674 2334 eum,
701 2296 759 2335 qui
780 2303 859 2335 pro-

165 2347 296 2377 ximum
331 2355 349 2376 a
387 2354 468 2385 rege
508 2344 623 2376 locum
662 2344 855 2382 obtineret,

165 2403 325 2427 summus
358 2395 433 2426 eius
466 2394 599 2434 togatus
631 2396 742 2432 esset,
785 2394 856 2433 regi

166 2453 256 2476 novo
273 2444 434 2475 diadema
462 2445 676 2484 imponeret,
704 2452 859 2475 summa-

165 2502 233 2534 que
258 2494 399 2524 floreret
421 2493 644 2530 auctoritate,
671 2494 856 2533 potestate,

167 2543 433 2583 magnificentia.
446 2542 484 2572 Y.
499 2541 669 2572 Plutarch.
683 2542 715 2572 in
731 2542 858 2572 Crasso

167 2602 196 2624 c.
223 2593 277 2623 24.
304 2592 410 2623 Tacit.
437 2594 524 2622 Ann.
550 2592 585 2624 fi.
606 2590 657 2622 42.
684 2591 856 2622 Ammian.

169 2641 224 2675 24.
252 2642 282 2672 Ξ.
310 2641 367 2675 30,
394 2642 424 2671 ’2.
451 2641 609 2671 Zosimus
626 2640 656 2674 3,
680 2640 734 2670 ⁴25:
762 2638 859 2670 Σου-

167 2688 319 2735 ρήιάς-
343 2688 499 2734 -άρχῆς
535 2688 573 2720 ὀὶ
609 2686 723 2720 τοῦτο
758 2685 859 2733 παρὰ

169 2739 332 2784 Πέρσαις
349 2735 484 2780 ὄνομα.
521 2740 670 2770 Brisson.
690 2738 733 2769 de
753 2746 859 2779 regno

172 2790 264 2820 Pers,
297 2791 326 2820 4.
358 2799 390 2830 p.
420 2788 491 2821 ⁴72.
541 2789 661 2828 ltaque
694 2789 861 2819 Monaeses

286 2849 403 2877 llonxr.
430 2858 498 2877 voi..
527 2850 533 2876 l
590 2857 626 2876 m·
650 2856 748 2876 simion
774 2849 814 2876 ΙΙΙ.

895 1018 1042 1057 eiusque
1061 1017 1236 1048 exercitus
1257 1016 1300 1047 ad
1318 1015 1456 1048 cladem
1474 1016 1590 1048 Crassi

895 1067 1065 1107 pertinet,
1092 1074 1199 1106 quam
1224 1067 1319 1097 certe
1345 1074 1414 1096 non
1439 1065 1592 1097 omissu-

896 1124 956 1147 rus
981 1116 1055 1146 erat
1080 1114 1243 1145 Horatius
1266 1115 1395 1154 vixque
1413 1113 1468 1145 alii
1485 1121 1591 1154 quam

897 1166 1052 1196 Surenae
1078 1163 1234 1196 tribuere
1260 1164 1406 1204 poterat.
1455 1164 1595 1194 Monae-

895 1222 944 1245 ses
967 1212 1215 1254 nomenapud
1246 1212 1393 1244 Parthos
1423 1211 1594 1243 sollemne

898 1272 938 1295 ac
974 1262 1110 1300 nobile,
1146 1264 1185 1293 ut
1224 1262 1406 1302 Vologeses,
1445 1262 1594 1293 sortasse

898 1314 932 1344 et
956 1311 1095 1343 illustris
1118 1311 1264 1343 alicuius
1289 1311 1438 1343 familiae
1458 1312 1511 1351 (ex
1528 1313 1597 1343 Me-

899 1361 1103 1402 gistanibus)
1119 1360 1258 1392 videtur
1274 1360 1458 1401 proprium
1476 1360 1593 1392 fuisse.

901 1412 1004 1442 Certe
1036 1409 1123 1441 alius
1148 1410 1332 1441 Monaeses
1362 1411 1416 1441 est
1443 1408 1497 1440 ille
1526 1411 1598 1441 An-

900 1460 983 1490 tonii
1012 1459 1166 1497 amicus,
1204 1468 1285 1490 nam
1315 1459 1500 1490 Monaeses
1532 1459 1599 1490 Su-

900 1518 983 1540 rena
1017 1507 1132 1548 paullo
1163 1509 1244 1548 post
1275 1507 1412 1540 cladem
1438 1507 1597 1539 Crassia-

901 1566 983 1589 nam
1007 1566 1026 1588 a
1052 1566 1134 1598 rege
1171 1557 1377 1589 interfectus
1402 1559 1467 1589 est.
1514 1558 1595 1588 IAM.

903 1607 1042 1647 (Contra
1061 1607 1259 1644 Horatium,
1287 1607 1386 1638 cuius
1403 1607 1493 1637 hanc
1511 1607 1600 1637 stro—

901 1656 1008 1697 pham
1038 1664 1119 1687 cum
1152 1654 1394 1696 Peerlkampio
1422 1663 1500 1687 esse
1534 1663 1598 1686 ne·

903 1707 976 1746 gat,
1015 1705 1185 1746 disputat,
1221 1705 1254 1736 id
1287 1707 1360 1743 est,
1398 1705 1502 1736 totius
1531 1703 1598 1736 loci

902 1753 1125 1786 difficultates
1140 1755 1281 1794 exponit
1294 1755 1399 1794 atque
1413 1755 1601 1794 exaggerat

903 1804 1002 1840 Estre
1029 1805 1110 1835 Hor.
1138 1805 1191 1835 Pr.
1218 1813 1251 1844 p.
1278 1804 1366 1844 ⁶268.)

948 1854 1000 1885 40.
1037 1854 1110 1884 Νοη
1135 1852 1335 1893 auspicatos]
1368 1851 1462 1884 Multi
1487 1851 1598 1884 Codd.

905 1903 1021 1943 (etiam
1058 1903 1209 1934 Pottierii
1245 1901 1416 1940 nonnulli)
1450 1902 1603 1941 inauspi-

904 1955 1014 1990 catos,
1041 1951 1085 1982 ab
1109 1951 1228 1983 iambo
1254 1951 1461 1992 incipientes
1483 1952 1521 1982 ut
1536 1950 1597 1982 Od.

906 2002 937 2039 4,
963 2001 995 2037 9,
1024 2001 1052 2031 4.
1081 2000 1140 2039 34,
1166 2000 1197 2032 9.
1226 2001 1277 2031 47.
1306 2000 1358 2038 35,
1385 1999 1438 2031 37.
1465 1999 1518 2038 37,
1544 2000 1598 2030 ⁶22.

906 2050 936 2087 2,
963 2050 995 2087 7,
1020 2049 1073 2080 ⁶22.
1101 2049 1132 2087 3,
1160 2050 1190 2087 4,
1217 2050 1247 2080 ’2.
1288 2049 1403 2080 Nostri
1427 2057 1513 2079 vero
1539 2058 1601 2079 non

908 2098 1106 2137 auspicatos.
1144 2097 1262 2129 Vellei.
1284 2098 1321 2135 2,
1347 2097 1407 2129 46:
1436 2098 1602 2129 Crassum

900 2148 1159 2188 proficiscenlem
1192 2147 1223 2177 in
1257 2147 1392 2185 Syriam
1423 2146 1505 2177 diris
1528 2155 1602 2176 cum

906 2197 1066 2228 ominibus
1103 2196 1226 2227 Ινὶὁιιηὲ
1261 2195 1362 2234 plebis
1401 2194 1444 2233 (in
1480 2195 1601 2235 primis

907 2248 944 2277 (Σ.
979 2246 1107 2285 Ateius)
1141 2246 1271 2285 frustra
1304 2244 1445 2276 retinere
1479 2245 1600 2275 conati.

908 2296 978 2327 Cic.
998 2295 1041 2326 ‹lc
1068 2295 1141 2326 Div.
1171 2295 1206 2332 4,
1235 2295 1286 2325 46.
1324 2295 1391 2325 llas
1416 2294 1518 2334 igitur
1542 2302 1604 2324 ex-

907 2345 1104 2385 peditiones
1134 2342 1233 2375 malis
1257 2343 1421 2384 auspiciis
1446 2343 1602 2383 inceptas

906 2395 1137 2432 contuderunt,
1158 2402 1302 2433 «magna
1319 2401 1400 2424 cum
1413 2393 1529 2432 strage
1544 2400 1604 2423 no—

907 2445 1060 2475 strorum
1093 2443 1311 2474 exercituum
1330 2450 1452 2487 ‘vanas
1483 2441 1602 2472 reddi-

909 2493 1038 2524 ‹lerunt
1062 2492 1211 2524 Parthi.»
1256 2492 1324 2523 Ci'r.
1351 2491 1413 2522 Od.
1442 2490 1478 2528 4,
1505 2491 1540 2525 3.
1567 2491 1597 2520 8.

908 2543 999 2582 Virg.
1026 2544 1111 2574 Aen.
1139 2543 1173 2579 4,
1203 2542 1287 2573 *Ξΰ3ῑ
1322 2541 1523 2580 populosque
1552 2540 1601 2579 se-

907 2600 998 2622 roces
1022 2591 1211 2622 Contundet.
1240 2591 1349 2622 Etiam
1375 2590 1407 2621 in
1426 2598 1529 2630 prosa
1549 2598 1598 2619 or.

909 2641 979 2671 Cic.
999 2640 1043 2671 de
1063 2642 1145 2681 Rep.
1166 2641 1177 2671 4
1195 2665 1200 2674 ,
1220 2640 1256 2677 4,
1286 2640 1315 2669 ¹:
1343 2648 1399 2669 nec
1420 2639 1453 2668 ist
1471 2639 1603 2678 (incen-

909 2689 1015 2728 dium)
1041 2707 1058 2712 -
1083 2707 1099 2712 -
1126 2690 1171 2720 M.
1196 2689 1371 2719 Marcellus
1394 2688 1599 2718 contudisset.

910 2739 1041 2770 Atticus
1065 2737 1157 2779 apud
1184 2739 1254 2769 (lic.
1282 2737 1337 2768 ad.
1365 2739 1430 2769 Att.
1460 2737 1514 2774 46,
1542 2737 1599 2772 45,

909 2788 945 2819 3:
974 2788 1004 2817 in
1027 2788 1215 2827 praesentia
1233 2787 1309 2818 belle
1326 2787 1382 2818 iste
1395 2795 1479 2826 puer
1493 2786 1602 2825 (Octa—

1344 2847 1377 2875 253
