1997 3219
321 196 401 238 394

831 199 999 231 llORATlI
1024 199 1246 232 CARMINUM

545 301 812 357 Magnessam
842 300 1101 359 Hippolyten
1131 301 1231 345 dum
1263 302 1366 358 sugit
1395 302 1637 351 abstinens,

601 382 650 423 Et
679 394 861 437 peecare
892 380 1096 424 docentes

656 460 797 503 Fallax
828 460 1025 504 historias
1057 469 1209 504 movet.

1698 463 1750 504 20

542 584 736 625 Frustra:
769 597 868 625 nam
898 583 1086 640 seopulis
1117 584 1287 628 surdior
1317 586 1422 628 Icari

539 665 674 706 Voces
705 662 822 705 audit
853 662 993 707 adhue
1022 664 1201 721 integer.
1233 690 1287 697 —
1317 667 1367 708 At
1395 665 1468 708 tibi

594 744 655 786 Ne
686 743 851 787 vicinus
882 744 1068 800 Enipeus

400 889 450 919 49.
479 886 621 919 docentis
644 887 708 919 BT.
738 905 773 910 —
806 888 859 919 20.
885 887 1002 920 Pellax

1026 887 1181 920 malebat
1203 887 1312 920 Bentl.
1353 906 1389 912 -
1429 892 1537 922 monet
1559 888 1703 927 BbSTc.

356 938 435 969 LCt.
463 936 581 978 (movet
597 947 642 976 χ,
667 938 740 970 tres
758 936 866 969 Codd.
886 937 1056 970 Torrentii
1080 938 1115 969 et
1132 938 1287 978 quinque
1304 937 1482 977 Pottierii.)
1505 955 1539 960 -
1566 938 1618 970 23.
1640 939 1706 970 Nec

355 987 399 1025 B,
426 988 513 1019 Pott.
540 986 623 1019 duo.

311 1117 366 1155 eit,
386 1123 624 1156 reversusque
642 1115 676 1147 in
693 1115 908 1148 Thessaliam
920 1117 1008 1148 Aca-

310 1166 363 1196 sto
398 1163 532 1196 hellum
565 1163 679 1196 intulit
713 1166 747 1196 et
780 1164 914 1197 Iolcum
944 1174 1006 1197 ex-

309 1214 486 1255 pugnavit.
532 1213 660 1245 Pindar
690 1214 789 1245 Nem.
815 1213 854 1252 4,
888 1214 941 1246 54.
971 1216 1006 1246 et

308 1264 344 1301 5,
381 1263 434 1294 ⁶26.
473 1271 554 1295 cum
589 1262 793 1295 Scholiasta.
841 1263 1001 1304 Apollod.

306 1311 394 1343 Bibl.
421 1312 457 1351 3,
485 1312 542 1351 43,
569 1312 600 1344 3.
633 1311 740 1344 Aliter
764 1321 806 1344 ex
830 1313 1004 1345 Nicandro

308 1361 473 1392 Antonin.
507 1360 581 1392 Lib.
608 1361 668 1393 38:
705 1358 855 1403 Πηλεὺς
887 1371 1005 1393 κατα-

309 1408 476 1441 λείπεται
496 1406 619 1451 μόνος
643 1409 682 1442 ἐν
702 1409 753 1452 τῷ
770 1410 913 1454 Πηλίῳ.
939 1411 1005 1443 καὶ

308 1456 543 1500 πλαζόμενος
552 1457 771 1501 ἐντυγχάνει
779 1460 943 1506 Χείρωνι
952 1459 1002 1504 τῷ

307 1506 527 1553 Κενταύρῳ·
568 1506 786 1541 ἱκετεύοντα
813 1508 854 1542 δὲ
885 1506 1003 1542 αὐτὸν

306 1553 532 1596 ὑποδέχεται
554 1556 698 1598 ἐκεῖνος
716 1559 770 1599 εἰς
788 1558 832 1590 τὸ
849 1555 1000 1605 ἄντρον.

308 1624 342 1630 -
371 1607 463 1640 Pelei
488 1608 659 1647 imagines
685 1608 762 1640 vide
786 1609 821 1640 in
846 1609 1003 1641 Gerhard

309 1657 445 1696 Vasenq.
477 1657 533 1688 111.
565 1658 602 1688 T.
629 1657 803 1689 CLXXVII
827 1666 928 1698 seqq.

349 1706 465 1738 48-20.
501 1706 723 1747 Maffliessam]
757 1715 776 1738 a
811 1707 999 1746 Magnesia,

307 1753 508 1786 Thessaliae
532 1754 632 1786 urbe.
671 1755 743 1786 «Ad
767 1755 1001 1788 differentiam

305 1803 448 1835 alterius
466 1802 689 1844 Hippolytes,
715 1806 932 1837 Amazonum
948 1814 1002 1836 re-

307 1854 419 1893 ginae,
440 1853 558 1884 uxoris
575 1853 733 1885 Thesei.»
749 1854 869 1885 SCHOL.
891 1871 926 1876 —
942 1854 1001 1885 His

306 1901 444 1933 duabus
462 1900 586 1934 fabulis
604 1903 745 1934 nuntius
759 1904 875 1943 Gygae
891 1904 1000 1944 spreti

303 1951 432 1983 amoris
462 1949 619 1991 pericula
655 1951 889 1983 demonstrat:
930 1953 999 1984 iam

303 1999 404 2038 alias,
432 1998 493 2030 tibi
517 2001 597 2031 ante
622 2009 691 2031 non
720 2001 894 2040 cognitas,
926 2010 1001 2032 mo-

302 2052 368 2088 vet,
393 2048 543 2089 profert,
570 2057 661 2089 quae
677 2050 871 2081 amantium
896 2049 1001 2082 felici-

302 2099 410 2129 tatem
427 2106 467 2129 ae
484 2097 609 2138 gaudia
626 2100 707 2130 ante
726 2098 847 2131 oeulos
868 2108 1001 2141 ponen-

304 2150 356 2179 tes
379 2155 541 2187 peoeare,
574 2147 610 2178 id
641 2149 710 2186 est,
745 2147 828 2180 alias
858 2150 1000 2189 praeter

303 2205 400 2235 eam,
435 2197 489 2227 eui
518 2195 626 2228 fidem
643 2196 767 2236 debet,
794 2206 914 2230 amare
935 2198 999 2229 do-

302 2247 415 2278 ceant.
467 2246 575 2277 Movet
605 2247 742 2284 autem,
776 2248 814 2278 ut
849 2247 998 2279 dicimus

302 2296 498 2327 mentionem
510 2304 651 2334 movere,
670 2297 831 2328 actionem
844 2298 887 2328 ad
894 2305 1000 2336 popa-

299 2344 366 2375 lam
399 2352 545 2382 movere,
585 2343 686 2383 longe
712 2346 916 2385 exquisitius
946 2348 1000 2377 est

300 2401 406 2434 quam
425 2392 534 2424 altera
551 2392 630 2424 leet.
650 2397 773 2432 monet,
802 2402 882 2425 «eas
897 2396 999 2435 signi-

304 2443 413 2474 ficans
430 2441 474 2473 illi
493 2443 526 2474 in
543 2444 700 2474 mentem
718 2446 895 2475 revocat.»
927 2444 995 2475 Cfr.

299 2492 391 2531 virg.
418 2493 503 2523 Aen.
530 2492 567 2530 7,
595 2491 676 2523 644:
714 2496 893 2531 caulasque
927 2502 997 2525 mo—

302 2545 379 2578 vete,
406 2540 601 2572 Wakefield
618 2545 753 2573 monete.
782 2542 878 2573 ovid.
898 2545 934 2573 A.
955 2546 993 2574 A.

299 2591 334 2627 3,
361 2590 434 2621 654.
468 2593 599 2622 rectius
632 2600 724 2622 nune
749 2591 873 2622 edunt:
913 2593 997 2631 Quid

300 2640 390 2670 iuvat
427 2640 584 2680 ambaqes
614 2644 858 2680 praet-eplaque
886 2651 995 2680 parra

296 2688 454 2719 morere?
490 2688 590 2730 volgo
624 2699 763 2722 monere.
803 2708 835 2712 —
864 2690 995 2731 Fallax]

304 2738 355 2767 «te
370 2736 536 2778 decipere
552 2740 708 2780 cupiens.
728 2738 871 2771 Bentleii
882 2740 996 2780 pellat·

1056 1124 1122 1156 per
1146 1124 1291 1148 auream
1314 1117 1466 1148 aetatem
1489 1125 1558 1148 non
1574 1117 1749 1157 reperitur

1056 1165 1122 1197 nisi
1152 1164 1246 1206 apud
1276 1165 1369 1206 Virg.
1402 1166 1490 1198 Aen.
1515 1165 1553 1205 ⁶2,
1585 1165 1643 1197 90:
1675 1165 1749 1205 pel-

1055 1215 1136 1246 lacis
1174 1215 1299 1253 Ulioeei,
1341 1214 1437 1255 quod
1472 1224 1515 1247 ex
1552 1215 1748 1255 antiquiore

1055 1265 1200 1305 Tragieo
1231 1263 1459 1305 desumptum
1488 1264 1639 1296 videtur.
1687 1265 1747 1305 (De

1048 1314 1195 1354 pellacia
1227 1323 1259 1346 V.
1296 1315 1452 1354 Wagner
1482 1314 1527 1346 ad
1561 1315 1653 1355 Virg.
1687 1315 1746 1346 Ge.

1053 1363 1090 1402 4,
1110 1362 1198 1403 443.)
1215 1380 1251 1386 -
1267 1363 1432 1396 Historiae
1447 1365 1583 1403 autem,
1608 1361 1725 1405 μῦθοι
1740 1388 1746 1398 ,

1054 1413 1274 1444 narrationes
1311 1413 1489 1454 poeticae,
1534 1414 1573 1444 ut
1607 1412 1746 1451 Quintil.

1054 1461 1090 1500 4,
1127 1462 1167 1500 2,
1206 1461 1266 1494 44:
1311 1462 1557 1494 Grammaticus
1596 1462 1750 1493 historias

1053 1514 1215 1549 exponat,
1253 1512 1288 1542 et
1319 1519 1424 1552 saepe
1457 1510 1551 1552 apud
1580 1511 1744 1543 eundem.

1096 1561 1150 1591 24.
1181 1560 1332 1601 Frustra]
1364 1559 1442 1592 Sola
1466 1560 1555 1592 haee
1577 1560 1747 1601 particula

1054 1610 1225 1649 integram
1239 1609 1400 1650 exprimit
1416 1610 1639 1648 sententiam,
1658 1609 1747 1641 sieut

1053 1658 1115 1690 Od.
1135 1659 1172 1696 3,
1200 1658 1259 1696 43,
1280 1658 1331 1696 6.,
1357 1658 1418 1690 ubi
1442 1658 1565 1690 itidem
1588 1659 1747 1698 sequitur

1050 1717 1143 1739 nam..
1173 1724 1207 1729 -
1238 1707 1525 1749 scopulis-Icari]
1552 1708 1603 1740 Cf.
1628 1708 1691 1740 Od.
1714 1709 1743 1746 4,

1053 1757 1083 1795 4,
1100 1757 1158 1788 45ῑ
1177 1757 1295 1788 Icariis
1307 1757 1468 1797 fluctibus.
1486 1758 1575 1789 Icari
1590 1758 1695 1797 genii.
1711 1766 1743 1788 ν.

1050 1807 1212 1843 Icarium,
1239 1814 1309 1838 non
1332 1815 1365 1837 v.
1384 1807 1508 1838 Icarus.
1532 1823 1566 1828 —
1586 1807 1718 1837 surdior
1733 1824 1747 1829 -

1051 1854 1154 1896 audit]
1180 1854 1343 1886 Similiter
1362 1855 1479 1896 Eurip.
1498 1855 1588 1888 Med.
1608 1854 1667 1886 28:
1695 1851 1746 1895 ὠς

1049 1903 1089 1937 δὲ
1128 1905 1262 1949 πέτρος
1293 1900 1318 1946 ἢ
1345 1902 1559 1945 θαλάσσιος
1590 1902 1745 1937 Kassa»)

1049 1950 1194 1986 ἀκούει.
1229 1955 1346 1996 Eurip.
1381 1954 1548 1986 Androm.
1582 1954 1665 1986 537:
1703 1955 1745 1986 Τι’

1048 2013 1097 2045 με
1127 2004 1370 2049 προσπίτνεις
1400 2000 1514 2036 ἁλίαν
1546 2004 1683 2049 πέτραν
1698 1999 1748 2035 ’Ἡ

1049 2051 1152 2095 κῦμα
1186 2052 1306 2093 λιταῖς
1341 2049 1393 2093 ὥς
1434 2051 1631 2090 [nataticum
1672 2054 1741 2085 Cfr.

1050 2103 1160 2144 Epod.
1188 2103 1247 2141 47,
1274 2103 1325 2135 54.
1370 2102 1592 2134 Philodemus
1617 2103 1650 2134 in
1678 2105 1744 2134 An—

1050 2151 1132 2184 thol.
1160 2152 1229 2184 Pal.
1256 2153 1279 2184 1.
1307 2161 1340 2193 p.
1362 2153 1443 2184 lsl'2:
1469 2148 1549 2183 ἀλλ’
1575 2149 1642 2183 ἴσα
1658 2148 1744 2183 πόν-

1049 2210 1100 2244 τῳ
1109 2197 1227 2244 Ἰονίῳ
1243 2199 1379 2243 μύθων
1396 2197 1524 2242 ἔκλυες
1537 2198 1740 2246 ἡμετέρων.

1050 2251 1113 2289 Qui
1149 2259 1345 2290 oxymoron
1381 2260 1449 2282 non
1485 2250 1740 2291 intelligebant,

1048 2299 1303 2340 interpolarunt
1325 2301 1465 2339 spernit,
1503 2301 1539 2331 ut
1564 2299 1741 2332 habebant

1049 2348 1159 2381 Codd.
1187 2349 1257 2380 duo
1275 2348 1457 2380 Pulmanni
1480 2351 1515 2380 et
1530 2358 1620 2381 unus
1638 2350 1743 2380 Bers—

1049 2399 1189 2436 manni;
1215 2398 1276 2429 eir.
1296 2397 1406 2430 Bentl.
1427 2397 1470 2429 ad
1488 2398 1556 2429 Sat.
1578 2398 1608 2436 4,
1623 2397 1738 2436 3‚25.;

1048 2448 1081 2478 in
1106 2447 1194 2478 meis
1225 2449 1259 2478 et
1283 2448 1435 2479 Pottierii
1467 2446 1577 2479 Codd.
1604 2447 1741 2478 sincera

1049 2498 1103 2527 est
1128 2495 1242 2527 lectio.

1091 2546 1143 2576 2¹2.
1184 2545 1234 2576 23.
1276 2546 1380 2577 adime
1419 2546 1560 2586 integer]
1602 2552 1738 2584 «usque

1048 2594 1091 2625 ad
1121 2594 1214 2625 hune
1239 2594 1332 2626 diem
1362 2595 1619 2635 incorruptus.»
1668 2593 1735 2624 Csr.

1047 2643 1107 2674 Od.
1138 2644 1171 2676 2.
1200 2643 1235 2680 4,
1262 2643 1314 2675 ⁶22.
1345 2662 1379 2666 —
1403 2644 1579 2683 Enipeusa
1597 2642 1736 2673 nomine

1048 2692 1200 2724 lluminis
1236 2692 1446 2724 Thessaliae.
1485 2710 1518 2714 —
1553 2690 1736 2729 Quomodo

1019 2723 1022 2777 l
1048 2743 1165 2773 autem
1199 2743 1230 2773 in
1264 2742 1385 2774 festivo
1419 2743 1483 2773 hoe
1514 2742 1590 2772 ioco
1622 2742 1737 2780 nugati
