1997 3219
645 198 719 230 Lm.
748 199 785 229 ll.

835 201 844 227 (

852 199 871 228 2.
900 198 967 229 ΧΗ.

1479 194 1560 235 277

347 302 410 343 Me
443 300 590 343 dulces
621 300 818 342 dominae
850 300 967 341 Musa
1000 299 1241 356 Licymniae

218 434 263 464 13.
291 433 397 463 dulces
420 431 515 463 hsd:
553 431 655 462 dulcis
678 431 834 466 B'rch.
864 431 958 470 (item
984 430 1091 462 Bentl.
1119 430 1152 461 iu
1177 431 1356 466 contextu,
1393 430 1457 462 sed
1482 432 1514 463 iu

165 482 425 514 Commentario
457 481 590 514 dulces.)
619 499 653 503 —-
680 481 858 512 Licininiac
881 482 922 514 S,
954 480 1143 517 Lycimniae
1165 480 1208 517 T,
1239 479 1428 518 Licimnyae
1451 480 1513 517 bc,

167 532 362 570 [μιχιμηηῖιιθ
385 539 464 561 cum
490 529 608 561 Bland.
635 532 704 561 ant.
733 530 776 566 (Σ,
803 530 948 560 Liciniae
971 529 1002 559 d,
1033 530 1149 566 (Recte
1175 529 1363 567 Licymniae
1386 530 1422 561 B.
1443 530 1510 561 Ct'r.

168 582 317 621 Wagner
341 580 384 611 ad
410 580 498 619 Virg,
528 581 610 610 Aen.
638 580 679 616 9,
705 579 793 615 546.)

169 692 214 722 123.
254 692 326 722 «Mc
363 699 445 721 xero
480 690 520 722 fid
547 689 640 730 quod
666 690 812 721 sortasse

124 740 182 771 tibi
202 749 269 771 non
289 741 402 771 miuus
432 742 567 779 gratum
600 739 673 778 erit)
716 738 813 769 iubet

120 790 215 820 Musa
262 788 443 819 celebrare
483 787 643 819 laudibus
692 786 808 825 illam,

121 846 227 878 quam
253 840 287 869 tu
313 838 501 868 tenerrimo
526 846 647 868 amore
675 835 812 877 ample—

123 888 247 918 xaris-,u
277 905 309 909 —
339 886 460 927 dulces]
488 887 649 917 «Etiamsi
677 885 810 917 scribas

122 936 244 969 dulcis,
294 935 516 967 nibilominus
556 936 622 967 erit
655 937 808 966 accusat.

122 985 210 1026 plur.
228 985 422 1024 iuugcudus
441 994 521 1015 cum
542 993 574 1015 ν.
595 988 723 1023 (nutus,
742 993 810 1015 non

120 1036 222 1064 «Iuleis
255 1035 416 1065 dominae.
467 1035 568 1066 [nica
605 1035 698 1065 enim
726 1042 810 1064 wera

121 1084 334 1114 construi-tio
369 1086 442 1114 est:
494 1084 589 1114 Musa
627 1084 725 1114 volui!
764 1092 813 1114 me

119 1135 225 1164 dicei-e
260 1134 366 1163 dulces
400 1137 515 1163 cantus
548 1134 699 1164 dominae
721 1133 814 1170 Licy-

120 1184 238 1214 mniae.
266 1183 328 1220 Qui
348 1184 531 1213 iunxerunt
549 1183 651 1213 dulcis
663 1183 814 1213 dominae

122 1231 178 1262 xel
202 1231 303 1262 dulcis
325 1232 444 1269 Mum„
476 1240 544 1262 uon
569 1232 652 1262 satis
681 1231 814 1271 cogita—

122 1283 218 1317 runt,
247 1290 278 1311 v.
295 1284 410 1311 cantus
428 1281 582 1320 epitheto
597 1289 716 1312 carere
735 1289 814 1311 om-

124 1331 204 1360 nino
227 1339 294 1360 non
314 1338 429 1369 posse.
449 1338 528 1360 cum
546 1330 655 1360 ociilos
671 1337 811 1369 quoque

127 1381 160 1409 et
181 1382 293 1418 pec-lus
317 1388 384 1409 non
402 1379 452 1409 sic
470 1378 561 1409 uude
579 1379 689 1419 posita
708 1379 809 1409 sint.»

125 1429 245 1458 Reum.
286 1445 321 1449 —
358 1427 557 1467 Licymniae]
593 1428 722 1458 Horatii
759 1429 812 1458 est

121 1477 231 1507 amica
292 1485 333 1507 ex
380 1477 542 1516 opinione
602 1476 811 1508 Mitscherli-

122 1525 201 1561 chii,
228 1523 399 1562 Teuffelii,
428 1525 628 1557 Frandsenii
653 1527 756 1557 Maec.
772 1534 806 1566 p.

118 1574 190 1604 436.
217 1574 314 1605 Estre
334 1574 414 1604 Hor.
436 1576 488 1606 Pr.
507 1584 540 1614 p.
561 1575 635 1606 396.
662 1575 805 1608 Verum,

118 1625 154 1654 ut
193 1632 234 1653 ex
284 1624 353 1653 tota
393 1623 596 1654 Carminum
641 1621 806 1668 συλλογῇ

116 1670 305 1708 colliaitur,
342 1680 515 1711 nusquam
551 1680 690 1703 amores
725 1681 807 1703 cum

116 1719 238 1761 puellis
264 1721 420 1760 ingenuis
448 1722 488 1751 'xz
516 1721 579 1759 2¹8.)
611 1721 676 1752 sibi
701 1722 805 1753 fuisse

119 1772 313 1800 memorat:
346 1769 474 1800 etenim
500 1768 625 1800 talibus
649 1771 806 1810 profes-to

117 1827 184 1849 non
209 1818 406 1857 indigebat,
434 1827 514 1849 cum
532 1819 804 1850 formosissimae

117 1869 151 1898 et
174 1871 299 1898 centum
325 1868 447 1898 artium
474 1867 655 1899 libertinae
673 1868 804 1908 ubique

117 1918 147 1948 ei
165 1919 304 1957 praesto
322 1920 452 1950 essent.
480 1926 544 1948 nec
561 1918 700 1949 decoris
723 1927 806 1949 sen-

117 1974 176 1996 sus
193 1967 266 2006 ipse
284 1965 515 2004 concedebat,
541 1968 579 1997 ut
595 1966 638 1997 de
656 1968 805 2005 ingenua

117 2023 135 2044 a
171 2022 208 2044 se
247 2016 360 2045 amata
397 2023 552 2054 unquam
588 2014 802 2054 loqueretur.

118 2064 250 2094 Morum
285 2071 367 2102 ergo
402 2062 491 2094 illius
527 2064 650 2094 aetatis
678 2065 807 2095 Roma-

119 2120 244 2142 norum
281 2121 425 2152 prorsus
460 2111 555 2143 obliti
597 2114 699 2150 suut,
748 2113 806 2153 qui

116 2159 197 2190 illud
244 2162 451 2191 statui-runt.
520 2161 806 2201 Vandcrburgius

118 2208 221 2239 babet
240 2218 302 2249 pro
320 2208 440 2240 liberta
455 2218 472 2239 a
490 2211 689 2242 Maecenate
707 2220 807 2242 ama-

116 2261 171 2288 tas.
208 2267 270 2297 pro
306 2259 385 2289 ticio
421 2260 560 2290 nomine
585 2260 727 2291 Bothius
751 2261 805 2293 vel

117 2308 220 2347 ,quod
258 2310 373 2339 tamen
409 2309 471 2348 ipsi
518 2309 631 2340 minus
681 2309 804 2350 placet)

116 2366 179 2397 pro
205 2365 288 2387 xero
312 2358 444 2388 sororis
467 2360 524 2388 aut
549 2361 715 2398 cognatae
741 2361 807 2398 Ly·

114 2407 241 2438 cimnii,
269 2407 430 2437 (laesaris
454 2406 580 2443 liberti,
606 2409 664 2448 qui
682 2408 805 2441 Gallias

72 2479 76 2484 .
116 2453 274 2494 spoliaxit
313 2456 512 2495 praefectus
547 2455 613 2487 sub
638 2458 803 2496 Augusto,

116 2504 153 2533 ut
177 2506 323 2535 testatur
348 2506 409 2535 Dio
427 2504 479 2541 54,
502 2506 551 2536 24.
581 2508 806 2547 (quapropter

115 2551 222 2583 edidit
246 2554 439 2591 Lycimnia,¹
476 2554 538 2585 scd
571 2563 693 2587 verum
718 2555 805 2587 illius

116 2602 264 2632 hominis
290 2611 418 2634 numen
445 2603 505 2634 suit
529 2604 660 2635 Licinus
695 2604 805 2637 tribus

115 2649 191 2688 syll.
212 2650 390 2686 brexibus,
411 2654 445 2682 ut
463 2655 598 2684 constat
613 2662 651 2684 ex
668 2655 805 2694 poetis.)

118 2698 184 2734 Euo
208 2699 416 2731 Srlioliastas
440 2700 596 2741 aliosque
632 2704 805 2744 interpre-

117 2749 168 2777 tes
205 2748 374 2789 imprimis
398 2751 576 2782 Weiclicrt
609 2753 701 2783 vovi.
731 2753 800 2784 Lat.

864 698 942 730 pag.
982 689 1069 728 402.)
1107 699 1258 732 sequor.
1297 690 1354 730 qui
1394 699 1470 722 rem
1506 691 1555 723 sic

863 739 1074 779 expediunt:
1134 739 1238 770 Sicuti
1285 741 1373 770 teste
1412 739 1556 780 Apuleio

862 786 1004 828 Apolog.
1049 788 1122 819 1106.
1169 787 1291 819 Catulli
1315 788 1440 820 Lesbia
1468 798 1553 820 vero

863 837 1003 867 nomine
1034 838 1109 867 erat
1137 836 1278 875 Clodia,
1305 836 1427 868 Tibulli
1445 838 1553 876 Delia,

863 884 993 923 Plania,
1022 886 1190 926 Propertii
1217 886 1383 925 Cynthia,
1411 887 1553 923 Hostia,

861 934 998 965 Ticidae
1018 933 1152 972 Pel-illa,
1172 934 1319 972 Metella,
1346 936 1391 966 ita
1410 935 1554 974 scilicet,

861 986 896 1015 ut
914 983 958 1014 ad
975 983 1255 1015 conservandam
1272 985 1377 1016 etiam
1394 985 1427 1016 in
1455 994 1557 1017 amo-

861 1032 959 1064 ribus
983 1033 1187 1073 dignitatem
1226 1033 1459 1066 matronalem
1490 1044 1555 1066 no—

862 1083 945 1114 mini
979 1083 1134 1114 Romano
1169 1081 1262 1114 aliud
1302 1083 1558 1116 substituerent

863 1133 1035 1163 Graecum
1059 1132 1185 1173 eadem
1210 1131 1426 1172 syllabarum
1444 1142 1557 1174 quan—

863 1181 982 1212 titate:
1025 1181 1076 1213 sic
1111 1181 1338 1213 statuendum
1373 1184 1427 1213 est
1461 1183 1493 1214 h.
1532 1182 1553 1214 l.

864 1230 1070 1269 Licymniam
1109 1230 1310 1270 'significare
1356 1231 1555 1263 Terentiam

863 1279 1075 1310 Maecenatis
1092 1288 1250 1317 uxorem,
1271 1281 1376 1311 etiam
1394 1280 1438 1312 ab
1458 1282 1557 1313 Octa-

862 1329 964 1359 viano
993 1327 1179 1368 aliquando
1212 1330 1388 1368 amatam,
1436 1331 1482 1361 ita
1517 1332 1555 1361 ut

861 1378 999 1417 utrique
1027 1377 1083 1408 hic
1121 1376 1219 1409 loeus
1247 1379 1373 1410 eximie
1412 1379 1553 1419 placere

860 1426 1030 1464 deberet;
1077 1426 1157 1457 ideo
1185 1428 1304 1458 autem
1330 1429 1554 1468 potissimum

860 1477 1033 1507 Graecum
1046 1476 1113 1507 hoc
1126 1485 1255 1508 nomen
1269 1476 1446 1509 delectum
1460 1487 1550 1516 esse,

859 1525 955 1565 quod
982 1524 1094 1557 simile
1118 1527 1214 1558 esset
1229 1527 1410 1558 Terentiae
1438 1528 1553 1560 fratris

859 1577 893 1606 L.
910 1575 1028 1606 Licinii
1042 1575 1208 1607 Varronis
1225 1576 1389 1607 Murenae
1407 1578 1550 1609 nomini.

859 1624 959 1662 Quod
992 1625 1111 1655 autem
1149 1625 1354 1656 Sanadonus
1391 1627 1552 1666 opinatus

858 1675 930 1712 est,
957 1674 1100 1704 minime
1119 1673 1280 1705 decuisse
1299 1675 1479 1707 Horatium
1504 1678 1554 1708 uti

858 1724 929 1753 tam
958 1723 1087 1753 teneris
1123 1722 1308 1761 versibus,
1354 1724 1387 1754 in
1423 1724 1551 1764 quibus

857 1770 1076 1802 laudatorem
1100 1770 1144 1802 ab
1169 1773 1327 1802 amatore
1344 1772 1401 1803 vix
1417 1773 1553 1805 discer-

857 1829 930 1858 nas,
950 1820 985 1851 id
1003 1819 1147 1860 quidem
1164 1820 1297 1851 dictum
1315 1822 1367 1851 est
1385 1830 1425 1852 ex
1443 1830 1551 1854 sensu

855 1868 1160 1909 Francogallorum
1199 1869 1373 1900 Sanadoni
1419 1879 1552 1911 aequa—

856 1918 959 1956 lium,
986 1927 1054 1949 non
1073 1927 1114 1949 ex
1132 1919 1282 1949 amicitia
1301 1928 1354 1957 ea,
1373 1927 1443 1959 qua
1460 1921 1551 1952 inter

855 1976 893 1999 se
911 1967 1087 1998 coniuncti
1105 1966 1205 1997 erant
1220 1968 1382 2000 Horatius
1406 1971 1441 2000 et
1455 1971 1551 2002 Mae—

856 2024 974 2047 cenas.
1032 2017 1082 2047 De
1117 2025 1245 2056 sponsa
1271 2018 1431 2049 Terentia
1456 2020 1551 2060 quod

856 2066 1071 2105 acceperunt
1094 2064 1270 2103 nonnulli,
1297 2067 1455 2099 moribus
1483 2069 1551 2100 Ro-

857 2113 968 2144 manis
991 2113 1130 2144 videtur
1153 2114 1333 2146 adversari
1351 2115 1550 2156 desponsae

857 2171 1015 2194 amorem
1040 2163 1085 2193 ita
1109 2162 1272 2203 depingi,
1298 2165 1448 2196 maxime
1466 2175 1550 2206 pro-

856 2214 934 2253 pter
947 2211 1040 2244 illam
1053 2211 1254 2244 osculorum
1267 2215 1493 2246 mentionem.
1513 2233 1547 2238 —

856 2262 926 2292 Nec
944 2270 1046 2299 vem,
1066 2262 1093 2292 si
1112 2261 1155 2292 de
1174 2263 1385 2294 Maecenatis
1402 2265 1550 2305 coniuge

856 2311 1147 2352 interpretamur,
1173 2312 1325 2343 dominae
1343 2322 1470 2348 nomen
1488 2314 1550 2345 ob-

856 2362 942 2398 stat,
980 2369 1060 2391 nam
1089 2360 1156 2392 hoc
1184 2370 1251 2392 non
1279 2364 1395 2393 minus
1422 2371 1550 2395 uxores

856 2418 963 2450 quam
999 2411 1130 2441 amicas
1165 2410 1331 2448 stabiles,
1374 2414 1411 2442 ut
1449 2415 1549 2444 erant

856 2458 990 2498 Tibulli,
1018 2461 1201 2500 Propertii,
1229 2461 1357 2499 Ovidii,
1385 2470 1453 2492 non
1480 2462 1549 2493 llo-

856 2509 954 2546 ratii,
981 2509 1044 2540 nisi
1081 2509 1226 2540 sortasse
1262 2510 1413 2550 excipias
1446 2511 1549 2542 (lina-

855 2566 948 2595 ram,
975 2557 1152 2599 appellare
1178 2560 1260 2590 tunc
1285 2558 1454 2590 solebant..
1493 2561 1549 2591 Sic

857 2606 900 2638 de
925 2608 1071 2648 coniuge
1101 2608 1198 2639 Ovid.
1226 2609 1326 2639 Trist.
1355 2609 1393 2643 3,
1413 2609 1451 2647 3,
1484 2609 1544 2641 23:

856 2656 989 2688 Nuntiet
1011 2657 1073 2688 huc
1089 2658 1210 2696 aliquis
1226 2658 1394 2689 (lominum
1413 2659 1546 2697 venisse,

857 2715 1040 2746 resur-qam.
1071 2707 1247 2745 Licymnia
1268 2708 1370 2746 igitur
1387 2709 1441 2739 est
1457 2717 1545 2740 noxa

861 2758 989 2796 nupta,
1026 2756 1217 2788 admodum
1263 2756 1468 2788 adolescens
1507 2767 1546 2788 ai:
