1997 3219
304 132 383 171 (508

812 136 979 167 HORATII
1006 136 1228 170 CARMINUM

777 454 1087 495 GAnlvmlv
1124 457 1282 496 xm-

523 565 754 616 Audivere,
789 568 925 624 Lyce,
960 568 1002 610 di
1035 582 1129 611 mea
1159 576 1274 616 vota,
1309 569 1350 612 di

525 647 761 697 Audivere,
793 649 933 706 Lyce:
969 648 1018 691 fis
1049 664 1177 698 anus,
1213 657 1255 692 et
1284 657 1423 692 tamen

580 728 648 770 Vis
681 730 866 772 formosa
895 730 1030 772 videri

634 809 853 866 Ludisque
885 817 926 852 et
955 810 1065 852 bibis
1098 810 1323 867 impudens

521 914 571 955 Et
601 921 725 956 cantu
756 913 937 957 tremulo
969 921 1067 971 pota
1102 914 1354 971 Cupidinem
1711 917 1735 956 25

384 1046 468 1077 XIII.
501 1046 609 1077 Inscr.
635 1044 725 1086 volg.
751 1045 800 1077 Act
823 1046 940 1085 Lycen.
970 1062 1005 1068 —
1036 1046 1222 1086 Compotem
1251 1056 1283 1078 se
1312 1047 1380 1078 voli
1407 1047 1458 1078 sut
1479 1047 1606 1088 factum
1629 1056 1693 1079 esse

339 1096 419 1127 dicit
443 1096 529 1135 quod
551 1096 635 1134 Lyce
658 1104 741 1126 anus
762 1095 854 1135 faeta
876 1096 918 1127 sil
940 1096 1001 1127 BS.

343 1144 378 1176 b.
409 1164 443 1167 -
470 1145 545 1176 Om.
573 1145 609 1176 T.

339 1263 424 1294 XIII.
462 1262 595 1294 Referri
625 1261 763 1293 videtur
792 1261 835 1293 ad
867 1261 930 1294 Od.
956 1262 987 1300 3,

296 1313 374 1350 210..
408 1311 468 1343 ubi
500 1311 543 1343 de
569 1313 680 1351 Lyces
711 1311 840 1343 ferocia
864 1320 904 1343 ac
929 1320 990 1343 su-

294 1361 417 1402 perbia
443 1362 687 1401 conqueritur,
715 1361 787 1392 sive
812 1361 914 1392 fictus
937 1363 990 1393 est

296 1412 323 1442 is
348 1420 448 1442 amor
487 1420 551 1442 seu
592 1419 708 1442 verus.
757 1410 819 1442 Hic
849 1410 988 1442 vetulae

295 1462 427 1492 interea
453 1460 563 1491 factae
582 1462 616 1491 et
639 1461 759 1491 tamen
782 1459 910 1491 lascive
936 1461 990 1491 iu-

294 1510 426 1542 veniles
444 1518 583 1541 amores
600 1510 751 1550 captanti
768 1518 894 1549 magno
908 1518 988 1541 cum

296 1561 500 1599 contemptu
538 1557 698 1596 insultat,
749 1560 847 1598 grato
886 1558 989 1591 simul

295 1609 411 1640 animo
446 1608 549 1638 bonae
583 1608 749 1646 Cinarae,
791 1609 893 1640 nimis
917 1617 991 1639 ma-

295 1659 371 1688 ture
408 1657 619 1695 exstinctae,
661 1666 808 1688 memor.
863 1656 988 1688 Similis

294 1706 397 1747 plane
433 1706 629 1746 argumenti
665 1708 746 1737 sunt
777 1706 839 1737 Od.
868 1707 905 1744 4,
931 1706 985 1737 25

295 1757 330 1787 et
346 1756 382 1793 3,
403 1756 454 1786 15.
488 1756 571 1786 item
593 1754 766 1795 Meleager
790 1755 890 1786 Anth.
916 1754 985 1786 Pal.

294 1806 318 1835 1.
344 1813 379 1845 p.
407 1803 490 1835 442:
540 1799 674 1835 Οὐκέτι
699 1801 906 1849 Τιλιιάριον,
943 1801 987 1835 τὸ

296 1854 382 1898 πρὶν
405 1852 620 1897 γλαφυροῖο
644 1852 801 1895 κελητος
831 1852 985 1896 Πῆγμα,

294 1904 401 1947 φέρει
431 1900 579 1934 πλωτὸν
604 1900 792 1947 Κύπριδος
823 1904 988 1948 εἰρεσίην

294 1951 370 1983 κτλ.
400 1971 435 1974 -
461 1954 630 1993 Tempus,
658 1962 726 1993 quo
751 1954 987 1993 compositum

294 2003 352 2040 sit,
390 2002 526 2033 deliniri
556 2003 686 2042 nequit.
713 2003 883 2033 Kirchner
912 2003 981 2043 opi-

295 2052 397 2083 natur
413 2060 443 2082 a.
464 2060 496 2082 u.
515 2060 544 2082 c.
562 2051 651 2089 736.,
671 2052 798 2083 Grotef.
817 2060 848 2083 a.
862 2061 894 2083 u.
911 2052 984 2084 738.

339 2100 438 2132 1i—li-.
476 2109 549 2132 mea
572 2100 666 2141 vola]
705 2102 769 2132 «ut
804 2101 988 2142 puniretur

294 2148 480 2189 aliquando
505 2150 613 2181 fastus
631 2151 710 2181 tuus
730 2150 984 2191 importunus.»

296 2217 332 2222 -—
358 2199 530 2240 Ludis-que]
560 2201 615 2230 «ut
644 2198 902 2231 adolescentula
933 2199 986 2231 lu-

294 2248 358 2279 dos
394 2249 560 2288 iocosque
594 2249 781 2281 amatorios
810 2250 922 2281 tentas
953 2250 985 2280 in

297 2298 639 2329 comissationibus.»

336 2348 355 2378 5
372 2365 390 2370 -
405 2348 436 2379 8.
463 2348 610 2388 tremulo]
637 2349 674 2379 ut
697 2347 785 2380 solet
802 2356 879 2380 esse
898 2357 986 2380 anus

292 2395 384 2427 bene
410 2398 524 2437 potae.
573 2398 628 2428 Sic
657 2397 700 2428 de
733 2396 847 2428 vetula
872 2399 985 2429 amica

292 2446 454 2485 Agathias
486 2447 587 2477 Anth.
627 2445 694 2477 Pal.
726 2447 750 2477 1.
785 2455 863 2486 pag.
898 2447 983 2479 1168:

292 2493 431 2526 Χείλεα
453 2494 660 2536 βαμβαίιέι
695 2495 887 2537 φΰὲγματι
917 2507 985 2538 γη-

293 2542 425 2588 ραλέῳ.
461 2545 553 2584 Yirg.
578 2547 664 2577 Aen.
683 2545 721 2584 7,
741 2545 814 2576 395.
842 2545 885 2577 de
905 2547 987 2577 Bac-

294 2594 367 2625 chis
392 2594 605 2625 furentibus:
642 2594 699 2625 Ast
725 2594 814 2625 aliae
841 2596 986 2626 tremulis

292 2643 471 2674 ululatibus
498 2644 631 2675 aethera
654 2644 823 2683 complent.
865 2644 985 2676 Differt

294 2700 437 2731 prorsus
461 2694 569 2725 Persii
594 2693 674 2725 illud
701 2694 735 2728 4,
762 2694 797 2724 Ἣ
817 2702 821 2722 :
849 2694 986 2726 tremulo

1043 1114 1078 1118 —
1114 1095 1164 1128 Acl
1186 1097 1292 1135 Lycen
1321 1097 1466 1128 vetulam
1487 1097 1692 1128 meretricem

1041 1262 1235 1302 scalpuntur
1257 1262 1312 1293 ubl
1335 1263 1453 1294 intima
1467 1272 1574 1295 versa.
1597 1282 1632 1286 —
1651 1265 1736 1295 Len-

1041 1312 1120 1352 tum]
1146 1311 1406 1351 «tranquillum,
1433 1321 1502 1344 non
1519 1315 1737 1345 commotum

1041 1370 1082 1391 ac
1106 1362 1292 1401 propterea
1317 1363 1394 1393 tuas
1418 1370 1544 1402 preces
1576 1371 1642 1393 non
1674 1371 1736 1394 ex-

1041 1410 1256 1448 audientem,
1271 1405 1521 1455 ἆὸιαφορον.»
1540 1411 1636 1443 Ovid.
1652 1412 1734 1443 Her.

1041 1460 1053 1490 sl
1071 1484 1078 1498 ,
1107 1460 1141 1490 4:
1177 1460 1272 1490 Hane
1299 1463 1357 1490 tua
1383 1461 1536 1500 Penelope
1563 1461 1647 1492 lento
1675 1461 1732 1491 tibi

1039 1509 1158 1548 onum,
1187 1509 1290 1540 Ulixe.
1316 1510 1436 1540 Amor.
1457 1509 1495 1548 3,
1515 1510 1553 1548 6,
1574 1510 1631 1540 60:
1672 1511 1734 1549 Qui

1039 1561 1148 1590 tenero
1165 1559 1322 1590 lacrimas
1337 1559 1441 1590 lentus
1456 1559 1490 1589 in
1506 1568 1562 1589 ore
1575 1559 1673 1590 videl.
1697 1577 1732 1581 —

1039 1607 1212 1648 sollicitas]
1249 1608 1414 1639 «canticis
1439 1608 1616 1639 amatoriIS
1640 1608 1733 1639 iuve-

1039 1665 1102 1687 nes
1132 1655 1297 1697 pellicere
1328 1657 1455 1688 frustra
1485 1658 1656 1688 conaris.»
1696 1674 1731 1679 —

1037 1706 1173 1737 virentis
1198 1724 1217 1729 -
1233 1723 1251 1728 -
1279 1706 1394 1747 Chiae]
1423 1706 1475 1737 «in
1501 1707 1599 1745 genis
1624 1706 1731 1738 Chiae

1040 1757 1152 1787 aetate
1169 1755 1325 1787 florentis
1351 1757 1385 1786 et
1404 1754 1574 1795 psallendi
1600 1756 1732 1796 peritae

1038 1804 1117 1844 vigil
1137 1804 1261 1843 cubat,
1289 1813 1369 1835 cum
1395 1804 1428 1835 in
1453 1806 1487 1835 te
1512 1805 1646 1845 sopitus
1668 1805 1730 1842 sit,

1039 1852 1240 1893 nullamque
1264 1855 1299 1884 tu
1322 1854 1390 1884 iam
1414 1854 1543 1885 excites
1561 1853 1734 1894 cupidita-

1040 1905 1111 1934 tem
1132 1904 1165 1934 te
1183 1902 1354 1934 fruendi.»
1374 1920 1411 1924 —
1430 1902 1510 1934 Chia
1526 1904 1644 1934 autem
1668 1912 1733 1934 no—

1039 1962 1122 1984 men
1149 1953 1331 1993 proprium
1360 1952 1453 1993 apud
1482 1954 1577 1984 erut.
1609 1954 1668 1990 45,
1698 1954 1729 1985 9.

1039 2001 1112 2042 64⁴2,
1132 2002 1178 2040 9.,
1194 2003 1230 2033 ut
1242 2002 1368 2040 Lesbia,
1386 2002 1494 2034 Delia.
1517 2020 1552 2024 --
1577 2002 1730 2043 psallere]

1039 2061 1089 2091 pr.
1103 2051 1221 2091 digito,
1240 2060 1308 2082 non
1322 2051 1467 2092 plectro,
1487 2051 1655 2083 chordam
1670 2052 1733 2083 im-

1038 2100 1180 2141 pellere,
1200 2103 1238 2132 ut
1250 2101 1421 2138 Herodai,
1437 2102 1448 2132 ΑΙ
1457 2102 1509 2132 55
1528 2101 1732 2146 κιθαρίζειν

1038 2159 1076 2181 τε
1091 2150 1156 2181 καὶ
1178 2147 1362 2190 ψάλλειν;
1388 2150 1452 2182 sed
1476 2151 1569 2191 apud
1592 2152 1731 2183 Latinos

1037 2200 1104 2231 hoe
1118 2199 1307 2230 discrimen
1320 2208 1388 2230 nou
1402 2207 1545 2240 semper
1557 2201 1728 2231 servatur.

1040 2267 1075 2271 —
1101 2250 1133 2280 in
1148 2248 1253 2289 aenis]
1280 2249 1404 2280 Athen.
1425 2249 1476 2280 113.
1496 2258 1574 2289 pag.
1593 2248 1668 2281 564.
1696 2250 1732 2281 et

1038 2298 1118 2330 604:
1147 2295 1333 2343 Φρύνιχος
1349 2315 1366 2320 -
1383 2298 1443 2330 ἐπὶ
1468 2297 1534 2330 τοῦ
1561 2297 1728 2344 Τρωίλου

1037 2344 1112 2389 ἔφη
1162 2345 1336 2389 Ααῇιιπειν
1386 2347 1447 2380 ἐπὶ,
1495 2350 1730 2393 πορφυρέαις

1038 2395 1179 2443 παρῇσι
1203 2396 1286 2437 φῶς
1310 2393 1460 2443 ἔρωτος.
1510 2398 1606 2430 Pind.
1626 2400 1727 2430 Nem.

1036 2448 1067 2484 8,
1096 2448 1107 2478 l
1126 2457 1132 2478 2
1152 2442 1250 2492 ιΖΩρα
1265 2445 1401 2480 πότνια
1418 2466 1437 2471 -
1453 2466 1472 2471 -
1490 2443 1570 2478 ’Ἀτε
1587 2447 1728 2492 παρθε-

1037 2495 1159 2538 νιμύις
1176 2495 1318 2529 παίδων
1336 2499 1364 2528 τ’
1383 2496 1559 2537 ἐφίζοισα
1583 2494 1727 2539 γλεφά-

1037 2556 1128 2591 ροις.
1166 2547 1270 2587 Soph.
1285 2548 1396 2586 Aulig.
1420 2547 1492 2577 782.
1508 2548 1567 2578 1).:
1583 2542 1704 2590 ”Egnog
1717 2569 1726 2583 ,

1037 2615 1056 2619 -
1071 2614 1090 2619 -
1106 2592 1170 2635 Ὃς
1193 2595 1232 2627 ἐν
1255 2594 1444 2636 μαλακαῖς
1461 2597 1633 2641 παρειαῖς
1655 2595 1727 2625 Νε-

1036 2642 1166 2684 άνιδος
1189 2642 1414 2684 ἐννυχεύεις.

1080 2694 1099 2725 9
1115 2712 1133 2717 -
1150 2695 1201 2725 1¹2.
1228 2693 1447 2734 Importunas]
1475 2692 1668 2733 «superbus
1694 2695 1727 2724 et
