1997 3219
384 200 464 242 438

894 201 1061 233 HORATII
1086 201 1306 233 CARMINUM

551 307 686 347 Pin-ae
717 306 830 346 rivus
861 317 998 359 aquae
1030 303 1220 360 silvaque
1252 304 1443 358 iugerum

550 388 786 427 Paucorum
818 391 858 426 et
888 384 1044 439 segetis
1075 391 1190 426 certa
1220 383 1326 425 fides
1354 396 1474 424 meae

1755 383 1808 423 30

555 464 800 521 Fulgentem
831 464 1010 520 imperio
1040 463 1185 506 fertilis
1215 463 1378 505 Africae

661 544 780 586 Fallit
809 550 922 586 sorte
953 544 1128 586 beatior.

547 652 812 706 Quamquam
842 662 922 704 nec
953 648 1157 692 Calabrae
1188 647 1313 691 mella
1342 647 1479 690 ferunt
1509 661 1611 704 apes

552 732 638 773 Nec
668 730 973 787 Laestrygonia
1002 729 1194 772 Bacchus
1225 729 1266 770 in
1296 728 1500 785 amphora

546 811 801 867 Languescit
829 810 930 851 mihi
962 805 1042 853 nec
1071 810 1244 866 pinguia
1276 809 1444 852 Gallicis

1759 810 1811 850 35

464 906 516 937 ⁶29.
544 915 606 945 que
621 914 691 937 oin.
710 905 746 936 T.
774 902 808 926 -‘—
837 904 889 936 34.
916 904 1070 945 Ριιῖῃεηῑε
1092 903 1268 935 Bentleius
1289 904 1378 934 coni.
1405 921 1442 925 —-
1469 902 1520 934 32.
1548 903 1656 934 Fallit.
1676 903 1770 934 Sorte

420 955 560 994 beatior,
581 956 791 994 Quamquam
802 953 1009 992 XVakefield,
1028 955 1189 993 Doering.
1211 953 1319 993 (Corr.
1335 952 1462 993 Regel.)
1486 971 1518 976 -
1541 952 1592 984 33.
1610 953 1769 993 ferant'l'.

422 1036 475 1066 ⁶29.
502 1036 554 1066 30.
580 1035 688 1075 rivus]
714 1035 871 1074 Digentia
891 1035 925 1065 in
945 1034 1073 1065 Horatii

380 1084 518 1115 Sabino.
547 1085 685 1125 Epp.1¹‚
706 1084 765 1121 46,
786 1084 837 1114 42.
866 1084 922 1119 48,
944 1082 1016 1114 404.
1036 1101 1070 1105 —

378 1134 539 1174 silvaque]
566 1134 652 1174 Epp.
676 1134 713 1171 4,
742 1133 800 1171 46,
829 1133 864 1163 9:
893 1141 1030 1171 quercus
1046 1135 1075 1163 et

381 1184 458 1214 ilem.
478 1201 513 1205 —
537 1187 628 1214 certa
641 1183 732 1224 fides]
753 1182 863 1219 «ideo,
883 1181 977 1222 quod
992 1190 1074 1212 eum

381 1234 590 1273 proventum
627 1231 812 1272 quotannis
842 1231 928 1262 mihi
950 1230 1071 1268 effert,

381 1290 488 1321 quem
514 1283 718 1321 exspectare
746 1289 810 1321 par
834 1281 944 1311 erat.»
994 1280 1076 1310 Treu

379 1331 514 1362 zinsensl
550 1331 650 1362 Voss.
715 1330 908 1370 Opponitur
954 1330 1076 1369 fundus

380 1381 524 1411 mendac
548 1380 609 1412 Od.
629 1380 665 1417 3,
688 1381 699 1410 4
717 1405 722 1417 ,
739 1380 791 1410 30.
820 1379 901 1419 (Cic.
921 1378 962 1410 ad
980 1380 1072 1410 Fam.

385 1430 443 1468 46,
471 1430 530 1467 47,
552 1430 563 1460 l
585 1439 591 1459 2
619 1430 659 1459 Et
683 1429 834 1459 doctrina
858 1431 886 1459 cl
910 1429 1024 1459 (lomus
1047 1431 1076 1459 et

382 1488 439 1509 ars
461 1482 491 1509 ct
513 1488 594 1519 affer
615 1479 713 1509 eliam
736 1476 847 1509 fidelis
869 1478 932 1508 (lici
958 1480 1074 1516 potest,

383 1531 419 1558 ut
442 1529 502 1567 sit,
535 1529 695 1567 quomodo
721 1527 934 1566 Theophrasto
952 1527 1073 1566 placet,

381 1579 566 1608 verecunda
588 1577 734 1608 tralatio.
760 1576 952 1608 Philemon.
971 1577 1072 1608 Mein.

383 1636 416 1667 p.
447 1626 527 1658 406:
577 1623 818 1658 δικαιότατον
841 1622 950 1666 κτῆμ’
973 1624 1075 1656 ἐστὶν

383 1672 599 1721 ἀνθρώποις
638 1671 767 1719 ἀγρός.
831 1675 925 1715 (Mire
964 1682 1076 1714 nuper

383 1724 506 1765 aliquis
534 1727 780 1766 interpretatus
804 1725 880 1755 est:
908 1737 922 1752 u
934 1723 977 1755 de
1006 1732 1075 1763 quo

383 1784 465 1814 agro
498 1783 564 1805 nec
599 1773 794 1805 sollicitudo
819 1782 934 1813 neque
960 1774 1075 1803 metus

384 1823 472 1855 ullus
496 1832 553 1854 1110
578 1824 714 1863 angit»,
752 1824 786 1853 et
817 1831 930 1862 aeque
960 1821 1072 1853 male:

384 1874 502 1914 Fallit]
551 1873 653 1904 «stellt
690 1873 750 1903 den
795 1873 828 1902 in
871 1872 1049 1903 Schatten»
1067 1896 1074 1910 ,

387 1922 538 1954 «umbra
564 1931 645 1953 cum
670 1921 881 1961 obscurat»)

428 1973 481 2004 34.
528 1972 736 2013 Fulgyentem]
778 1972 954 2002 Sententia
989 1971 1077 2002 haec

384 2024 457 2054 est:
500 2023 632 2053 «Homo
666 2020 822 2061 locuples
855 2021 996 2051 omnino
1027 2021 1078 2051 in—

384 2071 537 2111 telligere
554 2071 675 2111 nequit
692 2079 766 2109 me,
786 2071 867 2110 quia
886 2071 980 2101 tenui
997 2079 1076 2102 mea

386 2121 590 2153 condicione
620 2120 703 2151 satis
729 2128 906 2160 superque
932 2121 1078 2151 conten-

384 2172 440 2201 tus
474 2178 575 2208 sum,
615 2168 716 2209 longe
747 2168 937 2200 feliciorem
973 2177 1074 2208 esse,

384 2228 490 2259 quam
507 2220 582 2259 ipse
599 2219 670 2257 est,
693 2217 809 2249 multis
827 2227 969 2259 semper
985 2219 1077 2251 euris

384 2268 594 2300 (listi-ictus.»
642 2268 715 2298 Iam
750 2268 778 2299 is
804 2268 906 2308 fulget
942 2268 1077 2307 imperio

382 2318 499 2358 fertilis
520 2317 674 2357 Africae,
706 2316 741 2347 id
766 2318 837 2355 est,
866 2316 1076 2349 «latissimas

384 2369 416 2398 in
441 2367 553 2398 Africa
576 2367 820 2407 possessiones
852 2366 1002 2404 habet»,
1039 2368 1077 2398 ut

385 2417 480 2447 recte
499 2416 568 2446 iarn
585 2417 697 2453 Acr03
724 2424 838 2456 neque
863 2424 948 2447 xero
975 2416 1079 2447 inter-

383 2465 594 2506 pretandum
625 2464 668 2496 de
692 2465 828 2496 Africae
854 2464 1073 2505 proconsule.

384 2516 516 2546 Seneca
553 2515 613 2555 Ep.
651 2514 709 2545 89:
751 2515 876 2546 Parum
909 2518 974 2552 cst,
1014 2514 1078 2545 nisi

383 2567 475 2595 trans
500 2564 710 2595 Hadrianum
739 2567 769 2595 ct
795 2564 923 2594 Ionium
952 2564 1077 2604 Aeque-

384 2622 502 2652 umquc
548 2617 652 2645 vester
692 2614 820 2644 villicus
863 2617 998 2654 frequen·
1021 2631 1039 2636 -
1059 2631 1077 2636 —

386 2671 486 2701 quam
514 2664 609 2694 voltis
631 2664 696 2694 late
713 2663 874 2702 possidete
884 2671 895 2700 ,·
930 2663 969 2693 sil.
999 2663 1078 2703 fun—

385 2712 464 2745 ctus,
503 2714 588 2751 quod
619 2713 799 2751 aliquando
824 2712 996 2751 imperium
1018 2722 1078 2743 vo-

385 2761 534 2792 cabatur.
597 2762 710 2793 Meum
747 2762 863 2793 autem
911 2760 1077 2793 Sabinum

1119 1034 1228 1074 fallit,
1262 1032 1346 1065 latet
1369 1042 1451 1064 eum
1474 1036 1580 1072 sorte,
1616 1034 1816 1073 possessio-

1123 1092 1183 1121 ne,
1221 1083 1345 1114 beatius
1379 1078 1470 1123 (ὄν),
1512 1082 1546 1113 id
1572 1084 1641 1113 est:
1684 1083 1816 1114 «nescit

1123 1131 1177 1163 ille
1202 1132 1386 1173 praedium
1420 1140 1540 1163 meum
1565 1131 1697 1162 maiora
1732 1131 1816 1162 mihi

1123 1181 1248 1221 gaudia
1265 1180 1438 1221 praebere
1455 1206 1461 1219 ‚
1488 1189 1595 1220 quam
1612 1181 1685 1221 ipse
1703 1181 1817 1211 haurit

1124 1240 1167 1261 ex
1190 1229 1306 1262 multis
1332 1232 1365 1261 et
1390 1229 1614 1270 amplissimis
1639 1230 1709 1261 suis
1734 1238 1818 1270 pos-

1124 1279 1373 1311 sessionibus.»
1419 1279 1538 1317 Fallil,
1577 1280 1656 1310 nota
1687 1278 1818 1318 signifi-

1125 1330 1284 1367 catione,
1309 1337 1372 1369 pro
1399 1325 1491 1359 «τὸν
1516 1326 1701 1359 πλούσιον
1728 1327 1818 1358 λαν-

1122 1376 1232 1410 θάνει
1255 1375 1350 1410 πολὺ
1377 1373 1605 1422 ὀλβιώτερον
1629 1373 1709 1409 ὅν.»
1735 1379 1818 1409 Pro-

1123 1430 1213 1468 pert.
1241 1429 1274 1465 4,
1300 1427 1337 1465 4,
1364 1428 1438 1460 215:¹
1469 1428 1538 1467 Quo
1566 1428 1674 1467 vmagyis
1702 1430 1732 1458 et
1764 1436 1821 1458 no-

1122 1480 1206 1508 stros
1228 1477 1394 1508 contendis
1415 1478 1538 1508 solvere
1569 1486 1714 1515 amores,
1750 1477 1818 1507 IIoc

1123 1527 1231 1567 vna-qis
1267 1529 1402 1566 accepta
1438 1526 1526 1566 fallit
1562 1530 1698 1565 ufer-que
1732 1527 1818 1566 fille:

1127 1585 1188 1607 «eo
1224 1577 1334 1616 magis
1369 1578 1402 1606 te
1438 1574 1522 1607 latet
1557 1584 1619 1606 nos
1660 1577 1819 1606 mutuam

1125 1625 1226 1657 nobis
1243 1625 1352 1656 fidem
1368 1633 1545 1656 servare.»
1594 1626 1681 1656 Cum
1698 1633 1731 1656 v.
1750 1634 1820 1656 sors

1125 1674 1316 1714 significet,
1354 1674 1448 1714 quod
1484 1683 1546 1705 nos
1581 1674 1729 1705 dicimus
1761 1675 1820 1705 das

1124 1724 1274 1763 chailal7
1312 1724 1362 1754 die
1385 1724 1581 1764 Besttzuny,
1614 1723 1647 1754 h.
1675 1722 1695 1753 l.
1723 1723 1816 1754 idem

1126 1776 1200 1811 est,
1226 1782 1267 1804 ac
1284 1773 1312 1804 si
1330 1772 1473 1804 dixisset
1488 1773 1608 1812 pretio.
1639 1771 1818 1803 Ablativus

1126 1825 1244 1854 autem
1269 1825 1322 1854 est
1346 1821 1636 1853 instrumentalis:
1665 1821 1820 1852 «beatior

1126 1881 1189 1913 per
1212 1872 1364 1912 pretium
1388 1880 1512 1908 suuni,
1545 1871 1639 1910 quod
1666 1871 1710 1901 ad
1736 1879 1820 1911 pre-

1127 1922 1211 1953 tium
1229 1921 1386 1952 attinet»:
1406 1921 1610 1960 neutiquam
1627 1929 1712 1951 vero
1725 1928 1820 1951 com-
1846 1928 1850 1929 ⁷

1125 1971 1324 2011 parativus:
1353 1977 1488 2009 «quam
1512 1977 1588 2000 sors
1614 1970 1667 2000 est
1690 1968 1821 2009 fulgen-

1126 2021 1168 2052 tis
1191 2019 1338 2060 imperio
1361 2019 1496 2050 Africae
1510 2030 1539 2057 ,»
1564 2020 1602 2050 ut
1618 2018 1671 2050 alii
1688 2018 1817 2050 volunt.

1169 2070 1221 2101 33.
1248 2069 1299 2101 34.
1327 2069 1498 2110 Calabrae]
1525 2068 1712 2100 Calabrum
1736 2068 1817 2107 mel,

1125 2121 1164 2151 ut
1198 2119 1414 2159 Hymettium
1455 2121 1559 2159 atque
1598 2117 1817 2159 Hyblaeum,

1126 2168 1329 2200 melioribus
1352 2167 1662 2200 adnumerabatur.
1704 2167 1765 2199 Od.
1785 2168 1817 2203 2,

1126 2219 1156 2257 6,
1177 2218 1228 2250 44.
1255 2217 1317 2249 Od.
1336 2217 1368 2256 4,
1386 2218 1418 2257 2,
1436 2218 1489 2249 27.
1512 2236 1547 2240 —
1566 2217 1817 2257 Laestryyonia]

1126 2267 1263 2299 Scilicet
1296 2267 1469 2299 Formiani
1510 2267 1679 2307 oppidum
1716 2274 1819 2298 suum

1125 2318 1350 2349 Homericam
1373 2315 1467 2348 illam
1491 2314 1700 2358 τηλέπυλον
1723 2314 1818 2346 Λαι-

1126 2366 1351 2411 στρυγονίην
1388 2365 1524 2406 (Odyss.
1551 2376 1594 2403 κ,
1631 2365 1697 2405 82.)
1738 2373 1816 2396 esse

1125 2415 1295 2447 serebant.
1322 2415 1393 2447 Cic.
1411 2414 1457 2446 ad
1473 2415 1572 2446 Attic.
1591 2415 1622 2453 2,
1643 2414 1693 2445 43.
1721 2413 1816 2445 Ovid.

1125 2465 1204 2496 Met.
1232 2464 1289 2502 411,
1315 2464 1399 2495 ⁶233:
1440 2464 1535 2495 Lami
1565 2466 1705 2495 velet-em
1735 2463 1821 2493 Lae-

1125 2514 1301 2554 strygyonis,
1329 2514 1454 2553 inquit,
1474 2514 1508 2544 in
1526 2513 1637 2544 urbem
1657 2512 1815 2543 Venimus.

1169 2564 1221 2595 35.
1257 2562 1466 2604 Langyaescit]
1492 2562 1661 2594 «mitescit
1686 2560 1820 2601 paulla-

1127 2613 1222 2644 tim.»
1248 2612 1382 2644 Colum.
1404 2613 1432 2650 4,
1453 2613 1483 2652 6,
1502 2613 1562 2643 20:
1588 2612 1668 2642 vina
1683 2611 1819 2642 celerius

1124 2665 1340 2694 vetustescunt
1355 2662 1460 2693 sume.
1484 2680 1518 2684 -
1540 2660 1692 2701 pinquia]
1716 2660 1823 2700 «spis-

1128 2721 1165 2743 sa
1191 2712 1226 2743 et
1249 2712 1427 2752 copiosa.»
1478 2711 1567 2742 Oves
1598 2709 1818 2754 ἑϋτρεφέες,

1127 2759 1365 2802 δασύμαλλοι
1391 2760 1524 2800 (Odyss.
1549 2769 1580 2797 ι,
1607 2758 1694 2798 4⁶25.)
1721 2760 1821 2790 erant
