1997 3219
364 131 444 172 (528
1006 136 1173 167 HORATll

362 239 449 269 sisse
477 239 621 279 insuper
647 237 915 278 simplieitatem.
951 240 988 269 ut
1005 241 1039 270 et
1057 236 1261 272 conveniret
1278 241 1392 272 choris
1411 239 1474 272 illis
1491 249 1681 281 puerorum
1699 240 1800 282 puel-

363 292 548 334 larumque
576 294 611 323 et
639 301 657 323 a
686 292 815 333 populo
842 293 917 333 ipso
948 293 1045 324 haud
1075 295 1177 326 nimis
1205 294 1389 326 difficulter
1413 295 1677 336 intelligeretur;
1705 296 1801 327 deni·

362 357 430 388 que
457 350 569 380 totum
593 347 715 379 debuit
743 357 820 379 esse
840 346 1036 380 πολιτικὸν
1054 351 1099 388 et,
1130 359 1220 390 quae
1244 359 1301 383 res
1322 351 1459 383 vincula
1483 351 1657 391 quaedam
1675 353 1799 391 poetae

362 404 563 435 necessario
592 403 718 441 iniecit,
746 404 867 444 aptum
891 404 975 435 item
991 404 1035 435 ad
1053 413 1197 437 sensum
1214 405 1503 446 voluntatemque
1520 407 1676 446 Augusti,
1703 407 1800 437 euius

363 468 405 490 ex
435 460 532 490 iussu
563 467 604 490 ac
641 459 813 490 sententia
836 467 962 491 versus
990 459 1144 500 Sibyllini
1173 469 1190 491 a
1225 462 1362 493 Zosimo
1390 463 1535 500 servati,
1581 471 1599 493 a
1632 462 1800 493 Graeculo

361 513 493 554 aliquo,
519 513 666 546 fortasse
691 514 893 553 Parthenio,
920 513 1089 546 elaborati
1117 524 1195 548 esse
1228 516 1407 554 videntur,
1439 525 1528 556 quos
1555 519 1659 557 poeta
1678 526 1799 558 presse

362 569 462 610 sequi
490 568 653 601 debebat.
703 569 833 601 verum
861 570 962 610 igitur
989 571 1022 602 in
1050 571 1167 603 medio
1195 572 1349 611 positum
1375 580 1452 604 esse
1483 570 1643 603 arbitror.

1043 833 1110 881 1·

648 946 1101 1004 coiiAEMENTA'roR
1127 966 1520 1010 cRUQmANUS.

448 1075 553 1108 «Ludi
578 1075 758 1109 seculares
782 1076 861 1109 ideo
886 1077 969 1109 dicti
993 1080 1088 1116 sunt,
1116 1077 1210 1118 quod
1235 1086 1298 1119 per
1321 1079 1463 1109 centum
1488 1080 1522 1110 et
1546 1078 1671 1110 decem
1689 1087 1798 1110 annos

360 1130 631 1163 celebrabantur
654 1133 831 1170 trinoctio,
857 1133 891 1164 id
915 1135 984 1171 est,
1012 1133 1123 1165 tribus
1148 1133 1273 1164 diebus
1298 1135 1332 1164 et
1351 1132 1459 1170 tribus
1476 1134 1661 1171 noctil›us;
1700 1143 1799 1166 secu-

357 1186 449 1218 lares
473 1190 604 1227 autem,
631 1187 727 1228 quod
751 1196 769 1218 a
794 1188 906 1228 primo
931 1187 1068 1227 seculo,
1094 1188 1128 1219 id
1157 1191 1225 1224 est,
1257 1188 1300 1220 ab
1331 1189 1461 1229 origine
1485 1190 1661 1221 Romanae
1685 1190 1798 1230 gentis

358 1243 489 1283 reperti
514 1245 548 1274 et
571 1243 715 1274 instituti
743 1245 838 1280 sunt,
864 1242 998 1275 scilicet
1024 1252 1043 1274 a
1071 1244 1183 1274 Numa
1202 1243 1382 1285 Pompilio,
1408 1252 1427 1275 a
1452 1253 1521 1284 quo
1538 1245 1700 1277 Romanis
1717 1247 1798 1286 post

358 1300 501 1330 centum
526 1300 560 1330 et
583 1299 709 1330 decem
733 1307 843 1329 annos
868 1307 1011 1339 semper
1034 1298 1067 1329 in
1092 1307 1158 1330 usu
1182 1298 1292 1330 suere.
1333 1299 1476 1330 Verrius
1506 1302 1625 1332 autem
1654 1299 1796 1333 Flaccus

356 1353 463 1384 refert
487 1362 630 1385 carmen
653 1352 812 1385 seculare
844 1355 877 1384 et
904 1353 1115 1385 sacrificium
1141 1354 1336 1385 institutum
1360 1355 1450 1385 intra
1474 1364 1583 1387 annos
1608 1356 1674 1387 CX.
1704 1356 1794 1396 (ἱερεῖ

357 1408 407 1447 C.)
459 1409 526 1440 Diti
554 1410 589 1440 et
617 1409 846 1449 Proserpinae
872 1409 984 1448 primo
1009 1407 1101 1440 bello
1126 1409 1255 1440 Punico
1280 1409 1405 1441 decem
1428 1410 1585 1441 xii-orum
1610 1419 1794 1450 responso,

358 1472 440 1495 curn
477 1464 560 1496 iussi
589 1465 707 1495 essent
739 1462 845 1495 libros
877 1462 1061 1502 Sibyllinos
1090 1464 1263 1504 inspicere
1292 1464 1337 1495 ob
1368 1465 1585 1505 prodigium,
1627 1465 1721 1505 quod
1753 1475 1794 1497 eo

358 1518 451 1550 bello
479 1519 621 1557 accidit,
665 1528 744 1550 nam
775 1527 856 1559 pars
880 1527 1062 1550 murorum
1086 1519 1152 1550 icta
1175 1518 1317 1551 fulmine
1342 1520 1478 1551 cecidit.
1530 1523 1644 1560 Atque
1669 1521 1712 1551 ita
1737 1530 1795 1552 re-

355 1574 572 1614 sponderant
603 1573 736 1605 bellum
767 1573 937 1605 adversus
969 1575 1273 1615 Karthaginienses
1303 1584 1472 1616 prospere
1501 1577 1573 1615 geri
1602 1585 1723 1616 posse,
1766 1577 1793 1608 si

355 1629 419 1660 Diti
446 1630 479 1660 et
503 1629 733 1670 Proserpinae
760 1629 893 1667 triduo,
919 1629 954 1660 id
978 1631 1047 1667 est,
1075 1630 1186 1661 tribus
1211 1629 1335 1660 diebus
1355 1632 1388 1661 et
1405 1630 1516 1662 tribus
1535 1630 1695 1663 noctibus
1713 1640 1795 1663 con-

355 1684 478 1722 tinuis,
504 1683 576 1715 ludi
599 1684 745 1715 fuissent
770 1682 937 1715 celebrati
962 1686 995 1715 et
1020 1693 1163 1716 carmen
1189 1686 1366 1716 cantatum
1390 1686 1478 1716 inter
1502 1686 1682 1718 sacrificia,
1720 1687 1793 1717 Hoc

355 1740 474 1770 autem
498 1739 625 1770 accidit
647 1739 757 1779 Appio
782 1737 925 1770 Claudio
952 1738 1099 1771 Pulchro
1124 1749 1196 1771 cos.
1234 1741 1272 1779 [a.
1300 1749 1332 1771 u.
1358 1750 1385 1770 c.
1413 1740 1486 1772 490.
1514 1742 1710 1781 Refer-endas
1732 1742 1793 1773 huc

352 1794 482 1825 videtur
509 1794 597 1825 loeus
630 1794 789 1825 Varronis
816 1795 906 1834 apud
937 1795 1149 1826 Censorinum
1179 1796 1216 1827 C.
1250 1795 1307 1826 217:
1350 1796 1459 1828 «Cum
1490 1796 1598 1828 multa
1632 1799 1792 1838 portenta

356 1849 481 1880 fierent
506 1850 541 1880 et
565 1858 687 1881 murus
712 1857 753 1880 ac
776 1850 897 1886 turris,
925 1858 1014 1889 quae
1040 1853 1121 1881 sunt
1144 1851 1232 1882 intra
1256 1854 1396 1892 portam
1421 1852 1590 1884 Collinam
1615 1854 1649 1884 et
1673 1854 1794 1893 Esqui-

353 1903 474 1943 linam,
517 1904 560 1935 de
585 1904 682 1936 eaelo
706 1906 824 1937 essent
848 1906 959 1943 tacta,
1000 1907 1035 1937 et
1059 1906 1137 1937 ideo
1162 1905 1268 1938 libros
1293 1907 1479 1948 Sibyllinos
1503 1909 1596 1939 Xviri
1619 1909 1788 1946 adissent,

354 1960 606 1998 renuntiarunt,
633 1960 681 1991 uti
706 1960 771 1991 Diti
787 1961 876 2001 patri
894 1962 928 1992 et
946 1962 1175 2002 Proserpinae
1192 1961 1263 1994 ludi
1279 1964 1453 1995 Terentini
1471 1964 1504 1994 in
1522 1964 1653 2005 Campo
1671 1965 1791 1996 Martio

354 2015 479 2046 fierent
504 2017 537 2046 et
559 2015 695 2047 hostiae
722 2015 842 2047 furvae
867 2015 1150 2057 immolarentur,
1191 2019 1312 2059 utique
1336 2018 1406 2050 ludi
1432 2020 1624 2051 centesimo
1649 2028 1790 2060 quoque

354 2079 445 2102 anno
470 2070 640 2109 fierent»)

442 2127 647 2157 «Praeterea
673 2125 742 2157 ludi
767 2126 944 2159 seculares
968 2126 1135 2160 celebrati
1159 2131 1256 2168 sunt,
1282 2138 1363 2161 cum
1387 2131 1495 2161 Roma
1520 2129 1715 2170 pestilentia
1740 2130 1790 2161 la-

354 2180 507 2219 boraret,
533 2180 673 2221 quando
698 2190 739 2212 ex
763 2181 859 2213 libris
884 2181 1057 2222 Sibyllinis
1076 2184 1215 2223 njussum
1240 2187 1304 2223 est,
1332 2187 1369 2216 ut
1392 2186 1458 2217 Diti
1482 2186 1570 2226 patri
1595 2186 1638 2217 ad
1663 2187 1791 2218 Teren-

354 2238 427 2267 tum
455 2236 562 2277 stipes
594 2237 801 2268 mitteretur.
854 2238 926 2269 Hoc
956 2238 1061 2270 etiam
1090 2239 1196 2270 iidem
1227 2238 1302 2271 libri
1327 2241 1520 2279 iusserunt,
1561 2243 1599 2272 ut
1621 2240 1786 2273 nobilium

352 2291 452 2323 liberi
478 2292 510 2322 in
536 2290 704 2332 Capitolio
730 2300 873 2325 carmen
898 2293 1128 2326 decantarent
1151 2295 1346 2327 trinoctio.»

441 2348 609 2385 Carmen,
647 2346 690 2378 (le
727 2356 796 2387 quo
831 2347 983 2389 loquitur
1011 2350 1290 2390 Commentator,
1330 2352 1529 2383 «eonditum
1553 2361 1571 2383 a
1597 2352 1690 2383 Livio
1714 2353 1787 2385 An-

352 2402 495 2433 dronico
519 2402 552 2433 in
578 2403 746 2433 lunonem
771 2404 937 2443 reginam,
965 2403 1019 2435 illa
1037 2406 1245 2447 tempestate
1271 2407 1412 2439 forsitan
1440 2407 1611 2439 laudabile
1640 2407 1785 2439 rudibus

351 2458 513 2498 ingeniis,
553 2466 645 2489 nune
673 2456 867 2490 abhorrens
893 2461 927 2490 et
951 2460 1186 2493 inconditum»
1224 2464 1325 2494 vocat
1348 2463 1461 2494 Livius
1486 2463 1548 2501 27,
1575 2463 1627 2493 37.
1655 2463 1699 2495 ad
1723 2471 1786 2494 an—

352 2521 435 2544 num
460 2522 493 2544 u.
521 2522 550 2543 c.
577 2512 651 2544 545.

437 2567 569 2609 Duplex
602 2570 719 2600 autem
750 2570 966 2601 enumeratio
999 2571 1223 2611 antiquorum
1248 2571 1410 2604 ludorum
1433 2572 1643 2605 secularium
1668 2574 1784 2604 exsta-

351 2623 422 2662 bat,
450 2623 543 2664 apud
569 2622 743 2655 Valerium
769 2624 940 2657 Antiatem
965 2624 1084 2659 altera,
1111 2625 1219 2659 altera
1238 2627 1270 2659 in
1289 2628 1556 2660 Commentariis
1569 2628 1783 2659 XVvirorum

351 2681 436 2708 leste
463 2679 653 2709 Censorino
680 2680 715 2708 (ἶ.
748 2679 796 2709 17.
