1997 3219
695 257 771 288 ΗΒ.
799 258 852 289 111.

905 258 942 290 (2.
968 258 1111 289 xxvin.
1519 257 1590 298 350!

580 589 890 629 cmlv
927 590 1190 631 xxvm.

332 702 456 743 Festo
490 701 592 757 quid
624 703 764 758 potius
795 701 863 744 die

385 782 566 838 Neptuni
598 782 780 824 faciam?
811 783 963 825 Prome
995 783 1261 826 reconditum

331 861 449 919 Lyde
480 868 654 905 strenua
685 861 930 905 Caecubum

385 943 657 999 Munitaeque
688 942 844 986 adhibe
875 943 959 985 vim
989 943 1237 1000 sapientiae.

247 1075 390 1106 xxvnl.
417 1075 523 1106 Inscr.
550 1073 641 1115 volg.
667 1074 716 1105 Ad
739 1074 860 1113 Lyden.
891 1093 925 1096 a
952 1075 1065 1114 Lydae
1088 1075 1145 1107 he.
1175 1094 1210 1097 —
1233 1075 1282 1107 Act
1304 1076 1413 1115 Lyden
1432 1085 1557 1116 parae-

202 1126 301 1156 netice
324 1124 531 1166 (syllogistice
555 1125 601 1164 S.)
626 1124 664 1155 (Ie
686 1124 924 1163 Neptunalibus
947 1124 1006 1155 BS.
1037 1143 1071 1147 —
1099 1125 1129 1156 Ξ.
1154 1125 1262 1165 facias
1285 1125 1394 1157 Bentl.
1419 1127 1508 1158 coni.

202 1242 346 1274 XXVIII.
385 1242 559 1274 Arcessita
593 1241 637 1273 ad
670 1250 708 1273 se
741 1241 854 1273 amica

159 1290 253 1323 solus
279 1299 359 1323 cum
384 1290 457 1323 sola
479 1289 683 1331 Neptunalia
708 1299 854 1331 compo-

160 1341 288 1372 tatione
319 1342 353 1372 et
381 1342 485 1371 cantu
515 1339 681 1371 celebrat.
722 1341 854 1380 Neptu-

159 1388 248 1421 nalia
273 1388 337 1421 alia
357 1399 388 1420 a.
408 1389 441 1421 d.
460 1389 498 1420 X.
521 1389 600 1428 (non
617 1389 671 1427 V.⁷
698 1391 736 1420 ut
759 1389 854 1420 aiunt

159 1438 230 1477 alii)
266 1438 337 1470 Kal.
370 1439 473 1478 Aug..
512 1437 576 1469 alia
609 1439 642 1469 in
680 1439 852 1470 honorem

159 1497 295 1528 pugnae
321 1489 481 1520 Actiacae
507 1487 579 1519 Kal.
606 1488 699 1528 Sept.
720 1495 854 1519 memo-

159 1539 235 1568 rant
274 1538 447 1578 Inscriptt.
481 1537 553 1568 Lat.
588 1536 619 1567 2.
654 1545 689 1577 p.
724 1535 786 1568 394-
819 1537 853 1567 et

158 1586 232 1618 398.
262 1585 456 1626 Intelligere
482 1585 619 1617 videtur
642 1586 757 1626 priora
783 1584 849 1623 illa⁷

159 1644 248 1676 quae
281 1638 369 1667 teste
408 1636 509 1667 Festo
544 1635 697 1667 frondeis
737 1636 849 1674 casis,

158 1694 245 1725 quas
270 1685 403 1716 umbras
425 1684 616 1723 vocabant,
643 1685 677 1715 in
701 1685 776 1725 ripa
800 1685 853 1716 Ti—

157 1734 252 1767 beris
285 1735 442 1767 excitatis
475 1737 509 1767 et
539 1736 638 1766 tauro
671 1733 850 1766 immolato

158 1783 439 1815 celebrabantur.
486 1784 560 1822 Quo
588 1785 748 1824 tempore
782 1783 850 1815 hoc

157 1842 301 1865 carmen
327 1833 560 1874 compositum
584 1833 644 1871 sit,
677 1833 850 1864 incertum

158 1885 226 1914 est:
257 1883 467 1915 Kirchnerus
492 1885 524 1914 et
549 1883 750 1923 nuperrime
769 1883 852 1913 Gro-

159 1932 274 1963 tefend
292 1932 471 1972 (Solu-istst.
492 1931 606 1972 Lausb.
626 1932 656 1962 cl.
678 1931 794 1963 Horat.
814 1940 847 1972 p.

157 1982 223 2020 30.)
254 1982 518 2021 assignaverunt
541 1989 631 2012 anno
656 1981 730 2011 732.

200 2032 230 2062 Ξ.
268 2031 403 2071 siu-iam]
437 2025 623 2075 «⁰1’orfpov
653 2026 846 2074 πρότερον.

157 2081 237 2112 Erat
262 2082 354 2112 enim
379 2081 434 2112 hic
453 2080 554 2111 ordo:
592 2081 736 2111 “Prome
760 2081 850 2111 Cae-

157 2130 305 2167 cubum,
343 2132 380 2161 ut
412 2130 549 2169 ‚tet-um]
579 2128 711 2160 bibam.
761 2128 847 2166 Quid

157 2180 250 2211 enim
283 2180 396 2220 potius
427 2178 513 2210 sesto
544 2178 692 2219 Neptuni
717 2178 771 2209 die
799 2178 849 2209 sa-

157 2238 238 2260 cere
263 2229 456 2268 possum‘?»
489 2229 589 2259 Lmn.
617 2228 689 2258 Hoc
713 2227 740 2257 si
766 2228 848 2259 satis

156 2277 400 2319 perpendisset
416 2276 605 2313 Bmtlcius,
623 2277 676 2307 vix
691 2277 849 2317 scripsis-

156 2329 227 2359 set:
253 2327 370 2366 scic-ias.
410 2326 476 2357 Sed
503 2326 534 2357 in
561 2334 717 2357 errorem
746 2326 848 2357 indu-

157 2379 232 2407 ctus
268 2378 319 2406 est
359 2384 400 2406 eo
436 2384 594 2416 quoque,
636 2375 729 2415 quod
766 2384 846 2407 eum

157 2424 331 2465 plerisque
358 2425 554 2465 lnterprett.
582 2424 729 2456 credidit
753 2433 848 2456 com-

157 2474 370 2514 putationem
401 2473 490 2503 hanc·
520 2474 550 2504 in
581 2472 697 2513 Lydae
722 2473 844 2510 doum,

157 2532 224 2553 non
252 2523 282 2553 in
310 2521 418 2553 Flacci
445 2522 598 2553 habitam
625 2523 722 2560 tingi,
752 2522 845 2563 quod

156 2574 274 2603 contra
301 2573 365 2602 est.
398 2590 427 2593 --
456 2571 579 2611 Prinne]
608 2573 751 2612 Propter
768 2572 848 2603 «be-

157 2620 254 2655 rito»,
276 2623 309 2652 nt
327 2622 439 2656 aiunt,
460 2621 523 2651 hoc
543 2621 675 2651 iussum
694 2620 845 2652 nonnulli

157 2670 274 2709 Lyden
300 2680 363 2711 pr«)
383 2670 508 2701 lluratii
535 2668 642 2700 xillica
663 2669 714 2700 xcl
741 2669 846 2701 cella·-

156 2720 203 2750 ria
231 2719 438 2750 habuerunt.
475 2718 544 2750 Noli
571 2719 735 2749 credere:
765 2728 844 2750 nain

156 2767 336 2800 ridiculum
355 2768 472 2799 suisset
491 2768 660 2799 eiusmodi
686 2777 765 2799 vum
783 2778 845 2800 an-

156 2815 229 2848 cilla
255 2815 472 2858 σι’,ιιπιὶσιον
490 2818 592 2848 ctiam
618 2817 772 2849 vai-minc
791 2827 846 2846 m·-

904 1241 1056 1274 lebrare.
1102 1240 1170 1274 Sed
1194 1241 1324 1288 ἑταὶρᾳ
1346 1241 1530 1274 libertinae
1555 1242 1599 1274 ad

904 1290 1097 1323 solitarium
1127 1292 1323 1324 convivium
1350 1294 1496 1324 vocatae
1520 1292 1600 1324 talia

904 1339 1029 1373 nullius
1066 1340 1197 1373 laboris
1231 1341 1345 1374 officia
1382 1350 1448 1382 per
1483 1342 1600 1374 iocum

904 1389 1063 1421 mandari
1094 1391 1256 1430 poterant
1285 1390 1328 1422 ab
1361 1391 1475 1422 amico
1500 1400 1599 1423 com-

903 1439 1062 1471 modiore
1081 1441 1130 1478 et⁷
1151 1448 1220 1480 quo
1236 1439 1380 1472 liberior
1395 1440 1501 1478 foret,
1526 1449 1600 1472 ser-

903 1496 987 1520 vum
1011 1487 1144 1520 nullum
1168 1497 1313 1520 mensae
1330 1489 1532 1520 adhibente.
1559 1508 1595 1512 —

902 1537 1114 1578 reconditum]
1153 1537 1346 1570 «interioris
1382 1539 1484 1570 notae
1522 1538 1594 1578 (Od.

903 1588 940 1625 2,
967 1587 1003 1626 3,
1030 1587 1087 1627 8.),
1117 1587 1200 1619 satis
1224 1588 1326 1627 igitur
1348 1590 1450 1620 vetus
1474 1597 1515 1620 ae
1539 1597 1598 1628 ge-

903 1645 1103 1668 aerosum.»

945 1686 975 1717 3.
1007 1685 1152 1727 strenua]
1182 1694 1246 1726 pro
1276 1685 1445 1718 adverbio
1469 1695 1595 1727 prosae

902 1736 987 1766 orat.
1036 1735 1096 1766 Est
1126 1735 1247 1775 igitur:
1289 1734 1384 1767 «Noli
1415 1735 1596 1775 defatigari

903 1785 935 1815 in
972 1783 1169 1825 promendo
1207 1784 1370 1816 Caecubo
1407 1794 1449 1816 ex
1479 1785 1596 1817 horreo

902 1834 974 1865 sive
1014 1834 1186 1874 apotheca
1224 1834 1356 1865 vinaria
1392 1836 1496 1874 atque
1533 1843 1596 1866 ex-

902 1891 1033 1923 pugna,
1060 1882 1170 1924 pelle,
1196 1882 1393 1914 liberaliore
1417 1885 1501 1924 potu
1532 1884 1595 1915 tri-

901 1932 1044 1963 stiorem
1077 1934 1172 1963 tuam
1204 1941 1244 1963 ac
1280 1932 1330 1964 sic
1364 1933 1447 1964 satis
1478 1933 1595 1964 muni-

901 1982 970 2012 tam
990 1981 1160 2012 adversus
1173 1980 1369 2022 voluptates
1387 1982 1593 2021 gravitatem

902 2038 1114 2070 mecumque
1147 2031 1253 2061 Genio
1286 2029 1459 2070 indulge.»
1500 2032 1594 2063 Haec

901 2079 1016 2110 onmia
1041 2087 1185 2119 prorsus
1210 2079 1325 2110 iocose
1350 2088 1390 2110 ae
1414 2080 1525 2111 facete
1544 2080 1594 2111 di-

900 2130 953 2159 eta
978 2130 1074 2166 sunt,
1101 2129 1308 2169 praesertim
1327 2130 1453 2160 ηιιιηιῗία
1474 2128 1529 2160 illa
1547 2129 1591 2160 ab

899 2177 994 2209 omni
1019 2178 1208 2208 tentatione
1243 2178 1405 2216 sapientia
1440 2177 1588 2218 puellae.

899 2227 937 2258 [t
969 2228 1087 2257 autem
1117 2226 1160 2257 ad
1192 2226 1310 2266 Lyden
1342 2227 1456 2267 potius
1484 2236 1590 2267 quam

898 2275 941 2305 ad
967 2275 1081 2315 ipsum
1106 2276 1287 2307 Horatium
1311 2276 1507 2307 reseramus
1531 2286 1587 2307 vv.

898 2325 1042 2356 nzunilae
1078 2325 1259 2364 sapientiae
1302 2324 1452 2356 suadent
1489 2334 1588 2366 seqq.

897 2375 1010 2405 Parcis
1033 2376 1099 2406 cet.
1135 2376 1243 2406 Nimis
1266 2373 1428 2405 xidelicet
1454 2377 1590 2416 tempe-

898 2427 983 2462 rata,
1011 2425 1162 2465 sapiens,
1189 2422 1366 2468 σώφρων,
1387 2425 1498 2456 etl‘use
1517 2424 1589 2456 lae—

899 2474 980 2504 tanti
995 2474 1254 2505 xideturamica
1270 2474 1419 2504 tidicina.
1447 2475 1588 2504 «Graeci

898 2522 992 2553 aiunt
1023 2523 1092 2554 vim
1122 2523 1311 2563 sapientiae
1342 2522 1500 2553 adhiberi
1526 2532 1589 2563 per

899 2572 1052 2602 vinum.»
1086 2573 1262 2610 Ponrnrn.y
1290 2572 1322 2602 id
1348 2571 1441 2612 quo-l
1467 2580 1508 2602 ex
1525 2581 1588 2603 an—

898 2621 993 2660 tiquo
1032 2621 1334 2659 Commentatore,
1376 2621 1432 2660 qui
1478 2621 1588 2651 versi-

897 2669 1013 2701 valum
1038 2672 1208 2701 Graecum
1234 2670 1473 2710 adscripserit,
1503 2670 1588 2710 peti—

897 2721 968 2750 tum
993 2718 1142 2750 vids-tur.
1176 2739 1179 2741 -
1235 2718 1427 2759 suet-ubam]
1453 2718 1496 2748 de
1518 2727 1586 2759 quo

898 2768 1095 2800 Athenaeus
1132 2769 1165 2805 l,
1206 2769 1242 2799 27
1279 2779 1318 2798 a:
1361 2766 1583 2800 παλαιοῦται

895 2815 989 2858 μετὰ
1015 2815 1125 2850 ἱκανὰ
1149 2813 1224 2858 ἔτη.
