1997 3219
727 219 802 250 ΗΒ.
830 219 884 249 lll.

932 220 968 249 (1.
997 218 1092 250 xvn.
1547 212 1614 254 441

644 630 952 670 cmm
991 629 1168 668 RVH·

469 768 556 810 Aeli
588 774 754 810 vetusto
785 766 938 809 nobilis
970 766 1022 808 ab
1053 766 1200 812 Lamo,
1233 789 1287 794 —

275 918 374 950 XVII.
411 919 516 950 Inser.
545 917 634 958 volg.
681 917 730 948 Ad
761 917 887 948 Aeliam
919 916 1087 954 Lamiam,
1125 916 1160 946 et
1192 915 1242 947 sic
1278 914 1390 946 BbST.
1427 932 1463 937 —
1490 914 1576 947 Aelio

234 968 367 1000 Lamiae
390 976 420 999 c.

229 1103 328 1145 XVII.
370 1104 519 1135 Carmen
544 1104 713 1144 seriptum
741 1102 879 1134 videtur

189 1152 234 1184 ad
258 1153 292 1184 L.
318 1151 455 1184 Aelium
478 1154 634 1184 Lamiam
667 1154 710 1193 (v,
743 1152 804 1184 Od.
838 1152 849 1183 i
870 1177 875 1190 ‚

187 1202 239 1233 26.
289 1202 356 1234 Cfr.
383 1203 469 1243 Epp.
498 1203 538 1242 4,
567 1202 624 1241 ili,
651 1202 715 1241 6.),
742 1211 811 1233 non
834 1201 878 1233 ad

186 1252 261 1282 eius
284 1250 427 1283 fratrem
444 1252 626 1289 Quintum,
652 1252 750 1283 euius
767 1252 879 1283 exstat

186 1308 351 1332 nummus
376 1309 457 1332 cum
481 1301 726 1341 inscriptione:
767 1310 798 1338 Q.
817 1308 878 1331 AE-

184 1357 269 1381 st.
305 1359 333 1380 L.
364 1357 396 1380 F.
426 1358 536 1381 LAMJA.
572 1358 678 1382 mrm.
710 1359 739 1381 A.
776 1358 807 1381 Α.
845 1358 876 1381 A.

184 1407 215 1429 F.
246 1407 278 1430 F.
307 1399 432 1438 (Riecio
455 1400 501 1430 M.
527 1399 563 1430 F.
589 1400 626 1430 R.
652 1408 686 1439 p.
713 1399 743 1430 6.
770 1399 805 1430 Τ.
833 1399 876 1438 4,)

189 1448 276 1487 (Quo
319 1450 479 1488 tempore
526 1449 761 1489 compositum
811 1448 874 1487 sit,

187 1497 410 1536 ignoramus;
452 1496 604 1528 nonnulli
643 1496 799 1528 referunt
833 1497 877 1528 ad

185 1554 216 1576 a.
243 1546 330 1585 734.)
363 1547 518 1577 Lamiam
542 1548 661 1578 autem
683 1555 778 1577 suum
803 1546 874 1586 (Od.

186 1595 221 1631 l,
248 1595 308 1633 ⁶26,
334 1595 379 1634 8.)
430 1595 607 1633 hortatur,
655 1597 692 1626 ut
726 1604 801 1626 cras
835 1605 876 1627 eo

185 1642 328 1675 hilarius
374 1643 469 1676 diem
515 1644 642 1675 festum
694 1643 874 1684 celebret,

185 1694 315 1732 quanto
339 1694 449 1733 magis
474 1702 517 1724 ex
534 1691 771 1735 διοσημείοις
794 1703 878 1734 pro-

186 1741 334 1773 cellosus
357 1743 400 1774 sit
423 1743 579 1775 futurus:
618 1752 708 1783 quae
733 1744 877 1784 quidem

187 1792 299 1831 imago
334 1801 431 1824 mere
464 1793 601 1833 poetica
631 1793 768 1824 videtur
797 1793 876 1825 ideo

187 1841 398 1881 excogitata,
441 1843 478 1873 ut
512 1841 557 1873 ad
581 1841 763 1874 laetiorem
788 1843 876 1874 vitae

187 1898 289 1921 usum
314 1891 466 1922 amicum
491 1892 751 1929 exhortaretur,
789 1901 878 1923 neu-

187 1940 319 1978 tiquam
344 1940 444 1971 saceti
470 1941 535 1972 ioci
559 1940 676 1981 plena,
703 1942 878 1982 quemad-

187 1988 331 2020 modum
349 1989 521 2021 nonnullis
536 1992 651 2022 visum
667 1993 739 2028 est;
758 1992 877 2022 lictum

187 2039 279 2069 enim
305 2038 456 2070 arbitror
481 2041 584 2071 totius
609 2041 773 2071 carminis
805 2042 878 2072 sta-

187 2091 279 2125 tum,
320 2090 357 2118 ut.
385 2098 425 2120 ex
453 2090 610 2129 tempore
636 2089 715 2120 inde
740 2089 784 2120 ab
809 2099 878 2121 uno

186 2137 241 2168 die
266 2138 298 2168 in
323 2136 472 2169 alterum
498 2140 732 2179 compositum
758 2139 878 2170 videa—

186 2188 262 2224 tur,
304 2195 384 2218 eum
421 2190 537 2219 tamen
571 2189 603 2219 in
630 2189 704 2229 ipsa
730 2187 782 2219 illa
808 2199 878 2219 ,τα-

185 2235 354 2279 ngit-95⁰&
388 2246 405 2266 a
438 2236 554 2268 multis
590 2240 730 2269 nostrae
754 2239 878 2269 aetatis

187 2286 322 2316 (Eriticis
347 2285 510 2317 damnata
536 2295 642 2327 quam
663 2288 812 2319 maxime
838 2287 879 2318 li-

187 2336 321 2366 matum
347 2336 401 2366 sit.
454 2336 500 2367 Ex
535 2336 634 2368 solito
666 2339 782 2368 autem
816 2338 879 2368 Ro-

188 2392 370 2415 manorum
405 2385 573 2417 nobilium
601 2395 699 2417 more
733 2387 878 2427 stirpem

188 2442 286 2463 suam
323 2433 480 2465 Graeculi
517 2434 661 2466 alicuius
701 2436 878 2475 genealogi

187 2491 252 2522 ope
271 2481 314 2512 ad
333 2482 425 2513 tium:
454 2482 590 2514 illumve
617 2484 762 2516 beroem
787 2485 880 2516 rese-

188 2532 284 2562 r‹·n‹li
303 2557 308 2569 ‚
336 2533 390 2563 hie
415 2535 510 2564 certe
528 2534 643 2565 Lamia
673 2535 801 2572 (utrum
818 2544 880 2575 per

188 2581 312 2612 fastum
349 2582 542 2621 quendam,
581 2593 623 2614 an
656 2584 718 2614 iori
749 2593 876 2621 rausa,

188 2639 250 2660 nos
300 2631 512 2670 ignoramus)
568 2636 748 2663 aut-torem
795 2642 879 2663 suae

189 2679 335 2711 familiae
361 2681 584 2720 praedicabat
612 2683 773 2717 Lamimi,
812 2683 879 2712 Ne-

189 2729 301 2768 ptuni,
343 2732 379 2761 ut.
415 2731 459 2761 ait
497 2731 712 2767 liustatbius,
753 2730 877 2768 tilium,

190 2778 464 2819 Laestrygonum
480 2790 598 2819 regem
615 2781 748 2820 (odyss.
771 2792 803 2818 κ,
819 2782 853 2811 >lt
872 2791 875 2810 :

929 1099 1067 1143 Λάμου
1099 1097 1191 1132 αἰπὺ
1222 1098 1467 1144 πτολίεθρον,
1505 1098 1621 1142 Τηλέ-

929 1150 1046 1183 πυλον
1084 1149 1148 1191 (die
1183 1150 1260 1181 weit
1296 1150 1363 1180 sich
1409 1150 1616 1181 mimdende:

927 1200 1086 1241 Nilzsch.)
1099 1199 1413 1247 ᾼαιστρυγονίην.
1430 1199 1512 1230 ΡΙίη.
1527 1200 1566 1231 H.
1580 1201 1618 1231 N.

928 1250 959 1288 3,
977 1251 996 1281 5
1014 1259 1020 1280 2
1048 1250 1210 1289 Oppidum
1236 1248 1341 1289 (Latii)
1359 1249 1511 1280 Formiae
1533 1250 1622 1280 Hor—

926 1301 1013 1331 miae
1036 1300 1176 1337 dietam,
1201 1302 1237 1330 ut
1261 1299 1511 1337 exsistimavere,
1536 1299 1622 1330 Lae-

927 1352 1118 1389 strygonum
1146 1348 1245 1379 sedes.
1294 1347 1381 1379 Huic
1410 1347 1512 1388 igitur
1546 1348 1622 1388 opi—

927 1398 1021 1429 nioni
1066 1397 1278 1437 gratificatus
1325 1398 1396 1427 tam
1452 1395 1622 1428 illustrem

929 1447 1179 1488 «prosapiam»
1215 1447 1294 1477 octo
1324 1445 1484 1477 versibus
1509 1444 1622 1477 inclu-

927 1496 990 1535 dit,
1017 1496 1232 1536 digressione
1256 1496 1359 1527 utens
1384 1495 1463 1526 inde
1488 1504 1507 1526 a
1535 1504 1566 1526 V.
1586 1496 1618 1526 ⁶2.

927 1554 1039 1585 usque
1064 1545 1109 1575 ad
1133 1554 1164 1575 v.
1190 1545 1227 1575 9:
1254 1545 1333 1576 Late
1358 1548 1535 1583 tyrannus,
1563 1545 1621 1584 qui

926 1604 982 1626 vv.
1006 1595 1039 1625 in
1065 1593 1289 1639 παρενθὲσει
1305 1595 1396 1625 sunt.
1444 1594 1498 1625 Sic
1515 1594 1622 1625 Mem-

928 1645 985 1675 mii
1009 1653 1028 1675 a
1052 1644 1250 1683 Mnestheo,
1277 1644 1384 1684 Sergii
1409 1653 1428 1674 a
1445 1645 1619 1683 Sergesto.

926 1702 945 1724 a
971 1692 1139 1725 Cloantho
1165 1693 1312 1725 Cluentii
1348 1693 1450 1733 (Virg.
1477 1694 1562 1724 Aen.
1582 1694 1619 1731 5,

928 1743 1141 1783 447—4023.)‚
1177 1743 1243 1774 Atii
1268 1742 1311 1773 ab
1336 1744 1404 1782 Aty
1429 1742 1488 1782 (lb.
1515 1743 1616 1783 568),

928 1792 1066 1825 Mamilii
1103 1801 1168 1834 per
1206 1792 1412 1831 Mamiliam7
1460 1792 1621 1833 Telegoni

928 1842 1052 1880 filiam,
1079 1842 1122 1873 ab
1141 1841 1232 1875 Ulixe
1252 1843 1384 1881 <Festus
1401 1852 1434 1883 p.
1454 1842 1505 1873 97.
1522 1842 1619 1873 Lind.

928 1893 1042 1923 Rieeio
1065 1893 1111 1924 M.
1138 1893 1173 1923 F.
1200 1893 1237 1923 R.
1263 1900 1297 1932 p.
1326 1891 1411 1931 433.)
1437 1893 1503 1923 cet.
1537 1892 1621 1923 Hinc

926 1942 1091 1974 Varronis
1109 1944 1144 1973 et
1162 1941 1283 1981 Hygini
1309 1940 1388 1972 libri
1412 1941 1455 1973 de
1484 1940 1621 1973 familiis

928 1992 1093 2023 Troianis.
1129 1990 1267 2031 (Bitschl
1292 1991 1332 2022 N.
1359 1991 1415 2022 Rh.
1441 1992 1487 2023 M.
1514 1991 1568 2022 VI.
1588 1990 1618 2022 4.

928 2049 1006 2080 pag.
1033 2040 1120 2079 507.)
1168 2038 1331 2070 Similiter
1355 2040 1468 2071 Livius
1495 2041 1506 2070 4
1527 2065 1532 2077 ,
1556 2039 1618 2071 49ι

929 2089 1089 2120 Octavius
1115 2088 1302 2125 Mamilius,
1327 2090 1353 2119 si
1375 2089 1488 2128 famae
1513 2090 1621 2120 credi—

913 2136 1022 2177 Wnus,
1049 2138 1090 2169 ab
1119 2138 1211 2168 Ultro
1235 2139 1358 2177 deaque
1383 2138 1480 2169 Circa
1506 2138 1622 2169 oriun-

929 2189 998 2219 dus.
1048 2188 1133 2219 vide
1158 2187 1285 2219 Eekhel
1312 2189 1350 2218 l).
1369 2189 1407 2218 N.
1430 2188 1466 2218 V.
1492 2196 1526 2228 p.
1544 2187 1618 2219 ⁶242.

929 2236 1092 2269 Simulata
1127 2238 1262 2275 autem,
1302 2237 1334 2268 ni
1370 2236 1481 2274 fallor,
1520 2237 1621 2267 liuius

929 2287 1152 2327 digressionis
1177 2286 1326 2325 gravitas
1351 2286 1543 2317 admodum
1571 2286 1622 2317 se-

930 2337 1015 2368 stive
1056 2336 1242 2377 opponitur
1287 2334 1408 2375 reliqui
1451 2335 1621 2366 earminis

930 2386 1110 2424 hilaritati,
1151 2388 1255 2426 atque
1284 2386 1372 2416 banc
1398 2387 1541 2425 propter
1566 2394 1620 2415 ra-

931 2437 1060 2467 tionem
1082 2435 1262 2467 Ramlerus
1288 2437 1381 2466 recte
1407 2434 1619 2474 eoinparaxit

931 2485 1053 2517 Catulli
1078 2486 1114 2517 C.
1143 2486 1193 2516 Μ.

975 2535 986 2565 4
1010 2552 1026 2556 -
1043 2534 1072 2565 3.
1114 2535 1244 2574 nobilis]
1273 2535 1469 2566 Lamiarum
1496 2532 1619 2564 familia

932 2583 1152 2615 nobilissimis
1184 2583 1491 2615 adniiiiierabatur.
1539 2583 1616 2612 Tar.

933 2636 1017 2664 Ann.
1044 2635 1082 2671 6,
1108 2634 1170 2664 27:
1215 2634 1351 2664 Lamiae
1375 2641 1476 2672 {lenus
1492 2649 1509 2653 -
1526 2632 1620 2662 (leco-

932 2692 1016 2713 rum.
1067 2684 1183 2714 iuven.
1211 2684 1246 2720 t‘»,
1273 2684 1350 2713 3855:
1390 2682 1560 2720 Quaedam
1583 2682 1621 2710 ‹11-

932 2741 1066 2763 numero
1091 2733 1283 2763 Lamiarum
1307 2741 1346 2762 ac
1371 2731 1509 2762 nominis
1532 2731 1610 2762 alli.

933 2782 1013 2813 item
1044 2781 1073 2813 l,
1107 2781 1174 2813 liii.
