1997 3219
335 170 416 213 692

881 172 1048 205 HORATH
1075 174 1242 206 EPoDoN

616 276 806 317 Minusve
839 275 1008 331 languet
1036 276 1280 318 fascinum?

557 355 682 406 Quod
712 362 758 397 ut
787 355 976 412 superbo
1012 370 1221 412 provoces
1254 357 1307 399 ab
1339 358 1528 414 inguine.

614 437 701 479 Ore
733 435 1053 478 allaborandum
1085 444 1149 479 est
1182 437 1268 479 tibi.

419 594 469 624 20.
498 592 762 624 adlaborandwn
786 593 820 624 B.

332 735 486 767 studium
508 735 652 768 affectas
670 736 775 776 atque
794 743 916 767 severa
935 735 1025 766 Stoi-

331 794 453 816 corum
470 785 599 825 scripta
612 793 784 825 reponere
798 783 890 816 soles
906 784 940 815 in
952 782 1027 824 pul—

330 834 418 866 villis
444 835 510 865 tuis
531 834 668 872 sericis,
696 834 859 865 credisne
883 834 1027 874 propter

330 884 421 915 hanc
433 883 626 915 litterarum
634 882 894 914 simulationem
907 891 963 914 me
978 883 1026 913 tui

331 942 451 965 amore
477 941 684 965 exarsurum
711 933 814 964 esse‘?
838 933 888 964 De
917 932 1027 963 temet

331 984 404 1024 ipsa
429 991 576 1023 quaero,
604 990 689 1013 num
711 982 814 1022 putes
837 982 1026 1022 propterea

329 1033 443 1063 minus
467 1032 574 1072 rigere
591 1030 744 1072 (frigere,
770 1029 922 1071 torpere)
948 1039 1028 1061 ner-

330 1090 392 1113 vos
410 1089 528 1119 mem,
555 1081 614 1121 qui
630 1079 897 1121 philosophiam,
917 1088 1025 1120 quam

330 1132 366 1162 tu
391 1132 563 1169 ostentas,
593 1137 818 1170 nequaquam
844 1130 1022 1160 curante»

1717 439 1770 478 ‘20

1077 733 1317 767 Dubitationes
1350 735 1393 767 de
1425 736 1459 766 h.
1486 735 1506 767 l.
1534 737 1634 767 natae
1660 744 1699 767 ex
1727 746 1768 767 eo

1075 783 1255 823 videntur,
1293 784 1389 825 quod
1422 793 1455 816 v.
1480 785 1589 825 rigere
1620 793 1769 825 accepe—

1076 834 1157 864 runt
1190 842 1253 874 pro
1289 835 1439 874 arrigere
1474 837 1647 872 naturam,
1689 842 1770 865 eum

1075 882 1233 922 languere
1256 883 1438 923 significet.
1468 901 1503 905 —
1528 882 1688 923 Minusve]
1714 881 1769 913 alii

1075 932 1262 971 minusque,
1287 933 1325 963 ut
1348 931 1479 972 ubique
1501 932 1536 963 in
1552 932 1605 963 his
1622 932 1765 972 partiec.

1076 982 1240 1012 varlatur.
1262 980 1349 1012 Illud
1365 981 1481 1013 firmat
1496 981 1623 1013 Marius
1640 980 1768 1012 Plotius

1076 1039 1109 1071 p.
1135 1030 1210 1062 278.
1237 1029 1339 1061 Gaisf.
1380 1048 1416 1052 —
1451 1030 1608 1071 superbo]
1646 1030 1769 1062 «fasti—

1076 1079 1206 1119 diente,
1240 1079 1354 1111 minus
1371 1078 1619 1120 obsequioso.»
1645 1080 1764 1111 senor.

1079 1146 1113 1152 -
1140 1128 1213 1169 Ore]
1240 1127 1456 1172 magendo.»
