1997 3219
722 221 796 250 Lm.
825 221 876 251 ΙΙΙ.

928 222 963 251 ιῑ.
993 221 1044 251 ix.
1517 221 1596 259 403

659 533 968 572 cml!
1006 533 1105 572 tx.

332 659 474 700 Donec
510 666 653 713 gratus
685 672 802 700 eram
833 657 905 698 tibi

385 739 469 780 Nec
501 739 727 794 quisquam
758 737 897 794 potior
927 736 1100 779 brachia
1131 737 1338 779 candidae,

334 818 497 860 Cervici
532 819 696 860 iuvenis
728 817 875 864 dabat,

386 900 612 940 Persarum
643 898 755 954 vigui
786 911 886 953 rege
917 897 1092 940 beatior.

333 1005 479 1045 Donec
510 1016 592 1045 non
624 1002 705 1044 alia
735 1003 869 1058 magis

387 1084 534 1125 Arsisti
567 1097 708 1139 neque
740 1090 831 1125 erat
860 1082 994 1140 Lydia
1026 1090 1121 1139 post
1154 1083 1331 1129 Chloen,

334 1163 447 1206 Multi
479 1164 615 1220 Lydia
646 1163 827 1206 nominis

387 1246 574 1287 Romana
603 1244 717 1300 vigui
749 1243 902 1286 clarior
934 1243 1019 1285 Ilia.

250 1378 301 1408 lx.
343 1377 451 1408 Iuscr.
479 1374 566 1415 volg.
617 1375 755 1407 Carmen
782 1375 996 1407 amoebaeam
1018 1374 1073 1406 vel
1098 1375 1143 1406 acl
1164 1375 1315 1413 Lydiam.
1346 1391 1379 1396 —
1421 1375 1471 1406 Ad
1495 1376 1561 1414 Ly-

205 1427 295 1456 diam
325 1425 527 1456 meretricem
559 1424 669 1456 BSTc.
710 1442 745 1446 —
787 1426 862 1456 Om.
890 1423 924 1455 b.
969 1441 1003 1448 ψ
1045 1425 1076 1456 5.
1103 1425 1207 1456 aliam
1237 1422 1363 1466 ο,γκξ,
1405 1426 1560 1466 quinque

207 1475 380 1513 Pottierii,
408 1472 517 1505 Bentl.

206 1591 258 1622 lX.
314 1589 558 1622 Reconciliatio
599 1591 730 1630 gratiae
769 1590 860 1621 inter

163 1642 304 1680 poetam
328 1641 363 1671 et
387 1640 548 1671 amicam.
574 1640 766 1670 Amantiam
787 1639 860 1670 irae

162 1690 287 1720 amoris
326 1690 521 1730 integratio,
566 1689 705 1720 Terent.
749 1688 856 1720 Andr.

164 1738 203 1775 3,
222 1738 259 1776 3,
278 1738 330 1770 23.
378 1737 494 1770 Semel
513 1738 578 1769 hac
596 1737 720 1778 dialogi
746 1737 859 1769 forma

164 1796 247 1819 usus
287 1789 356 1826 est,
408 1786 568 1819 bucolica
609 1786 663 1818 illa
703 1788 858 1819 earmina

163 1833 353 1878 ἀμοιβαῖα
375 1836 505 1876 lyricae
541 1837 640 1877 poesi
675 1836 856 1878 adaptans.

164 1886 365 1918 Differentia
395 1888 513 1917 tamen
543 1886 631 1917 haec
656 1888 709 1917 est
731 1895 796 1927 per
819 1894 858 1918 se

164 1936 380 1973 necessaria,
407 1938 444 1966 ut
460 1935 516 1967 hic
533 1943 637 1966 nemo
660 1935 784 1967 sedeat
805 1936 860 1966 iu-

164 1984 230 2015 dex
256 1985 454 2025 praemium
484 1985 606 2015 victori
635 1984 856 2016 decreturus.

164 2033 290 2065 Similis
323 2034 455 2065 formae
485 2036 538 2065 est
564 2032 687 2065 Catulli
716 2034 860 2074 Epitha-

165 2083 307 2115 iamium
319 2092 348 2114 c.
361 2083 413 2114 62.
428 2100 463 2104 —
475 2083 665 2114 Continuas
681 2083 714 2113 in
727 2082 858 2122 Lydiae

164 2133 342 2174 responsis
375 2128 557 2173 αὐξήσεις
587 2131 684 2163 facile
710 2133 858 2172 quisque

165 2191 227 2223 per
256 2191 294 2213 se
323 2182 460 2214 sentiet.
510 2183 603 2213 Haec
635 2183 754 2213 autem
779 2191 858 2213 car-

165 2231 266 2262 minis
283 2230 466 2262 amoebaei
485 2230 589 2262 veluti
612 2230 664 2262 lex
689 2233 781 2269 erat,
808 2233 855 2270 ut,

164 2281 222 2320 qui
248 2281 498 2321 responderet,
525 2280 695 2313 similibus
713 2282 859 2312 senten-

166 2330 219 2360 tiis
243 2332 348 2369 atque
374 2329 602 2369 imaginibus,
637 2329 700 2361 sed
726 2331 857 2362 maiore
882 2349 885 2391 Ι

166 2388 245 2410 cum
275 2379 307 2409 vi
343 2381 447 2418 atque
473 2382 546 2410 arte
572 2380 747 2420 expressis
771 2379 859 2411 alte-

165 2436 242 2458 rum
268 2428 408 2459 vincere
433 2430 631 2459 conaretur.
659 2429 744 2468 (Quo
767 2430 858 2460 tem-

166 2486 250 2518 pore
276 2478 508 2517 compositum
534 2478 592 2515 sit,
631 2478 856 2517 ignoramus.)

208 2527 239 2557 Ξ.
266 2526 295 2557 3.
319 2526 439 2566 potiar]
467 2526 730 2565 urivaiismeus,
750 2536 856 2567 quem

166 2578 200 2606 tu
225 2574 333 2616 pluris
359 2575 546 2607 faciebas.»
594 2576 701 2616 Epod.
725 2577 781 2613 15,
803 2576 854 2607 113:

166 2625 236 2655 Non
264 2625 346 2664 seret
371 2624 534 2664 (Flaccus)
561 2626 712 2656 assiduas
735 2626 858 2664 potiori

166 2678 195 2704 le
217 2674 298 2705 ‹lare
320 2678 436 2706 noctes.
467 2692 493 2696 —
513 2674 623 2715 dabat]
647 2675 679 2706 in
697 2683 748 2715 pr.
767 2677 853 2706 orat.

165 2723 402 2754 rircumdabat.

211 2771 238 2803 li.
289 2772 596 2813 Persarum-reye]
644 2773 700 2805 Est
750 2772 855 2804 veluti

908 1589 1148 1631 proverbium.
1198 1590 1349 1630 Hybrias
1373 1592 1407 1622 in
1432 1591 1544 1623 Scolio
1568 1602 1602 1633 p.

909 1639 983 1671 877.
1002 1640 1115 1680 Bergk
1131 1649 1137 1670 :
1157 1637 1304 1680 Πάντες
1319 1639 1412 1683 γόνυ
1431 1639 1605 1683 πεπτηῶ-

908 1697 968 1728 τες
991 1684 1094 1730 ἀμὸν
1110 1707 1129 1713 -
1145 1708 1164 1713 -
1180 1688 1455 1734 προσκυνεῡντί
1477 1700 1526 1732 με
1545 1689 1606 1723 δε-

908 1735 1056 1770 σπόταν
1079 1738 1155 1770 Καὶ
1186 1740 1307 1781 μέγαν
1337 1738 1500 1778 βασιλέα
1523 1751 1606 1780 φω-

908 1788 1067 1827 νέοντες.

953 1838 984 1869 5.
1011 1838 1042 1869 6.
1069 1838 1139 1869 alia
1154 1855 1172 1860 -
1188 1839 1314 1880 arsisti]
1340 1840 1474 1871 Dicitur
1489 1841 1608 1872 ardere

909 1889 944 1918 et
968 1887 1080 1926 aliquo
1105 1889 1140 1919 et
1163 1888 1318 1928 aliquem.
1357 1889 1466 1930 Epod.
1493 1889 1545 1929 ⁴4,
1565 1890 1599 1922 9:

909 1936 1023 1967 Samio
1055 1937 1168 1968 dicunt
1198 1938 1316 1969 arsisse
1339 1939 1490 1977 Bathyllo
1512 1939 1606 1971 Ana—

909 1989 1056 2016 creonta.
1104 1985 1166 2017 Od.
1196 1985 1233 2024 4,
1265 1987 1300 2025 9,
1341 1987 1398 2018 43:
1439 1989 1513 2019 Non
1535 1989 1607 2020 sola

909 2038 1053 2074 comptos
1075 2035 1160 2065 arsit
1182 2036 1325 2067 adulteri
1349 2037 1472 2068 Crines.
1521 2037 1607 2069 Illud

909 2083 1068 2115 usitatius
1092 2092 1133 2114 ac
1157 2085 1303 2124 proinde
1329 2085 1409 2116 huic
1426 2087 1608 2127 simplicis-

910 2133 998 2164 simo
1017 2133 1160 2164 carmini
1178 2135 1302 2174 aptius.
1330 2136 1484 2167 Firmant
1500 2137 1605 2169 etiam

908 2183 1063 2223 potiores
1089 2183 1248 2214 Codices.
1296 2184 1405 2214 Aliam
1421 2187 1537 2217 ortum
1554 2189 1608 2217 est

910 2240 951 2262 ex
965 2232 1199 2271 geminatione
1213 2234 1394 2273 sequentis
1408 2233 1554 2266 litterae.
1569 2253 1604 2258 -

909 2284 982 2312 erat
1001 2299 1019 2304 -
1034 2285 1109 2320 post
1132 2281 1265 2322 Chloen]

909 2329 1076 2362 Chloae.»

952 2380 982 2410 7.
1009 2380 1040 2411 8.
1068 2379 1224 2421 nominis]
1250 2381 1512 2421 Imperitissime
1538 2391 1605 2413 nu—

908 2437 972 2469 per
985 2437 1160 2460 nonnemo
1173 2431 1250 2470 post
1265 2430 1331 2460 hoc
1344 2438 1420 2461 voc.
1437 2430 1601 2469 distinxit,

908 2480 946 2508 ut
970 2480 1079 2510 esset:
1123 2477 1240 2510 «multi
1266 2480 1414 2510 nominis
1448 2479 1540 2520 apud
1569 2483 1602 2512 te

909 2535 1024 2565 eram,
1053 2528 1108 2567 (et)
1135 2528 1245 2567 vigui»
1272 2530 1338 2559 eet.
1372 2546 1406 2550 —
1434 2529 1600 2570 Botriana]

909 2577 999 2616 «Ego
1023 2575 1204 2617 (libertina)
1231 2577 1357 2608 clarior
1379 2578 1423 2608 iui
1447 2577 1503 2609 ilia
1529 2579 1602 2610 sive

908 2626 976 2657 Rea
1001 2625 1122 2665 Silvia,
1156 2626 1288 2657 Romuli
1318 2628 1448 2664 matre,
1486 2628 1601 2667 regina

909 2674 962 2707 ilia
986 2677 1153 2708 sacerdote
1189 2676 1291 2715 (virg.
1323 2678 1406 2706 Aen.
1439 2677 1473 2714 1,
1512 2676 1599 2716 273.)

1301 2294 1315 2310 «
1326 2283 1606 2323 posthabebatur

907 2725 1142 2757 Romanarum
1156 2724 1405 2756 nobilissima.»
1423 2725 1502 2756 Sine
1516 2734 1601 2756 cau-

907 2783 944 2806 sa
973 2773 1127 2807 nonnulli
1155 2774 1375 2806 offenderunt
1405 2775 1437 2805 in
1468 2783 1499 2805 v.
1535 2775 1599 2805 Ro-
