1997 3219
661 273 736 304 ΗΒΑ
765 273 816 304 ΙΙΙ.

289 377 474 418 Haerere
509 376 716 431 ingenuus
747 390 854 432 puer

867 275 902 304 (ι.
931 273 1044 305 xxiv.
1530 272 1602 312 431

1558 377 1611 415 :ij

341 456 580 512 Venarique
612 457 746 503 timet,
781 456 929 500 ludere
962 457 1143 499 doctior.

287 563 370 602 Seu
403 561 566 604 Graeco
599 561 746 604 iubeas
778 563 923 605 trocho

342 644 426 685 Seu
460 642 579 685 malis
611 644 736 686 vetita
769 643 932 698 legibus
965 643 1075 689 alea,

287 724 391 765 Cum
423 724 595 779 periura
628 724 758 780 patris
791 722 896 766 [ides

340 804 590 846 Consortem
621 803 785 846 socium
816 803 927 845 sallat
959 809 1000 844 et
1032 803 1241 859 hospitem

287 908 548 965 indignoque
580 908 805 964 pecuniam

341 988 495 1031 Herodi
527 995 739 1045 properet.

1558 806 1612 845 oo

803 987 971 1031 Scilicet
1002 988 1222 1044 improbae

257 1103 310 1133 59.
343 1103 462 1141 peiura
492 1101 528 1132 T.
558 1119 592 1122 —
620 1100 672 1132 60.
701 1100 888 1132 Censor-tem
916 1104 945 1132 ct
971 1101 1095 1132 socium
1127 1100 1282 1133 malebat
1306 1100 1492 1133 Bentleius.
1531 1121 1565 1125 —

213 1152 351 1191 hospites
365 1152 400 1184 Τ,
428 1159 552 1182 omnes
568 1149 740 1187 Blandin.,
759 1149 822 1191 βγι
840 1158 942 1181 «cum
960 1149 1076 1181 multis
1094 1149 1202 1181 aliis.»
1220 1151 1364 1191 Recepit
1379 1150 1566 1183 Bentleius.

170 1254 257 1285 sent,
284 1251 370 1290 quod
392 1251 528 1281 haerere
552 1251 583 1281 in
609 1259 644 1281 eo
668 1258 768 1281 senex
786 1258 866 1288 pos-

170 1303 232 1339 set,
258 1300 423 1331 admirari
438 1299 630 1331 solebamus.
666 1299 763 1330 ovid.
784 1299 863 1330 Met.

171 1348 209 1387 i,
246 1349 310 1381 26:
347 1350 461 1388 pando
496 1358 560 1380 non
592 1349 724 1389 fortiter
756 1348 867 1379 haeret

171 1399 279 1430 asello.
307 1398 375 1430 Csr.
395 1397 639 1438 Dillenburger
653 1407 688 1439 p.
707 1397 760 1429 33.

214 1448 266 1480 57.
304 1448 356 1479 58.
397 1448 528 1479 Seu——
545 1447 669 1489 trocho]
713 1447 864 1479 «Contra

171 1498 302 1539 optime
327 1499 488 1529 versatus
518 1499 571 1529 est
595 1497 629 1528 in
653 1498 786 1528 Graeco
810 1495 865 1527 illo

171 1547 282 1579 trochi
306 1545 423 1578 ludo.»
473 1547 633 1584 Trochus,
659 1547 734 1577 rota
750 1545 867 1577 ferrea

171 1605 252 1628 cum
287 1595 399 1628 anulis
433 1595 705 1637 crepitantibus,
759 1603 867 1635 quam

170 1646 269 1677 radio
304 1654 332 1678 s.
370 1646 466 1685 virga
502 1646 615 1677 ferrea
645 1646 867 1685 circumage-

173 1695 266 1727 bant.
316 1694 460 1726 Martial.
489 1694 546 1733 44,
577 1694 659 1726 ⁴69:
702 1694 868 1726 Garrulus

172 1745 202 1775 in
239 1744 319 1775 laxo
352 1753 413 1775 cur
444 1744 564 1775 anulus
595 1744 672 1775 orbe
692 1743 868 1784 vagatur?

171 1793 270 1825 Cedat
292 1796 326 1824 ut
343 1794 472 1834 aryutis
495 1793 589 1824 obvia
614 1792 711 1824 turba
735 1794 864 1825 trochis.

176 1860 208 1864 —
239 1842 366 1873 Graeco
400 1844 520 1874 autem
555 1843 786 1883 contemptim
821 1842 865 1874 de

170 1899 268 1923 more
292 1892 490 1932 peregrino.
531 1889 792 1937 Κρικηλασίαν
808 1900 868 1923 vo-

171 1940 299 1971 cabant
311 1942 445 1979 Graeci,
466 1941 565 1972 cuius
583 1941 772 1981 imaginem
784 1940 865 1972 vide

172 1991 204 2020 in
222 1989 430 2021 Winckelm.
449 1990 539 2020 Mon.
566 1990 648 2021 ined.
676 1989 707 2021 li.
734 1999 768 2030 p.
788 1990 862 2021 257.

172 2039 326 2079 iuppiter
355 2040 390 2070 et
413 2039 637 2078 Ganymedes
663 2039 786 2070 trocho
810 2037 865 2070 lu-

171 2087 295 2119 dentes
331 2087 366 2118 in
401 2088 512 2119 Museo
538 2088 676 2128 Greyor.
713 2088 749 2118 T.
777 2088 862 2119 XIV.

175 2155 207 2158 —-
224 2137 326 2167 vetita
341 2136 464 2176 legibus
479 2136 564 2177 alea]
590 2137 760 2168 Licinium
776 2137 867 2169 Den—

172 2185 311 2217 ticulam
347 2185 442 2226 lege,
485 2195 575 2227 quae
613 2188 665 2218 est
695 2187 739 2218 de
765 2185 863 2226 alea,

171 2236 447 2268 condemnatum
479 2239 652 2268 memorat
685 2237 755 2268 Cic.
786 2237 866 2268 Phi-

171 2284 251 2326 lipp.
272 2286 316 2322 2ν
331 2285 383 2323 23,
409 2286 462 2317 56.
489 2286 586 2317 Ovid.
606 2287 705 2317 Trist.
726 2287 760 2325 2,
780 2286 837 2318 47⁴
857 2296 862 2316 :

170 2337 252 2365 Sunt
281 2335 357 2365 aliis
379 2335 543 2374 scriptae,
577 2335 693 2374 quibus
715 2335 789 2367 alea
813 2336 866 2366 lu-

171 2384 277 2422 ditur,
296 2387 404 2414 artes:
427 2384 515 2415 Ilaec
531 2387 576 2415 est
598 2385 642 2415 ad
659 2388 785 2415 nostros
800 2394 865 2416 non

171 2433 236 2464 lere
266 2433 389 2464 crimen
418 2441 506 2463 avos
555 2433 593 2463 V.
620 2434 748 2465 aleator
777 2435 866 2465 inter

173 2482 321 2513 maxima
349 2483 423 2513 erat
439 2481 639 2523 opprobria.
674 2484 745 2514 Cic.
765 2483 861 2515 Catil.

175 2532 207 2568 Ξ,
248 2532 304 2569 10,
341 2530 400 2562 ’23ῑ
441 2531 477 2561 ln
506 2531 555 2562 his
581 2532 734 2572 ¹qreqibus
756 2540 866 2563 omnes

173 2580 350 2618 aleatores,
376 2588 485 2611 ‹mmes
500 2581 657 2620 adulteri,
681 2590 790 2613 omines
804 2582 865 2613 im—

168 2630 248 2669 puri
272 2630 492 2669 impudicique
515 2634 699 2662 versantur.

214 2679 266 2709 59.
307 2679 388 2709 Cum
407 2678 562 2719 periura]
604 2681 702 2711 «Nec
735 2681 862 2712 mirum

172 2736 252 2759 cum
287 2730 405 2768 patres
441 2729 502 2769 ipsi
540 2728 712 2760 bonarum
736 2730 863 2761 artium

172 2778 335 2818 expertes
364 2780 583 2809 mercaturae
613 2779 714 2810 unice
739 2782 865 2811 vacent

173 2828 205 2856 et
231 2828 398 2866 quaestus
427 2836 532 2859 causa
565 2828 721 2868 peierent
754 2829 865 2860 omni-

288 2887 395 2916 iloiur
431 2896 490 2915 roi,
525 2888 532 2915 1
587 2897 626 2917 izi»
662 2897 760 2918 >imon
787 2890 830 2917 ΙΙΙ,

917 1257 985 1289 que
1022 1247 1153 1281 fraudis
1184 1256 1313 1288 genere
1340 1251 1482 1281 utantur
1507 1251 1612 1283 etiam

917 1298 1087 1330 adversus
1104 1299 1265 1339 proprios
1284 1299 1434 1330 socios.»
1467 1317 1501 1321 -
1531 1309 1615 1339 per-

917 1347 993 1378 iura
1013 1347 1109 1388 fides]
1152 1347 1311 1388 «periura
1336 1347 1445 1386 sacta,
1488 1349 1614 1382 crebro

915 1397 1069 1438 periurio
1088 1396 1250 1434 violata»,
1277 1398 1315 1427 ut
1331 1396 1394 1428 Od.
1416 1397 1428 1428 t
1447 1423 1453 1435 ‚
1474 1397 1532 1435 48,
1552 1399 1610 1430 to:

915 1446 1102 1485 Arcanique
1134 1447 1214 1486 fides
1248 1446 1403 1486 prodiga.
1462 1447 1614 1486 (Dictum

917 1498 971 1528 est
993 1498 1113 1527 autem
1138 1493 1236 1527 κατὰ
1260 1493 1474 1541 πρόληψιν·
1507 1505 1614 1529 «eum

917 1546 1006 1578 fides
1029 1547 1126 1587 prius
1151 1547 1288 1578 sincera
1320 1546 1461 1587 periura
1491 1548 1615 1587 postea

917 1595 1008 1627 facta
1033 1596 1132 1635 est»)

960 1645 1012 1676 60.
1056 1645 1244 1677 Consortem
1277 1645 1416 1686 socium]
1464 1645 1499 1676 id
1539 1647 1611 1685 est,

918 1695 1045 1726 «sortis
1059 1695 1213 1733 socium,
1235 1695 1259 1726 Τ
1257 1694 1421 1726 heithabcr
1439 1695 1493 1726 des
1502 1694 1615 1726 Hand-

915 1744 1185 1786 tunqscapitats.»
1233 1743 1322 1775 Alibi
1357 1752 1441 1776 sane
1479 1752 1613 1776 consors

917 1793 1141 1833 distinguitur
1164 1801 1184 1824 a
1206 1793 1305 1824 socio.
1347 1793 1418 1824 Cic.
1444 1793 1540 1824 Brut.
1571 1794 1608 1824 t:

916 1843 1041 1874 socium
1069 1845 1098 1874 et
1120 1845 1303 1874 consortem
1325 1843 1461 1883 9loriosi
1491 1842 1614 1874 laboris

917 1892 1106 1923 amiseram.
1155 1891 1224 1923 Sed
1259 1892 1323 1923 tria
1357 1892 1392 1923 h.
1423 1890 1445 1922 l.
1482 1900 1613 1932 genera

917 1943 1090 1980 statuere,
1115 1944 1316 1981 consortem,
1334 1941 1546 1982 participem
1563 1943 1613 1973 to-

917 1991 984 2023 tius
1015 1991 1215 2032 patrimonii
1242 1999 1311 2021 non
1341 1991 1431 2022 inter
1457 1990 1612 2030 singulos

917 2039 1005 2071 filios
1029 2039 1159 2071 a110sve
1177 2039 1374 2071 coheredes
1402 2039 1521 2079 divisi,
1548 2041 1612 2071 sed

917 2089 950 2120 in
993 2097 1182 2119 commune
1225 2088 1456 2120 administrati
1507 2089 1611 2128 (unde

915 2146 1048 2168 consors
1090 2137 1196 2168 etiam
1230 2146 1294 2178 pro
1329 2136 1434 2168 fratre
1471 2138 1612 2178 ponitur

916 2186 989 2218 Tib.
1031 2187 1068 2224 2,
1301 2187 1434 2218 Moenia
1470 2187 1613 2218 consorti

918 2234 1073 2275 (Romulis
1099 2244 1163 2266 non
1186 2235 1368 2266 habitanda
1391 2235 1530 2277 Remo),
1556 2245 1610 2267 so—

914 2286 1002 2317 cium
1032 2285 1066 2316 in
1097 2285 1340 2325 negotiationis
1365 2284 1547 2316 dumtaxat
1577 2288 1612 2318 et

914 2334 1012 2366 lucro
1038 2336 1073 2366 et
1096 2334 1247 2371 damno,
1275 2334 1416 2366 tertium
1439 2335 1606 2374 hospitem,

915 2385 1030 2417 minus
1053 2385 1229 2425 poeticum
1254 2384 1404 2416 videtur.

1109 2187 1147 2224 5,
1187 2185 1249 2218 ⁶24:

957 2435 1010 2466 64.
1026 2433 1078 2465 62.
1093 2433 1304 2475 lndiqnoque]
1316 2435 1436 2475 utpote
1449 2433 1605 2466 aleatori.

917 2501 951 2506 —
967 2484 1146 2523 pecuniam
1158 2483 1352 2524 -propereq
1376 2492 1500 2524 »quam
1519 2484 1609 2515 citis-

914 2533 1002 2565 sime
1015 2534 1189 2572 corradat,
1205 2535 1425 2566 coacervet.»
1438 2552 1469 2554 ---
1486 2533 1610 2572 impro-

913 2583 983 2624 bae]
1009 2584 1156 2615 «nimiae
1181 2585 1286 2624 atque
1305 2583 1420 2614 studio
1446 2583 1605 2621 improbo,

915 2632 1097 2664 insatiabili
1117 2634 1150 2664 et
1163 2632 1375 2665 avidissimo,
1394 2633 1515 2672 partae
1534 2640 1608 2664 cre-

913 2683 1015 2714 scunt
1042 2682 1074 2713 in
1109 2682 1362 2717 immensum·›;
1403 2681 1606 2721 neutiquam

911 2740 1013 2762 vero:
1043 2730 1198 2763 «sceiere
1224 2731 1404 2770 quaesitae
1429 2731 1536 2770 atquc
1561 2731 1603 2761 ati

911 2779 1026 2812 scelus
1051 2781 1310 2819 instiganti-ae.»
1337 2780 1432 2810 Cous.
1453 2787 1543 2819 quae
1560 2779 1604 2810 de

912 2830 978 2861 boc
991 2830 1058 2862 atii.
1070 2830 1312 2861 adnotavimus
1325 2829 1367 2860 ad
1383 2828 1444 2859 Od.
1460 2828 1490 2864 3.
1507 2829 1600 2865 922.

1307 2891 1335 2917 :u
