1997 3219
698 150 778 182 ΜΒ.
803 150 858 180 lv.

907 151 944 180 (ἶ.
971 151 1054 182 xlv.

1547 146 1628 187 (315

528 253 736 310 Auspiciis
767 252 928 310 pepulit
957 252 1184 300 secundis,

419 363 684 420 Spectandus
715 364 755 405 in
785 364 1014 407 certamine
1045 364 1214 411 Martio,

415 445 577 487 Devota
610 445 732 487 morti
762 451 935 502 pectora
967 443 1127 487 liberae

474 525 650 576 Quantis
689 525 880 582 fatigaret
909 525 1065 576 ruinis3

528 605 757 648 Indomitas
786 618 920 662 prope
951 604 1089 662 qualis
1118 605 1254 647 undas
1578 606 1631 646 ‘20

280 726 329 757 46.
357 725 497 765 reppulit
522 725 554 761 S,
581 725 665 756 redit
689 725 759 763 (sic)
784 725 821 756 T.
861 742 895 747 -
937 724 985 755 49.
1013 724 1179 764 fatiyarat
1203 723 1244 762 b,
1271 732 1322 765 pr.
1350 725 1383 761 S,
1401 723 1470 763 βκ,
1506 725 1587 764 sati-

234 775 323 815 yam'l
347 775 368 805 d
394 776 428 806 et
451 783 542 805 corr.
569 774 610 810 S,
639 774 687 804 uti
710 772 854 804 volebat
877 774 916 805 N.
943 773 1118 805 Heinsius.
1148 791 1184 796 —
1222 774 1275 805 020.
1301 774 1482 806 Indomitus
1505 775 1530 805 T
1555 776 1586 806 et

234 823 410 856 Bentleius
435 824 649 856 coniectura.

193 931 325 960 tantam
349 928 462 960 solum
480 927 543 959 illis
561 927 698 959 cladem
715 926 883 965 intulisse,

192 979 358 1018 quantam
394 978 457 1018 ipsi
493 976 680 1014 dederant,
720 976 784 1008 sed
819 976 886 1008 du-

191 1026 300 1068 plam,
337 1027 405 1058 lioc
429 1029 497 1065 est,
536 1035 615 1058 eam
640 1035 707 1058 non
736 1024 885 1066 simplici

192 1076 437 1108 reddentem.»
473 1077 635 1107 Ponrnrn.
675 1075 781 1114 «Quia
806 1074 886 1115 plu-

191 1134 249 1157 res
287 1126 441 1157 bostium
479 1126 737 1166 prostraverat,
778 1133 885 1165 quam

192 1183 348 1213 tsuorum
369 1174 527 1214 militum)
555 1174 771 1215 perdiderat3
798 1175 886 1206 Dru-

189 1233 249 1256 sus
273 1225 365 1256 enim
391 1223 505 1256 laesus
528 1224 656 1265 placari
691 1233 759 1255 non
783 1225 886 1264 pote-

189 1276 259 1311 rat,
297 1274 362 1305 nisi
397 1273 526 1314 duplex
560 1273 624 1305 illis
654 1274 798 1305 inferret
821 1273 885 1304 da-

189 1331 347 1354 mnum.»
387 1323 498 1355 Comi.
527 1324 629 1360 Caro.
670 1324 719 1355 De
751 1323 884 1354 rariore

189 1373 450 1404 constructione
489 1373 566 1412 plus
601 1374 672 1404 vice
708 1381 771 1413 pro
810 1372 886 1411 plus

189 1430 289 1460 quam
319 1423 388 1453 vice
419 1423 480 1454 cfr.
507 1422 701 1454 Firnliaber
728 1422 762 1453 in
791 1421 885 1452 Zim-

188 1471 385 1502 mermanni
408 1471 529 1502 lecht·.
558 1471 653 1503 4840.
680 1480 713 1512 p.
742 1469 836 1502 4244.

233 1518 285 1551 44.
321 1529 424 1560 grave
451 1521 628 1562 proelium]
662 1521 761 1551 Hunc
785 1528 881 1550 num.

188 1568 275 1608 sing.
301 1577 468 1608 premens
494 1570 558 1601 Fea
577 1569 757 1601 contendit
779 1577 884 1610 prae—

190 1617 349 1649 cedentia
389 1619 597 1659 exponenda
640 1627 742 1650 esse:
785 1627 883 1649 «non

188 1675 258 1698 uno
295 1666 447 1707 proelio,
495 1677 565 1699 non
610 1676 678 1699 uno
719 1667 882 1698 conflictu

188 1717 323 1748 Drusus
347 1716 536 1748 debellavit
559 1718 745 1749 Genaunos
773 1717 883 1748 Breu-

189 1774 340 1805 nosque,
373 1774 454 1797 cum
478 1768 598 1797 contra
623 1766 781 1798 Tiberius
812 1774 882 1797 uno

189 1815 284 1853 gravi
301 1813 433 1855 proelio
450 1814 619 1846 devicerit
635 1816 773 1853 Raetos,
794 1822 882 1855 quos

189 1862 347 1904 pluribus
383 1863 578 1895 minoribus
613 1872 683 1895 non
722 1864 883 1904 potuerat

189 1913 324 1944 Drusus
336 1913 497 1953 quamvis
511 1922 627 1944 acer.»
663 1913 795 1944 Verum
814 1921 882 1944 non

190 1963 401 1994 meminerat
414 1963 532 1994 Dionis
549 1962 606 2000 54,
630 1963 698 2001 22„
718 1962 777 2002 qui
794 1962 883 1994 haec

190 2011 293 2042 tradit
317 2011 360 2043 de
385 2011 599 2043 Neronibus:
633 2007 883 2050 Ἐσβαὶόντες

189 2054 259 2092 οὖν
282 2059 320 2100 ἐς
343 2057 412 2102 τὴν
448 2060 583 2116 χώραν
608 2058 696 2101 (τῶν
716 2057 883 2100 Ραιτῶν)

189 2108 429 2148 πολλαχόθεν
452 2105 534 2152 ἅμα
560 2106 787 2165 ἀμφότεροι,
813 2105 883 2142 αὐ-

188 2160 249 2191 τοί
282 2169 320 2190 τε
350 2160 415 2191 καὶ
445 2157 507 2191 διὰ
535 2158 609 2191 τῶν
640 2155 883 2205 ὑποστρατή-

188 2219 284 2250 γων,
320 2210 384 2241 καὶ
416 2204 508 2252 ὅγε
540 2208 711 2255 Τιβεριος
735 2210 799 2240 καὶ
821 2206 883 2241 διὰ

188 2257 257 2299 τῆς
300 2258 433 2302 λιίινης
472 2258 619 2300 πλοίοις
662 2259 880 2314 κομισθείς,

189 2303 267 2339 ἀπό
302 2318 340 2340 τε
374 2306 511 2341 τούτου
546 2306 784 2350 κατεπληξαν
812 2304 883 2341 αὐ-

189 2354 297 2396 τούς,
327 2353 378 2397 ὠς
402 2355 579 2398 ἑκάστοις
603 2359 715 2397 σφίσι
739 2369 882 2400 σιμιιι-

189 2404 360 2448 γνύντες,
401 2404 491 2447 τούς
522 2417 562 2439 τε
599 2404 658 2439 ἀεὶ
692 2407 732 2447 ἐς
755 2411 883 2462 χεῖρας

195 2451 370 2497 α’ᾳικνοι
369 2466 435 2488 uzi
438 2466 521 2496 ους
548 2453 594 2489 οὖ
612 2454 798 2496 χαλεπῶς,
816 2451 883 2489 ἅτε

188 2504 486 2547 ὀιεσπασιιέναις
499 2509 582 2546 ταῖς
593 2503 776 2547 δυνάμεσι
790 2517 884 2552 χρω-

188 2557 341 2597 μένους,
355 2553 653 2600 κατειργάσαντο
666 2554 743 2588 κτλ.
769 2558 881 2597 Atque

189 2606 332 2637 omnino
357 2607 458 2645 poeta
485 2606 517 2637 li.
545 2605 566 2637 Ι.
593 2614 739 2637 numero
761 2604 881 2646 plurali

191 2663 271 2686 cum
297 2655 343 2686 uti
369 2664 436 2686 non
463 2657 596 2695 posset,
619 2655 781 2694 proelium
797 2664 883 2686 com-

191 2704 316 2736 mittere
339 2713 402 2745 pro
424 2704 539 2735 bellum
563 2713 674 2743 (serere
690 2705 879 2744 usurpavit.

679 823 806 862 (Ceteri
830 822 901 854 mei
924 823 1129 863 indomitas.)

982 928 1096 959 47-20.
1131 928 1346 969 Spectandus]
1376 928 1544 968 «dignus,
1572 930 1631 969 qui

937 978 1158 1017 spectaretur
1175 979 1269 1015 tunc,
1289 986 1369 1009 cum
1384 978 1543 1018 faligjaret
1556 987 1629 1016 eos,

936 1026 1070 1065 magnis
1111 1025 1268 1059 cladibus
1311 1027 1488 1067 frangeret
1526 1028 1631 1067 atque

935 1075 979 1107 ad
1005 1076 1290 1116 desperationem
1314 1076 1525 1116 redigeret.»
1568 1078 1633 1109 Ce-

936 1126 1050 1156 terum
1086 1122 1166 1156 nota
1210 1124 1497 1166 negligentiorem
1528 1127 1631 1159 liuius

934 1182 1061 1205 versus
1086 1183 1287 1211 caesuram,
1315 1184 1422 1215 quam
1449 1177 1568 1207 tamen
1587 1185 1631 1208 ne

934 1222 1110 1255 Bentleius
1146 1224 1289 1264 quidem
1324 1224 1563 1265 reprehendit.
1594 1243 1628 1248 —

933 1272 1218 1314 morti-liberae]
1253 1273 1377 1304 «exitio
1409 1283 1487 1306 sese
1519 1275 1632 1306 devo-

934 1322 1076 1360 ventes,
1101 1323 1140 1353 ut
1163 1321 1287 1354 saltem
1312 1321 1411 1354 liberi
1433 1324 1538 1364 atque
1556 1324 1632 1355 ani-

935 1370 1002 1401 mis
1026 1370 1142 1402 invicti
1170 1373 1428 1403 morerentur.»
1469 1373 1543 1410 Quo
1575 1373 1632 1404 Ti-

934 1419 1024 1451 berii
1058 1420 1204 1452 victoria
1239 1421 1350 1452 maior
1389 1420 1630 1463 difficiliorque

935 1470 1120 1509 appareat,
1148 1469 1306 1509 egregias
1331 1469 1491 1502 hostibus
1512 1470 1632 1502 tribuit

934 1517 1068 1549 laudes.
1106 1536 1141 1540 —
1177 1519 1369 1560 Indomitas]
1406 1520 1630 1552 «Furentes.»

934 1568 1054 1599 Senot..
1075 1568 1204 1606 «Quae,
1221 1569 1306 1600 dum
1320 1577 1379 1600 eas
1396 1573 1542 1608 memet,
1565 1569 1631 1609 (Sic

934 1615 1146 1660 γυμνάζειν.
1167 1618 1307 1650 Charito
1324 1627 1402 1659 pag.
1424 1619 1496 1651 469,
1515 1620 1626 1661 Lips.:

934 1663 1076 1707 αὐτοὺς
1108 1665 1342 1710 γυμνάσασα
1371 1665 1433 1700 διὰ
1465 1665 1534 1711 γῆς
1565 1669 1630 1701 καὶ

932 1715 1156 1760 θαλάσσης.)
1195 1717 1367 1750 violenter
1390 1719 1511 1759 agitat,
1549 1728 1631 1751 cum

933 1768 973 1799 iis
997 1766 1159 1806 luctatur,
1186 1768 1314 1799 Auster
1338 1768 1410 1807 <0d.
1439 1769 1472 1806 4,
1493 1769 1528 1806 4,
1549 1768 1627 1808 45.),

933 1817 1130 1848 saeviunt.»
1176 1815 1297 1848 Tibull.
1323 1817 1361 1855 2,
1387 1817 1423 1856 3,
1449 1816 1508 1849 48:
1536 1817 1632 1850 Clau-

934 1866 980 1897 dit
1011 1869 1041 1897 et
1072 1866 1266 1897 indomitum
1295 1867 1395 1898 moles
1421 1875 1525 1898 mare.
1573 1868 1630 1898 In-

934 1915 1074 1946 domitus
1098 1915 1161 1947 etsi
1185 1917 1304 1956 potest
1327 1915 1394 1947 dici
1419 1917 1525 1947 etiam
1547 1925 1631 1948 ven-

935 1965 1009 2000 tus,
1059 1964 1096 1994 ut
1141 1972 1374 2004 quaecunque
1419 1964 1536 1996 furore
1576 1965 1629 1996 fe—

935 2014 1058 2043 runtur
1083 2011 1191 2052 (Ovid.
1218 2013 1360 2044 lleroid.
1380 2014 1438 2051 45,
1457 2013 1493 2044 9:
1524 2014 1627 2053 Uror,

933 2065 967 2093 ut
992 2062 1158 2093 indomitis
1180 2062 1289 2102 iqnem
1311 2062 1535 2094 exercentibus
1558 2064 1629 2094 Eu-

934 2112 981 2143 ris
1016 2113 1110 2150 cet),
1147 2110 1370 2143 nihilominus
1405 2112 1438 2142 h.
1465 2111 1485 2143 l.
1512 2113 1627 2153 potius

934 2170 965 2192 v.
991 2161 1099 2192 undas
1133 2161 1278 2201 requirit
1311 2159 1484 2192 ἐπίθετον
1519 2170 1627 2201 quam

932 2211 1048 2242 Auster
1077 2218 1140 2250 per
1164 2218 1202 2241 se
1227 2208 1410 2241 violentus.
1439 2210 1625 2242 -Ceterum

935 2258 1164 2291 memorabile
1197 2260 1250 2291 est
1281 2268 1299 2290 a
1332 2258 1416 2290 Cod.
1448 2259 1626 2291 Turicensi

933 2310 1009 2340 Sec.
1035 2309 1074 2340 X.
1102 2308 1300 2341 confirmari
1330 2307 1474 2340 Bentleii
1507 2309 1627 2340 conie-

936 2361 1072 2390 cturam
1096 2358 1285 2389 ludowicus.
1314 2376 1349 2380 —
1371 2366 1477 2397 prope
1508 2358 1626 2399 qualis]

935 2409 1030 2439 «Non
1047 2408 1189 2438 memini
1207 2415 1264 2439 me
1282 2407 1374 2447 apud
1394 2406 1525 2438 bonum
1543 2410 1627 2447 poe-

934 2459 1004 2488 tam
1029 2455 1144 2496 legere
1164 2465 1271 2496 prope
1293 2455 1348 2488 vel
1376 2456 1444 2496 sere
1467 2456 1500 2487 in
1525 2464 1624 2488 com-

934 2506 1123 2546 paratione.
1163 2506 1235 2538 lloc
1259 2506 1381 2538 minuit
1405 2506 1622 2545 gravitatem,

933 2554 1022 2586 adeo
1046 2557 1084 2587 ut
1107 2556 1255 2593 imagine
1280 2555 1395 2587 minus
1419 2555 1623 2593 afficiamur,

934 2605 1051 2637 moniti
1078 2614 1152 2636 rem
1177 2605 1414 2645 comparatam
1438 2613 1505 2636 non
1522 2603 1623 2645 plane

934 2656 1049 2686 tamen
1067 2663 1145 2687 csso
1163 2653 1329 2692 similem,
1356 2653 1418 2685 sed
1444 2662 1553 2695 prope
1571 2662 1627 2685 ac—

934 2703 1072 2736 cedere.
1124 2705 1242 2744 ltaque
1271 2712 1395 2744 prosae
1421 2703 1620 2743 scriptores
