1997 3219
366 222 379 264 l
390 224 443 264 96
869 223 1034 254 llORATll
1062 221 1283 253 CARMINUM

781 381 816 416 E
845 379 889 415 Χ
918 381 949 417 C
978 380 1016 417 U
1044 380 1082 416 R
1108 380 1138 415 S
1166 380 1205 416 U
1233 380 1262 414 S
1318 380 1373 414 ΙΙ.

944 486 993 516 Αι)
1017 494 1049 515 v.
1077 484 1215 515 117-20.

451 579 656 612 incredibile
688 580 757 616 est⁷
795 563 881 617 quot
910 578 1128 617 quantasque
1159 574 1281 607 turbas
1307 576 1398 607 totus
1423 575 1478 606 iiic
1504 574 1602 607 locus
1628 576 1797 606 excitarit.

364 639 428 669 Res
452 644 537 667 vero
562 633 766 675 simpliciter
789 633 877 664 haec
904 634 983 675 estz*
1006 631 1206 670 Necessitas,
1241 630 1323 669 dea,
1350 632 1425 671 ipsa
1450 640 1531 662 cum
1555 630 1648 671 apud
1672 632 1800 661 Roma—
1828 634 1832 637 '

363 701 426 724 nos
451 700 520 723 non
545 689 733 727 coleretur,
760 689 816 720 hie
834 690 971 726 tamen,
998 695 1068 727 quo
1090 686 1226 718 comitis
1244 687 1413 717 Fortunae
1431 687 1535 726 atque
1552 686 1695 725 Athrpae
1712 685 1800 717 illius

363 749 529 779 Etruscae
554 747 672 786 partes
699 745 801 784 digne
827 744 1034 780 sustineret,
1073 743 1178 774 certis
1207 741 1419 782 quibusdam
1444 740 1619 773 attributis
1644 741 1799 772 ornanda

363 805 449 841 erat,
475 803 514 833 ut
537 801 639 841 digna
663 800 849 832 exsisteret
872 799 946 830 eius
971 796 1274 843 προσωποποιῑά.
1323 798 1514 838 Propterea
1544 797 1607 828 has
1631 797 1800 836 imagines

362 857 602 895 adumbravit,
639 856 782 887 secutus
813 853 869 885 vel
899 854 1082 894 proprium
1111 854 1328 892 φαντασίας
1358 853 1528 893 impetum
1560 851 1614 883 vel
1639 853 1800 883 veterum

362 912 536 944 artificum
561 920 686 952 opera,
713 910 745 941 id
772 909 867 950 quod
892 910 1029 941 certum
1054 908 1178 941 saltem
1205 911 1257 940 est
1282 909 1315 939 in
1339 909 1441 939 clavis
1464 906 1527 939 illis
1545 908 1738 945 trabalibus,
1767 907 1800 937 in

361 967 489 1008 quibus
514 968 631 998 tamen
657 965 852 998 subsistere
878 974 961 996 sane
986 973 1056 996 non
1072 965 1220 1005 poterat.
1268 964 1376 1004 Magis
1392 963 1513 1004 utique
1532 962 1685 1002 volgatas
1702 971 1802 1003 prae.-

360 1022 447 1054 bere
479 1023 509 1054 ei
538 1022 711 1063 potuisset
740 1021 867 1052 Accius
900 1020 993 1061 apud
1019 1020 1089 1051 Cic.
1117 1019 1161 1050 de
1187 1020 1341 1061 Orat.53‚
1378 1019 1436 1051 44:
1474 1019 1692 1049 exsultantem
1721 1021 1750 1048 te
1773 1022 1801 1048 et

355 1079 595 1119 praefidentem
626 1077 682 1108 tibi
705 1077 893 1116 Reprime‘nt
922 1076 1053 1109 validae
1085 1076 1193 1115 lequm
1216 1082 1370 1108 ΗΑΒΕΝΑΕ
1394 1078 1492 1113 atque
1515 1075 1632 1113 imperi
1656 1074 1802 1104 insistent

358 1142 448 1166 mco.
498 1134 590 1170 Quas
615 1132 759 1172 quidem
786 1131 956 1171 imagines
981 1131 1045 1161 etsi
1071 1129 1280 1162 cumulatius
1308 1129 1454 1161 fortasse
1479 1138 1585 1169 quam
1603 1128 1799 1169 oportebat,

360 1189 552 1229 congessit,
586 1187 621 1218 id
646 1189 764 1218 tamen
789 1187 973 1218 assecutus
998 1188 1068 1223 est,
1104 1186 1143 1216 ut
1166 1194 1253 1225 quas
1279 1184 1432 1224 elegerat
1455 1185 1508 1216 his
1533 1186 1697 1224 quattuor
1720 1193 1802 1215 ver-

360 1244 478 1278 siculis
504 1242 800 1283 complecteretur
824 1243 929 1282 atque
955 1241 1038 1272 satis
1063 1240 1260 1280 elegantem
1285 1240 1385 1272 nobis
1402 1242 1614 1280 proponeret
1630 1240 1801 1280 picturam

359 1300 549 1342 poetieam.
598 1300 671 1330 Iam
702 1298 925 1329 notissimum
958 1297 1028 1335 est,
1066 1296 1110 1327 ab
1139 1296 1192 1328 his
1217 1305 1324 1336 quam
1349 1297 1500 1327 maxime
1526 1296 1683 1327 diversas
1709 1304 1800 1328 esse,

360 1357 468 1387 immo
495 1363 573 1386 esse
599 1353 731 1385 debere
757 1352 931 1383 artificum
957 1361 1082 1393 opera:
1111 1352 1161 1383 sie
1183 1361 1303 1382 manus
1327 1353 1415 1383 ae‘na
1439 1360 1508 1383 non
1526 1352 1636 1391 magis
1655 1351 1801 1391 exprimi

359 1411 497 1451 poterat
520 1418 539 1440 a
563 1410 695 1450 pictore
719 1407 775 1438 vel
798 1417 817 1438 a
842 1407 1018 1447 sculptore
1044 1416 1150 1447 quain
1173 1404 1217 1437 τὸ
1243 1405 1408 1451 χρύσεον
1423 1426 1441 1430 -
1459 1405 1525 1446 τᾶς
1549 1405 1664 1445 Δίκας
1690 1402 1799 1447 ὄμμα

360 1464 540 1506 Sophoclis
571 1464 665 1505 apud
696 1463 860 1495 Welcker
884 1463 1011 1494 Grteeh.
1047 1463 1185 1502 Tragyo'ci.
1213 1472 1245 1503 p.
1274 1463 1347 1494 166.
1406 1464 1515 1494 Aeres
1545 1464 1664 1493 autem
1695 1462 1799 1493 totius

358 1522 516 1561 picturae
552 1520 829 1560 reprehensores
854 1518 1062 1549 exstiterunt
1085 1519 1215 1549 summi
1247 1519 1451 1549 Germaniae
1486 1518 1565 1555 viri,
1601 1517 1744 1557 Lessing
1769 1517 1802 1547 in

359 1577 556 1607 Laocoonte
590 1575 687 1615 (Opp.
715 1574 770 1605 ed.
797 1574 940 1605 Laehm.
968 1573 1021 1604 Vl.
1048 1582 1126 1613 pag.
1156 1573 1243 1613 443.)
1270 1575 1304 1604 et
1328 1573 1463 1604 Herder
1492 1574 1562 1613 (fiir
1584 1573 1699 1603 schone
1725 1573 1799 1603 Lm.

360 1641 392 1662 u.
418 1631 523 1662 szst
554 1630 608 1663 IV.
641 1638 674 1670 p.
704 1629 919 1671 siff—itii),
957 1638 976 1659 a
1008 1629 1135 1661 Metide
1170 1628 1225 1660 illa
1257 1629 1450 1669 Speneiana
1482 1629 1609 1669 partim
1642 1628 1800 1666 excitati⁷

360 1687 489 1728 partim
513 1685 733 1726 aliquatenus
759 1685 915 1725 decepti;
943 1693 961 1715 a
988 1683 1115 1724 quibus
1140 1684 1307 1715 heroibus
1333 1684 1530 1715 conturbati
1555 1693 1595 1714 ac
1624 1685 1803 1715 transver-

360 1751 440 1774 sum
470 1742 537 1772 aeti
569 1741 786 1772 recentiores
820 1739 974 1771 nonnulli
1007 1740 1230 1771 Grammatici
1265 1740 1358 1771 hunc
1390 1739 1507 1770 locum
1532 1740 1801 1779 interpretantes

362 1795 660 1828 inextricabilibus
691 1797 804 1827 semet
833 1796 897 1835 ipsi
923 1794 1184 1827 diiiicultatibus
1209 1796 1448 1833 irretix·e1·11nt;
1487 1795 1658 1835 imprimis
1683 1794 1715 1825 in
1741 1803 1802 1825 ex-

362 1851 531 1892 plicandis
555 1861 609 1883 VV.
638 1851 776 1882 {zi-el..

766 2091 1254 2130 ExcnRSUS
1308 2092 1389 2127 111.

936 2193 985 2222 An
1011 2200 1064 2221 vv.
1093 2192 1128 2222 “lsi
1141 2190 1234 2222 —'24.

455 2271 626 2312 Equidem
652 2272 683 2302 in
710 2280 751 2301 eo
778 2270 973 2309 elaboravi,
1007 2273 1044 2302 ut
1068 2279 1174 2311 quam
1198 2269 1453 2310 simplicissima
1480 2278 1558 2301 mea
1584 2271 1677 2301 esset
1701 2270 1802 2300 huius

367 2328 434 2360 loci
459 2327 644 2368 expositi03
671 2335 737 2357 nec
762 2325 953 2365 quidquam
978 2334 1070 2357 nunc
1095 2325 1305 2357 difficultatis
1329 2326 1362 2356 in
1380 2334 1421 2356 eo
1438 2326 1552 2356 video.
1600 2324 1662 2356 Alii
1681 2327 1801 2356 contra

367 2384 400 2414 in
426 2381 552 2413 eodem
577 2380 820 2412 incredibilem
844 2381 877 2411 in
895 2381 1039 2412 modum
1057 2382 1259 2412 aestuarunt
1277 2390 1429 2421 eumque
1448 2381 1657 2412 coniecturis
1674 2381 1802 2411 misere

366 2438 602 2474 vexaverunt,
629 2438 666 2467 ut
691 2435 847 2467 Clerkius
872 2436 915 2467 ad
941 2437 1068 2467 Lucan.
1093 2444 1170 2476 pag.
1191 2436 1248 2467 53:
1275 2445 1332 2467 nee
1354 2436 1475 2467 socium
1495 2436 1654 2476 abnegat,
1683 2435 1804 2465 Utcun-

369 2502 430 2533 que
459 2495 589 2523 titulata
618 2494 762 2531 potentes
789 2492 897 2522 Mente
924 2492 1012 2529 cet.‚
1051 2500 1107 2522 nec
1131 2491 1279 2522 comilem
1302 2491 1469 2531 (tbneyans
1491 2490 1709 2527 Praedffiow,
1748 2499 1804 2521 nec

369 2549 517 2580 comitem
557 2547 700 2587 abnegyas
731 2546 963 2577 Doederleinii
1005 2545 1206 2587 discipulus.
1268 2546 1336 2577 Sed
1374 2547 1453 2577 ante
1489 2553 1629 2582 omnes,
1667 2545 1724 2584 qui
1760 2545 1803 2575 dc

370 2604 403 2634 h.
424 2602 443 2634 1,
463 2602 613 2643 legatur⁷
641 2601 765 2641 dignus
788 2602 841 2632 est
864 2601 1056 2639 Bentleius,
1085 2602 1143 2642 qui
1168 2602 1445 2641 ingeniosissime
1472 2601 1503 2631 id
1522 2601 1606 2640 egit,
1634 2601 1669 2630 ut
1687 2598 1804 2631 locum

371 2667 439 2689 non
464 2658 552 2689 adeo
578 2658 776 2688 intricatum
802 2657 906 2687 nimia
932 2656 1120 2687 subtilitate
1150 2656 1367 2687 obscuraret.

460 2712 632 2744 «Difficilis
657 2712 834 2752 quidem»,
861 2712 987 2752 inquit,
1024 2712 1098 2743 «liic
1126 2711 1223 2743 locus
1248 2711 1447 2751 multosque
1466 2719 1533 2742 non
1550 2719 1675 2750 parum
1693 2710 1800 2741 torsit.

372 2768 468 2807 Spes,
496 2768 621 2808 insunt,
648 2771 678 2799 et
700 2768 785 2799 bona
808 2767 900 2798 Fides
922 2767 1092 2806 fortunam
1116 2767 1191 2798 colit
1214 2771 1243 2799 ee
1266 2767 1460 2797 comitatur:
1494 2769 1528 2796 al.
1553 2766 1665 2805 missus
1688 2769 1717 2796 e!
1741 2774 1805 2796 me-
