1997 3219
306 153 387 194 368

812 158 980 190 HORATII
1007 159 1230 194 CARMINUM

473 258 557 301 Sed
588 259 690 315 quid
722 260 948 317 Typhoeus
981 268 1022 303 et
1051 262 1216 304 validus
1255 264 1426 309 Mimas.

471 341 549 381 Aut
580 340 682 395 quid
716 340 865 382 minaci
900 341 1331 399 Porphyrionstatu.

526 419 638 470 Quid
668 419 854 462 Rhoetus
885 420 1130 477 evolsisque
1162 424 1320 465 truncis
1688 427 1740 464 555

582 499 820 542 Enceladus
852 500 1056 543 iaculator
1087 502 1227 544 audax

471 604 625 646 Contra
655 611 876 647 sonantem
908 605 1093 648 Palladis
1125 607 1277 663 aegida

470 685 649 726 Possent
679 685 889 727 ruentes?
909 669 1026 728 ,Hinc
1056 687 1206 729 avidus
1238 689 1349 731 stetit

388 821 440 852 55.
466 822 582 852 noetus
598 821 622 852 B
639 846 645 859 ,
673 822 790 852 Rlzetus
805 821 868 861 bc,
895 823 1012 854 Rethus
1028 824 1048 854 S
1065 849 1071 863 ,
1098 826 1194 856 Belus
1211 825 1249 864 d,
1276 826 1418 857 Rhoecus
1435 827 1511 858 LCt.
1546 828 1596 867 (Ut
1619 837 1693 861 nos,

346 870 395 910 Τ.)
416 888 449 892 -
472 870 699 911 (scripturam
715 871 829 902 evolsis
845 873 879 903 et
896 872 948 904 59.
973 873 1135 905 Volcanus
1150 875 1241 906 inter
1256 883 1357 906 meos
1374 875 1521 915 praebet
1539 885 1557 907 e
1575 876 1694 916 solus.)

344 987 396 1018 53.
425 987 607 1028 Typhoeus]
649 986 859 1030 (Τυφωεύς)
896 989 991 1021 Pind.

301 1037 400 1077 Pyth.
428 1038 464 1075 4,
488 1038 546 1068 115:
572 1035 672 1068 θεῶν
696 1036 898 1079 πολέμιος,
925 1040 997 1071 Τυ-

299 1083 383 1125 φώς
407 1084 774 1131 ἑκατοντακάρανος·
816 1085 882 1118 τόν
906 1097 997 1119 ,τοτε

299 1134 468 1188 Κιλίκιον
490 1135 637 1180 θρέψεν
661 1134 912 1178 πολυώνυμον
935 1133 999 1168 ἇν-

298 1194 399 1229 τρον·
424 1195 491 1216 νυν
507 1194 548 1226 γε
563 1182 641 1226 μὰν
655 1203 670 1208 -
684 1201 699 1207 -
714 1186 826 1217 κίων-
838 1183 997 1231 οὐρανία

299 1235 450 1272 συνέχει
473 1231 659 1273 Νιφόεσσ’
684 1233 809 1267 Αἴτνα.
855 1235 993 1277 Olymp.

298 1283 336 1321 4,
363 1284 393 1314 7.
436 1284 593 1323 (Antrum
617 1283 701 1315 illud
726 1285 779 1315 est
806 1285 996 1324 Corycium

300 1334 333 1364 in
370 1332 499 1364 Cilicia.
548 1334 717 1373 Pompon.
755 1333 842 1365 Mela
871 1335 909 1373 4,
942 1335 992 1366 43.

300 1382 439 1413 Curtius
453 1382 471 1413 3
484 1407 491 1420 ,
509 1382 574 1421 40.)
600 1381 822 1422 Pind.F1-gm‚
841 1383 992 1415 Boeckh.

298 1430 360 1462 Ed.
387 1431 471 1462 min.
491 1439 524 1471 p.
544 1431 601 1461 ⁹224
624 1440 630 1461 z
657 1431 776 1473 Κείνῳ
792 1430 863 1472 μὲν
879 1430 995 1463 Αἴτνα

298 1476 440 1522 δεσμὸς
480 1476 713 1525 ὑπερφίαλος
748 1476 991 1521 Ἀμφίκειται·

298 1548 317 1553 -
340 1525 467 1560 -Ἇλλ’
508 1526 589 1568 οἶος
623 1525 793 1560 ἄπλατον
827 1528 995 1575 κεράὶζες

298 1577 398 1610 θεῶν
448 1577 594 1617 Τυφῶν’
640 1578 994 1625 ἑκατοντακάρανον

298 1624 457 1670 ἀνάγκᾳ,
484 1625 553 1659 Ζεῦ
579 1626 712 1673 πάτερ,
742 1628 810 1659 Εἰν
830 1625 993 1674 Ἀρίλιιοις

299 1679 400 1710 ποτε.
427 1677 522 1709 Iliad.
537 1676 564 1715 β
577 1702 584 1713 ἢ
600 1678 674 1709 Ἶ82.
690 1678 854 1718 Aeschyl.
876 1681 990 1711 Prom.

298 1729 372 1760 372.
432 1728 522 1767 Virg.
557 1730 642 1758 Aen.
669 1728 706 1765 9,
733 1728 813 1759 745:
854 1730 994 1760 durinn-

299 1786 360 1816 que
397 1776 518 1813 cubile,
555 1776 699 1807 Inarime
734 1777 818 1807 Iovis
847 1778 995 1816 imperiis

296 1828 438 1865 imposta
463 1826 618 1864 Typhoeo.
657 1825 832 1858 Terribilis
849 1828 994 1867 Typho-

298 1876 350 1907 nis
368 1876 482 1914 imago
501 1876 613 1906 exstat
629 1875 660 1906 in
677 1875 833 1907 Gerhard
854 1877 990 1917 Vaseny.

298 1926 351 1955 111.
379 1924 414 1954 T.
442 1924 656 1955 CCXXXVII.
684 1925 770 1955 Vide
789 1926 869 1956 Exc.
896 1927 936 1957 ΙΙ.
954 1944 989 1949 -

296 1972 427 2013 Mimas]
454 1973 555 2013 Apud
573 1973 713 2005 Hesiod.
741 1976 834 2005 Scut.
854 1975 894 2006 H.
916 1975 989 2006 486.

298 2023 351 2053 est
375 2022 592 2059 Centaurus3
628 2023 728 2061 Gigas
754 2022 847 2063 apud
872 2024 989 2063 Eurip.

297 2072 368 2102 Ion.
405 2070 498 2107 ’ΞΜ-Ἴ
542 2070 602 2101 ubi
637 2071 746 2103 Pallas
781 2069 848 2103 τὸν
882 2070 992 2103 δάϊον

296 2120 473 2161 Μίμαντα
517 2120 605 2165 πυρὶ
649 2120 888 2152 καταιθαλοῖ.
954 2122 991 2154 Ei

297 2169 472 2208 Prochyta
497 2169 635 2200 iniecta.
685 2169 784 2202 Silius
810 2171 867 2209 4¹2,
895 2170 968 2202 ⁴47.

340 2216 456 2248 54-56.
480 2218 695 2258 Porphyrion]
720 2219 868 2250 Pindaro
889 2220 987 2259 Pyth.

297 2267 336 2304 8,
372 2266 423 2297 47.
468 2268 521 2297 est
561 2265 742 2307 βασιλεὺς
787 2266 987 2310 Γιγάντων.

296 2314 453 2355 Apollod.
480 2316 509 2352 4,
545 2316 576 2355 6,
610 2318 647 2347 ‘Zt
685 2313 775 2356 Διὸς
802 2316 991 2361 κεραυνώ-

297 2374 437 2403 σαντος
452 2360 582 2403 αὐτόν,
603 2362 790 2411 Ἡρακλῆς
806 2365 990 2407 τοξεύσας

296 2410 523 2445 ἀπέκτεινεν.
567 2415 647 2446 Eius
675 2415 862 2455 imaginem
889 2426 991 2457 prae-

296 2462 358 2493 bet
373 2471 435 2493 vas
453 2463 625 2494 Ruvense.
645 2463 799 2495 Avellino
814 2465 928 2496 Bullcc.
948 2466 987 2497 11.

296 2520 330 2551 p.
347 2511 419 2542 406.
442 2528 477 2533 -
495 2512 593 2552 statu]
612 2521 679 2543 non
697 2514 841 2552 statura,
860 2514 923 2545 sed
937 2515 990 2546 est

298 2560 442 2590 «stabilis
455 2561 598 2600 gyradus»
624 2563 869 2601 pugnantium,
896 2564 988 2604 apud

297 2610 453 2640 Tacitum
479 2610 563 2641 Hist.
598 2611 635 2648 2,
662 2610 713 2641 35.
742 2611 811 2642 Liv.
837 2611 894 2650 30,
924 2613 985 2644 ⁴8:

296 2661 384 2688 statu
416 2667 545 2689 movere
578 2659 708 2690 hoslem.
753 2677 786 2681 -—
839 2660 987 2702 Rhoetus]

297 2706 354 2745 qui
379 2705 457 2736 alibi
484 2707 572 2737 inter
596 2708 789 2739 Centauros
814 2716 989 2739 momora-

1048 992 1114 1022 tur.
1141 990 1210 1023 Cfr.
1229 990 1338 1023 Bentl.
1359 992 1402 1023 ad
1419 991 1480 1023 Od.
1500 994 1536 1031 2,
1557 994 1612 1031 49,
1632 994 1684 1025 23.
1704 1012 1737 1017 —

1046 1041 1246 1082 Enceladus]
1282 1043 1476 1082 prostratus
1511 1052 1530 1074 a
1563 1043 1737 1079 Minervag

1048 1091 1078 1121 ei
1112 1091 1220 1122 Aetna
1252 1091 1427 1131 imposita.
1476 1093 1569 1132 Virg.
1595 1094 1680 1124 Aen.
1707 1094 1738 1129 3,

1047 1139 1120 1170 578.
1150 1157 1184 1162 —
1210 1140 1386 1180 iaculator]
1414 1140 1573 1173 «evolsos
1597 1143 1740 1173 truncos

1047 1188 1215 1220 audacter
1239 1188 1443 1221 iaculatus.»

1090 1238 1143 1268 57.
1190 1238 1352 1279 Palladis]
1394 1247 1521 1270 «caeca
1545 1240 1596 1271 vis
1621 1242 1740 1271 contra

1046 1287 1287 1326 sapientiam.»
1309 1306 1344 1311 w
1371 1288 1501 1329 aegida]
1528 1289 1596 1320 Cfr.
1615 1289 1659 1320 ad
1676 1289 1737 1320 Od.

1047 1336 1076 1373 4,
1094 1335 1145 1373 45,
1166 1336 1217 1366 44.
1237 1336 1401 1368 Heinrich
1427 1337 1472 1368 ad
1490 1338 1569 1369 Hes.
1589 1339 1682 1369 seut.
1699 1339 1738 1369 Η.

1045 1384 1120 1415 200.
1146 1383 1218 1415 Val.
1248 1384 1357 1417 Flacc.
1376 1386 1410 1424 3,
1431 1386 1490 1418 88:
1510 1382 1671 1427 'aegisono
1687 1404 1706 1409 -
1723 1406 1741 1411 -

1043 1433 1118 1473 fera
1136 1437 1270 1472 pectore
1292 1435 1407 1475 vir90;
1434 1435 1494 1466 ubi
1518 1435 1561 1467 de
1579 1436 1736 1473 thorace,

1044 1491 1114 1513 non
1146 1482 1189 1513 de
1223 1482 1336 1523 clipeo
1370 1483 1509 1515 videtur
1543 1485 1738 1524 cogitasse;

1045 1530 1088 1561 de
1114 1530 1225 1571 clipeo
1261 1532 1305 1563 ab
1337 1533 1412 1573 ipsa
1444 1532 1510 1564 dea
1533 1533 1633 1565 hasta
1658 1542 1740 1574 per-

1044 1589 1149 1611 cusso
1170 1580 1213 1611 ad
1230 1582 1403 1612 terrorem
1422 1581 1661 1613 incutiendum
1680 1582 1741 1613 ho-

1044 1628 1156 1660 stibus
1192 1638 1235 1660 ex
1268 1638 1352 1661 vase
1390 1632 1533 1671 antiquo
1566 1631 1738 1671 interpre-

1043 1679 1136 1709 tatur
1151 1679 1304 1719 Bo'ttiger
1319 1679 1489 1711 Amalthea
1512 1681 1536 1711 Ι.
1556 1689 1590 1720 p.
1608 1681 1737 1719 XXXI„

1043 1729 1081 1758 ut
1112 1728 1192 1759 fecit
1221 1729 1326 1760 etiam
1355 1728 1614 1768 Mitscherlich,
1652 1729 1739 1761 affe-

1043 1785 1125 1807 rens
1161 1778 1303 1810 Homcri
1335 1777 1370 1808 11.
1406 1789 1446 1820 ρ,
1487 1778 1572 1809 595:
1608 1775 1676 1819 τὴν
1708 1777 1738 1809 δ’

1043 1823 1210 1866 ἐτίναξε,
1252 1826 1405 1867 clipeum
1444 1826 1511 1858 alte
1547 1827 1736 1861 sublatum:

1043 1884 1084 1906 ac
1109 1876 1158 1906 sic
1182 1884 1328 1915 prorsus
1354 1884 1520 1916 expressa
1545 1878 1598 1907 est
1622 1877 1655 1907 in
1681 1877 1739 1908 Gi-

1043 1925 1286 1964 gantomachia
1310 1925 1404 1965 apud
1422 1924 1580 1956 Gerhard
1601 1926 1735 1966 Vasenq.

1042 1974 1082 2004 II.
1109 1974 1144 2004 T.
1172 1974 1343 2005 LXXXIV.
1374 1991 1408 1996 —
1435 1974 1602 2006 Aristides
1628 1975 1662 2006 in
1680 1975 1740 2007 Mi-

1042 2030 1149 2053 nerva
1185 2031 1218 2062 p.
1247 2023 1296 2053 45.
1332 2022 1458 2055 Dind.:
1500 2022 1657 2065 Λέγεται
1686 2020 1738 2063 ὦς

1042 2068 1169 2112 ἐπειδὴ
1205 2071 1245 2102 οἱ
1275 2072 1451 2114 Γίγαντες
1480 2070 1738 2117 παρετάξαντο

1042 2119 1082 2152 ἐν
1128 2118 1173 2165 τί]
1214 2119 1370 2165 Φλέγρᾳ,
1407 2116 1631 2163 Ἑγκελαόον
1667 2122 1738 2164 μὲν

1041 2170 1106 2200 καὶ
1129 2167 1218 2209 τοὺς
1243 2165 1481 2212 ἡγουμένους
1505 2167 1630 2202 αὐτῶν
1645 2173 1739 2204 κτεί-

1041 2228 1096 2249 νει
1119 2215 1143 2259 ἡ
1167 2216 1270 2258 θεός,
1296 2223 1377 2258 τοῖς
1407 2219 1435 2250 δ’
1469 2216 1599 2260 ἄλλοις
1632 2221 1736 2262 θεοῖς

1041 2264 1170 2310 ὀλίγον
1211 2265 1255 2299 τὸ
1290 2263 1400 2312 ἔργον
1433 2270 1615 2311 γίγνεται,
1656 2270 1736 2302 ἐπεὶ

1040 2317 1104 2348 καὶ
1138 2314 1212 2347 τῶν
1257 2312 1382 2348 ἄλλων
1416 2316 1606 2361 Γιγάντων
1640 2314 1736 2350 ὅσον

1041 2360 1088 2407 ἦν
1111 2363 1314 2410 κράτιστον
1344 2368 1478 2399 κτείνει
1510 2365 1533 2409 ἡ
1557 2365 1648 2408 θεὸς
1671 2364 1737 2400 ἅτε

1040 2415 1104 2446 καὶ
1127 2413 1244 2454 φύσει
1267 2414 1472 2457 πολεμίους
1507 2413 1620 2457 ὄντας
1653 2415 1736 2449 δια-

1039 2462 1232 2509 φερόντως
1245 2461 1480 2508 ἀμυνομένη.
1496 2466 1640 2498 Palladis
1653 2475 1735 2498 cum

1040 2513 1214 2545 Encelado
1238 2516 1422 2555 pugnantis
1446 2516 1633 2555 imaginem
1654 2515 1733 2547 vide

1039 2563 1134 2604 apud
1159 2564 1315 2595 Gerliard
1344 2565 1478 2605 Vaseny.
1504 2566 1528 2596 1.
1555 2565 1590 2596 Τ.
1616 2565 1670 2595 Vl.

1082 2613 1135 2644 58.
1161 2613 1213 2644 59.
1241 2614 1373 2654 avidus]
1399 2611 1637 2654 λιλαιόμενος
1664 2624 1732 2644 ,το-

1040 2658 1184 2702 λέμοιο.
1234 2662 1327 2694 Iliad.
1355 2673 1398 2700 υ,
1425 2663 1488 2695 36:
1519 2658 1729 2702 ’Ἡφαιστος

1037 2728 1052 2732 -
1067 2728 1081 2733 -
1097 2711 1228 2742 σθενεϊ
1246 2710 1491 2752 βλεμεαίνων.
1524 2713 1577 2743 Sic
1595 2713 1733 2745 Tacitus
