1997 3219
753 142 828 173 ini.
858 142 879 172 i.
931 143 967 172 (ι.
996 141 1092 173 xxii.
1553 138 1631 179 132³

279 248 336 279 llis
362 247 526 288 expositis
551 246 624 277 illas
649 245 779 287 aliquot
804 245 980 277 Gaetuliae
1006 248 1135 287 partes.
1163 254 1250 286 quas
1274 246 1336 277 Dio
1356 246 1418 285 (53,
1448 245 1512 285 ²26.)
1534 254 1632 276 com-

191 303 417 340 memoravit,
455 301 500 333 ad
530 301 728 334 Numidiam
764 302 973 342 pertinuisse
1009 303 1121 342 patet,
1159 301 1224 333 sed
1254 300 1479 333 Gaetulorum
1509 302 1631 341 gentes

192 359 297 390 etiam
322 358 437 396 suere,
464 367 554 398 quae
580 356 685 389 colles
710 356 959 397 eonvallesque
985 357 1112 388 montis
1136 356 1298 395 Atlantis,
1325 359 1511 396 utramque
1535 357 1633 388 Mau-

192 414 350 445 ritaniam
371 414 558 453 cingentis,
586 412 802 451 incolebant,
830 422 979 453 quarum
1004 421 1086 453 pars
1111 421 1237 453 magna
1261 413 1408 453 imperio
1432 413 1634 444 Maurorum

192 468 349 510 parebat.
383 470 502 508 ltaque
531 469 645 500 Horat.
672 478 727 500 vv.
754 468 853 500 Iubae
876 468 968 499 tellus
983 486 1001 490 —
1017 468 1136 499 nutrias
1158 467 1213 499 vel
1230 468 1293 499 has
1311 466 1537 499 Gaetulorum
1553 476 1636 507 gen-

193 527 244 557 tes
274 523 329 556 vel
361 533 420 556 eas
447 526 565 565 partes
590 525 817 556 Mauritaniae
851 524 1048 564 significare
1072 523 1228 562 videtur,
1265 531 1356 564 quae
1382 523 1427 554 ad
1451 522 1635 554 meridiem

194 582 402 620 montesque
434 578 622 611 Atlanticos
655 580 833 620 spectant,
870 579 904 610 id
940 579 1035 620 quod
1070 579 1172 619 poeta
1196 587 1228 609 v.
1256 579 1287 610 ⁶2.
1314 579 1445 611 Mauris
1467 578 1585 609 iaculis
1608 581 1637 609 et

193 646 277 667 arcu
301 638 333 667 et
361 636 416 670 23,
450 636 501 667 2¹0.
532 644 587 666 xv.
614 636 709 676 tiqris
741 638 777 666 ut
807 644 928 674 aspera
959 635 1155 666 Gaetulusve
1184 634 1231 665 leo
1263 635 1447 674 expressit.
1485 652 1519 656 —
1547 634 1636 665 Cum

194 695 313 723 autem
348 691 433 723 Iuba
469 692 503 723 et
536 691 648 731 gentis
674 690 871 722 Gaetulicae
907 689 1076 731 plurimos
1111 698 1174 721 suo
1205 690 1353 730 imperIO
1384 690 1581 721 contineret
1604 691 1639 720 et

194 748 379 779 universae
404 747 630 778 Mauritaniae
655 745 819 777 dominus
845 745 955 777 sactus
981 746 1095 783 esset,
1132 745 1324 776 maximam
1352 746 1491 786 partem
1516 753 1639 776 earum

195 805 369 835 terrarum
393 802 547 841 tenebat,
576 803 609 833 in
634 801 762 842 quibus
786 800 905 833 leones
933 800 1092 842 aliaeque
1119 800 1213 832 serae
1238 800 1387 832 aluntur.
1422 801 1508 832 Hinc
1533 801 1639 832 etiam

196 858 290 900 apud
325 859 442 889 Horat.
476 857 538 889 Od.
575 858 611 896 ¹1,
644 857 704 896 b23,
741 857 792 889 110.
835 857 1030 888 Gaetulusve
1064 857 1129 895 len,
1161 856 1223 888 Od.
1258 856 1296 895 3,
1333 857 1392 894 ⁶20,
1430 857 1461 888 ⁶2.
1500 856 1641 888 Gaetula

195 916 309 946 leaena
345 913 390 945 ad
415 912 576 944 Gaetulos
600 912 708 944 Iubae
744 912 802 943 filii
839 920 952 952 aeque
986 911 1172 944 reserenda
1201 912 1365 944 videntur
1394 914 1499 952 atque
1529 911 1639 943 verba

196 969 292 1002 Plinii
320 970 369 1009 (H.
397 970 436 1000 N.
463 971 494 1007 5,
526 969 554 999 l.
581 967 676 1000 med.
703 968 822 1009 ibique
854 967 975 1009 Hard.)
1001 969 1036 999 et
1066 968 1197 999 Horatii
1221 968 1284 1009 Ep.
1309 969 1347 1007 Ξ,
1374 969 1413 1006 2,
1444 968 1517 999 11841.
1542 971 1643 999 vestes

198 1026 334 1058 Gaetulo
357 1025 483 1056 murice
505 1025 625 1055 tinctae
648 1023 693 1056 ad
717 1024 960 1056 Mauritaniam
986 1025 1197 1064 partemque
1226 1033 1306 1056 eam
1331 1023 1507 1056 Gaetuliae
1530 1024 1642 1064 perti-

197 1083 299 1118 nent,
327 1089 417 1121 quae
443 1081 506 1111 sita
530 1079 575 1111 ad
599 1080 821 1111 occidentem
845 1081 909 1112 est.
953 1080 1002 1120 (V.
1022 1080 1170 1117 Schmid,
1182 1081 1217 1111 et
1240 1079 1328 1111 Obb.
1348 1079 1369 1111 I.
1389 1079 1433 1120 e.)
1459 1079 1508 1111 Cf.
1536 1079 1641 1111 etiam

198 1139 320 1177 Pomp.
346 1135 424 1167 Mel.
451 1136 487 1175 3,
525 1136 581 1174 40,
614 1135 645 1167 li.
692 1136 905 1176 Nigr-narum
934 1136 1213 1175 Gaetulorumque
1232 1136 1359 1175 passim
1384 1136 1580 1176 vayantiwm
1602 1143 1642 1166 ne

198 1193 311 1223 littora
335 1192 466 1231 quidem
488 1192 665 1232 infecunda
687 1195 779 1230 sunt,
812 1200 971 1231 purpura
994 1195 1025 1223 et
1047 1192 1172 1223 murice
1195 1192 1428 1232 efficacissimis
1449 1192 1494 1223 ad
1517 1192 1643 1231 cinglen-

199 1249 286 1279 dum.

286 1302 344 1334 His
369 1303 536 1343 expositis
561 1303 589 1334 si
617 1303 696 1343 quis
724 1303 829 1335 situm
856 1304 1090 1343 naturamque
1117 1301 1277 1334 locorum
1305 1303 1338 1334 et
1359 1304 1518 1343 tempora
1535 1310 1643 1333 aceu—

199 1359 275 1389 rate
300 1359 514 1399 respexerit,
539 1357 649 1389 verba
673 1359 756 1390 Hor.
776 1358 875 1389 lubae
898 1358 990 1390 tellus
1007 1359 1093 1396 ete,
1120 1359 1192 1389 sive
1218 1358 1262 1389 ad
1280 1357 1442 1389 Gaetulos
1459 1357 1642 1389 Numidiae

200 1413 336 1446 accolas
371 1414 443 1445 sive
478 1413 523 1444 ad
552 1413 797 1445 Mauritaniam
833 1422 1004 1454 oramque
1040 1414 1148 1445 mar1s
1177 1412 1339 1445 Atlantici
1373 1412 1556 1451 retuleris,
1599 1413 1644 1444 ad

200 1469 325 1501 Iubam
350 1468 459 1501 filium
482 1469 660 1510 pertinere
683 1468 866 1510 probabile
885 1471 947 1501 est.
984 1469 1166 1501 Accedunt
1182 1468 1269 1500 aliae
1288 1477 1415 1500 causae
1432 1469 1547 1500 minus
1564 1478 1645 1509 gra-

199 1534 272 1557 ves.
321 1526 381 1557 Est
405 1525 498 1556 enim
523 1525 756 1563 notissimum,
783 1525 939 1556 carmina
957 1525 1144 1556 Horatiana
1168 1534 1289 1556 rerum
1308 1524 1448 1565 publice
1465 1525 1643 1564 gestarum

202 1581 411 1612 memoriam
445 1579 501 1611 vel
539 1579 697 1612 recolere
732 1579 787 1612 vel
816 1580 1023 1620 significare.
1084 1580 1173 1612 Cum
1203 1589 1308 1621 supra
1337 1580 1530 1612 viderimus
1554 1589 1646 1612 anno

201 1637 274 1667 729.
303 1637 339 1669 U.
368 1637 405 1667 C.
459 1635 566 1667 Iubae
597 1635 665 1667 filio
696 1637 731 1667 et
758 1638 895 1677 partem
927 1636 1028 1677 patrii
1059 1636 1155 1676 regni
1179 1636 1376 1667 restitutam
1401 1637 1437 1666 et
1458 1636 1646 1677 utramque

201 1692 442 1724 Mauritaniam
467 1691 510 1723 ab
535 1693 689 1731 Augusto
714 1691 806 1724 dono
831 1691 950 1723 datam
968 1700 1066 1731 esse,
1093 1701 1162 1723 non
1180 1691 1301 1723 dubito
1319 1693 1402 1732 quin
1419 1692 1486 1723 hoc
1502 1700 1647 1723 carmen

203 1748 330 1779 eodem
360 1756 450 1779 anno
482 1748 651 1788 scriptum
684 1748 746 1786 sit,
784 1756 853 1788 quo
877 1749 1052 1787 Augustus
1075 1748 1263 1788 paternum
1286 1748 1320 1779 in
1344 1747 1467 1779 Iubam
1491 1748 1646 1779 animum

203 1803 386 1844 splendide
417 1803 619 1844 probasset,
658 1804 756 1835 cuius
786 1804 836 1834 rei
867 1804 1076 1835 memoriam
1100 1805 1204 1844 poeta
1228 1812 1370 1834 servare
1394 1802 1502 1835 voluit
1525 1805 1560 1835 et
1584 1812 1648 1834 no-

204 1860 298 1890 mine
323 1859 429 1891 Iubae
455 1857 627 1900 appellato
653 1861 688 1905 et
709 1861 833 1890 natura
856 1860 971 1890 terrae
989 1858 1151 1890 indicata.
1188 1859 1348 1899 Denique
1364 1860 1402 1890 ut
1419 1860 1455 1890 G.
1475 1859 1508 1890 F.
1529 1860 1649 1890 Grote—

206 1913 287 1945 send
313 1915 456 1955 (Erschii
482 1914 624 1954 Encycl.
650 1915 690 1946 X.
716 1923 751 1955 p.
778 1914 865 1955 4711.)
893 1923 1035 1946 carmen
1062 1914 1135 1946 Lib.
1164 1915 1199 1953 l,
1226 1914 1279 1946 ⁶23.
1306 1923 1388 1945 cum
1413 1913 1486 1946 aliis
1511 1916 1648 1946 amato·

207 1970 264 2001 riis
289 1978 380 2001 anno
404 1970 477 2001 729.
504 1969 746 2011 probabilibus
771 1970 897 2002 ductus
922 1972 1035 2003 causis
1061 1971 1262 2011 adscripsit,
1296 1971 1341 2002 ita
1366 1971 1450 2002 mihi
1468 1970 1511 2002 de
1528 1972 1648 2002 nostro

208 2026 362 2057 carmine
387 2024 488 2066 plane
513 2034 723 2066 persuasum
748 2027 834 2057 est.»
