1997 3219
855 195 1023 226 llORATlI
1049 193 1271 225 CARMINUM

680 301 844 355 Usque,
880 311 958 339 nec
988 296 1197 339 Armeniis
1229 296 1270 336 in
1300 295 1405 338 oris.

568 405 710 446 Amice
751 402 885 458 Valgi,
919 409 1000 444 stat
1029 401 1187 458 glacies
1219 401 1332 442 iners

564 486 729 526 Menses
761 497 838 539 per
869 495 1017 524 omnes
1049 488 1121 523 aut
1150 478 1429 536 Aquilonibus

628 566 841 615 Querceta
875 561 1056 618 Gargani
1087 561 1281 603 laborant

681 646 730 686 Et
760 643 869 685 soliis
900 642 1128 684 viduantur
1158 641 1272 683 orni:

569 752 627 793 Tu
659 762 831 805 semper
860 761 989 804 urges
1020 745 1234 789 flebilibus
1266 745 1403 788 modis

566 832 731 888 Mysten
764 829 1029 884 ademptum,
1064 840 1144 869 nec
1174 825 1246 868 tibi
1278 827 1467 881 Vespero

1728 824 1780 865 40

429 988 459 1019 4.
486 995 543 1018 nec
559 984 718 1023 BbSTcd,
738 984 832 1015 LCtF
850 985 884 1014 et
899 981 1024 1014 Bona:
1043 990 1147 1020 neque
1162 981 1206 1014 M.
1229 999 1264 1003 —
1283 981 1314 1012 7.
1334 983 1514 1020 querqueta
1535 980 1577 1019 B,
1603 979 1737 1016 Bland.,

386 1038 422 1067 C.
453 1054 487 1058 —
515 1036 545 1067 8.
571 1035 622 1075 Et]
647 1034 711 1066 Aut
735 1031 755 1064 ὃ
779 1041 833 1073 ap.
861 1032 1001 1063 Kirehn.
1029 1033 1068 1063 N.
1097 1032 1135 1069 Q.
1162 1031 1202 1062 ΙΙ.
1228 1040 1263 1072 p.
1290 1031 1343 1062 56.

341 1178 476 1209 minore
501 1183 583 1207 cum
612 1176 746 1215 impetu
775 1173 918 1211 ssantes3
944 1181 1032 1205 non:

342 1235 453 1267 «quae
480 1233 577 1256 mare
601 1222 785 1264 inaequale
810 1222 996 1254 reddunt.»

383 1293 414 1325 4».
443 1291 623 1332 Armeniis]
655 1292 705 1322 De
734 1291 836 1322 Tauri
867 1291 954 1330 iugis
981 1288 1036 1320 lo—

340 1343 460 1383 quitur
489 1342 663 1382 perpetua
687 1340 765 1371 nive
792 1340 940 1379 opertis,
973 1338 1034 1369 ubi

340 1399 507 1431 magnum
559 1390 665 1430 frigus
719 1390 789 1420 iani
840 1388 1035 1428 Xenophon

342 1440 464 1480 (Anah.
495 1439 531 1477 4,
566 1438 610 1478 4.)
645 1440 680 1469 et
712 1438 839 1469 deinde
871 1437 1035 1469 Lucullus

342 1489 440 1530 (plut.
477 1489 559 1520 Luc.
590 1488 661 1527 32.)
700 1496 781 1519 cum
818 1487 928 1527 copiis
963 1487 1035 1518 suis

341 1539 540 1570 senserunt.
592 1538 714 1577 Aeque
752 1535 837 1568 salso
873 1536 1035 1567 acumine

340 1595 516 1619 nonnemo
539 1586 726 1627 proposuit
744 1585 907 1616 Aemoniis
930 1586 1036 1624 atque

341 1636 427 1668 alius
450 1636 582 1668 Istricos
604 1643 668 1675 pro
692 1635 845 1673 hispidos.

384 1704 456 1736 5-8.
482 1703 557 1745 scat]
577 1702 704 1741 «riget,
732 1702 892 1739 horret,»
918 1702 956 1732 ut
972 1700 1034 1732 Od.

343 1754 377 1791 4,
404 1754 440 1790 9,
469 1753 498 1783 Ι1.
528 1770 563 1774 -
589 1751 687 1792 iners]
712 1751 804 1791 Virg.
833 1752 891 1782 Ge.
912 1751 947 1788 4,
974 1750 1034 1782 94:

339 1803 459 1834 rastris
473 1801 583 1842 glebas
599 1802 656 1840 qui
676 1801 806 1841 frangit
827 1801 946 1831 inertes
972 1799 1038 1840 (die

341 1852 529 1891 samniqen,
566 1853 654 1881 sonst
687 1850 791 1880 ozie-lits
823 1849 1038 1880 hervorbrin-

341 1902 465 1943 yenden
481 1899 655 1939 Scholion).
672 1916 708 1920 —-
725 1900 915 1939 Garganus,
934 1906 1037 1929 mons

343 1949 488 1990 Apuliae
514 1948 670 1979 Dauniae
695 1956 805 1988 prope
839 1947 1034 1988 Sipontum.

345 2018 380 2022 —
405 1998 597 2038 viduantur]
623 1998 658 2028 in
680 2005 787 2037 prosa
812 1997 898 2027 orat.
933 2005 1039 2038 «spo-

343 2048 504 2080 llantur.»

387 2111 417 2141 9.
457 2110 508 2141 110.
545 2109 653 2150 urqes]
690 2109 766 2140 «Tu
801 2109 923 2140 contra
955 2116 1040 2149 per-

343 2160 450 2201 petuo
495 2158 691 2198 insequeris
735 2158 879 2189 maestis
921 2157 1039 2197 elegiis

344 2209 496 2248 Mysten,
523 2216 593 2239 non
617 2206 743 2243 filium,
774 2208 812 2237 ut
835 2206 916 2238 olim
940 2204 1039 2238 multi

345 2257 597 2298 opinabantur,
644 2256 705 2288 sed
750 2264 902 2296 puerum
940 2264 1040 2287 ama—

346 2309 438 2345 tum,
470 2306 531 2337 tibi
561 2306 790 2347 praecipitata
811 2306 933 2336 ‘morte
959 2313 1041 2336 ere-

346 2358 480 2398 ptum.»
563 2356 679 2396 Uryes,
718 2357 754 2387 ut
785 2354 912 2387 crebro
947 2354 1042 2396 apud

347 2405 529 2437 Horatium
555 2405 598 2445 (v,
626 2404 774 2445 Liibker)
794 2407 828 2435 ct
844 2403 938 2444 apud
955 2405 1042 2436 Pro-

348 2456 438 2495 pert.
458 2454 493 2492 4,
514 2454 548 2485 [Μ
565 2479 571 2492 ,
592 2454 603 2485 4
621 2463 626 2484 :
645 2454 776 2493 Desine,
793 2454 916 2493 Paullo,
934 2463 1042 2485 meum

347 2504 494 2535 lacrimis
508 2512 627 2544 umere
638 2504 835 2543 sepulcrum.
853 2521 889 2526 —-
903 2504 1040 2545 Mysten]

350 2553 474 2584 Docuit
491 2553 672 2584 Weichert
686 2560 721 2593 p.
739 2552 814 2583 232.
840 2554 968 2591 Mysiae
984 2562 1045 2584 no-

350 2610 432 2633 men
449 2610 635 2634 servorum
647 2603 683 2633 et
697 2600 905 2633 libertorum
922 2602 1040 2634 fuisse.

351 2652 448 2681 Grut.
483 2651 563 2689 937,
602 2651 639 2682 4:
675 2651 709 2682 P.
745 2650 905 2691 Corfidius
936 2652 970 2682 P.
1006 2652 1040 2682 L.

350 2700 480 2737 Mystes.
496 2699 552 2731 9411
569 2725 575 2738 ‚
595 2700 630 2731 6:
648 2699 776 2739 Popilia
790 2700 915 2738 Mysiis
934 2699 1042 2740 (Adde

1086 1173 1183 1204 nium
1197 1172 1264 1203 Atti
1278 1173 1315 1203 F.
1333 1172 1371 1203 A.
1392 1181 1425 1212 p.
1445 1171 1524 1203 583:
1551 1172 1703 1203 HERMES.
1719 1172 1780 1202 Er.

1084 1223 1229 1254 Mrers.
1256 1222 1430 1254 AEGISTHJ.
1456 1222 1536 1253 Am.
1562 1221 1782 1261 LIB.SE1W1.)

1088 1289 1123 1294 -
1148 1280 1206 1302 nec·
1223 1271 1279 1302 tibi
1299 1271 1445 1312 Vespero]
1465 1272 1606 1303 Servius
1624 1271 1669 1302 ad
1686 1271 1778 1310 Virg.

1086 1323 1145 1352 Ge.
1191 1322 1225 1359 4,
1266 1321 1345 1352 288:
1395 1321 1500 1352 Cinna
1538 1321 1572 1351 in
1613 1320 1780 1359 Smyrna:

1088 1370 1132 1401 Te
1150 1371 1373 1402 matutinus
1393 1370 1556 1410 flentem
1571 1371 1785 1409 conspeoeit

1085 1421 1212 1458 Eous,
1249 1420 1296 1450 Et
1324 1420 1489 1459 flentem
1520 1419 1663 1458 paullo
1679 1420 1787 1450 vidit

1083 1472 1171 1508 post
1186 1470 1387 1508 Hesperus
1402 1469 1515 1500 idem.
1535 1469 1681 1509 Vesperi
1697 1470 1782 1500 ima-

1087 1527 1129 1558 go
1159 1519 1213 1549 est
1240 1519 1274 1549 in
1302 1518 1460 1549 Gerhard
1489 1521 1558 1548 ant.
1596 1518 1713 1549 Rildw.
1745 1519 1781 1549 T.

1086 1567 1231 1598 XXXIX.
1271 1567 1335 1597 Εἰη
1358 1566 1583 1598 schwebender
1604 1567 1783 1607 Junylinq.

1087 1617 1160 1654 der,
1180 1616 1305 1647 obwohl
1318 1616 1484 1656 fliiyellos,
1503 1616 1606 1647 durch
1621 1617 1714 1648 einen
1730 1617 1787 1648 Ῑιϋ-

1086 1666 1166 1696 heroi
1183 1666 1251 1696 und
1267 1666 1359 1696 einen
1380 1666 1551 1696 wiederern
1571 1666 1684 1704 Stern,
1714 1667 1785 1697 ein—

1086 1714 1155 1745 mal
1183 1715 1233 1745 als
1259 1714 1478 1753 Phosphoros,
1515 1715 1575 1745 das
1610 1715 1784 1747 andremal

1087 1763 1167 1794 aber
1197 1764 1247 1794 als
1275 1764 1433 1803 Hesperos
1462 1764 1528 1794 sich
1558 1772 1603 1795 zu
1624 1764 1782 1796 erkennen

1086 1813 1164 1854 yibt.

1132 1863 1145 1892 11
1155 1862 1184 1893 si.
1225 1861 1402 1902 Surqente]
1439 1862 1611 1899 Quoniam
1647 1863 1680 1894 in
1716 1863 1784 1894 hoe

1086 1920 1119 1942 v.
1139 1912 1178 1942 ut
1200 1911 1317 1942 minus
1341 1911 1486 1951 proprio
1511 1911 1656 1942 offendit
1671 1913 1784 1942 Anton

1088 1962 1208 2000 Progr.
1235 1959 1394 1991 Rossleb.
1415 1968 1447 2000 p.
1468 1959 1514 1998 4.,
1542 1969 1623 1992 cum
1649 1962 1784 1999 Ungero

1087 2010 1128 2040 V.
1155 2010 1191 2040 R.
1218 2018 1252 2049 p.
1279 2009 1354 2040 ⁶228.
1382 2009 1577 2049 repetenda
1609 2011 1663 2041 est
1695 2010 1784 2041 Bur-

1089 2059 1208 2090 manni
1239 2058 1416 2089 adnotatio
1446 2058 1491 2089 ad
1514 2059 1606 2099 Virg.
1632 2060 1718 2090 Aen.
1745 2058 1782 2097 4,

1089 2109 1171 2139 352:
1209 2108 1333 2147 quoties
1366 2111 1460 2139 astra
1492 2108 1590 2149 ignea
1625 2111 1784 2149 surgunt:

1091 2158 1204 2188 «astra
1218 2156 1346 2189 crebro
1360 2157 1525 2189 dicuntur
1537 2166 1683 2198 surqere,
1703 2166 1786 2189 cum

1090 2207 1268 2244 oriuntur,
1304 2207 1439 2245 cadere,
1477 2215 1560 2238 cum
1584 2207 1783 2238 occidunt.»

1090 2257 1246 2296 Heynius
1270 2256 1314 2287 ad
1338 2256 1430 2296 Virg.
1450 2255 1520 2288 Ecl.
1541 2256 1577 2295 8,
1604 2256 1657 2288 30.
1679 2275 1714 2279 —
1733 2258 1787 2288 de-

1089 2307 1206 2337 cedunt
1222 2306 1360 2346 amores]
1379 2306 1423 2337 «A
1442 2307 1475 2337 te
1493 2314 1572 2337 sese
1586 2307 1781 2343 removent,

1089 2356 1136 2386 ita
1159 2356 1197 2386 ut
1221 2364 1285 2395 per
1301 2355 1443 2395 aliquod
1460 2354 1584 2387 saltem
1602 2357 1741 2395 tempus
1766 2364 1785 2385 a

1090 2405 1264 2437 maestitia
1287 2413 1412 2443 vaces,
1440 2413 1545 2444 quam
1570 2404 1630 2435 tibi
1651 2405 1791 2443 Mystae'

1091 2455 1261 2486 memoria
1287 2455 1448 2485 excitat.»
1485 2453 1614 2493 Ibycus
1640 2453 1786 2484 Schnei-

1091 2503 1178 2535 dew.
1200 2511 1278 2543 pag.
1301 2503 1352 2534 85.
1376 2503 1488 2542 Bergk
1511 2512 1543 2543 p.
1561 2501 1635 2534 654:
1658 2502 1745 2543 ἐμοὶ
1757 2501 1786 2533 δ’

1080 2547 1195 2596 ΑἿἘρος
1211 2548 1393 2593 οὐδεμίαν
1419 2549 1645 2590 κατάκοιτος
1668 2546 1782 2596 ὥραν.

1092 2601 1198 2633 Multo
1239 2601 1435 2642 languidius
1480 2602 1534 2633 est
1568 2601 1785 2633 Wakefieldii

1091 2651 1228 2683 labores.
1277 2653 1390 2691 Atque
1427 2659 1555 2682 amores
1593 2658 1785 2690 puerorum

1093 2701 1307 2732 delicatorum
1352 2701 1494 2731 omnino
1540 2700 1702 2731 Romanis
1744 2708 1785 2730 ex

352 2748 474 2779 Mai-at.
494 2749 573 2786 {1ssss,
602 2750 630 2779 1¹.
652 2750 687 2780 et
706 2750 810 2780 inser.
831 2748 924 2790 apud
941 2750 1045 2781 Mari-
1096 2749 1270 2788 moribus,
1298 2758 1366 2781 non
1391 2758 1433 2781 ex
1458 2749 1585 2780 nostris
1603 2750 1685 2779 sunt
1701 2747 1786 2779 diiu-
