1997 3219
376 215 419 255 18
881 212 1047 243 aonsxrn
1074 189 1295 243 eminutus

594 318 691 360 Sive
722 324 765 358 tu
796 315 948 371 mavis,
982 314 1164 371 Erycina
1196 312 1361 365 ridens.

592 400 730 449 Quam
759 398 883 439 Iocus
915 396 1077 438 circum
1108 393 1218 436 volat
1248 400 1289 436 et
1320 391 1507 448 Cupido:

595 478 691 521 Sive
723 473 968 533 neglectum=
995 488 1129 531 genus
1162 481 1203 517 et
1233 480 1411 530 nepotes
1752 469 1805 509 333

757 556 950 616 Respicis
981 562 1148 604 auctor,

594 641 686 681 lIeu
717 636 840 678 nimis
871 635 997 691 longo
1030 635 1178 676 satiate
1208 632 1331 681 ludo,

593 720 731 769 Quem
762 717 875 758 iuvat
905 715 1064 758 clamor
1094 713 1330 770 galeaeque
1362 712 1500 760 leves,

370 848 436 887 pita
455 845 553 886 quasi
580 842 671 875 clara
690 840 818 873 nebula
842 840 978 871 ambire
996 840 1063 870 fin-

368 897 491 935 gitur.»
539 893 679 924 Serx‘ius
710 891 754 922 ad
784 892 869 921 Aen.
903 890 933 926 3,
960 889 1061 928 582),

370 953 484 984 neque
510 943 566 974 hic
590 949 707 981 neque
738 939 831 980 apud
855 939 948 979 Virg.
975 939 1060 969 Aen.

367 996 399 1033 ὕ2,
433 993 506 1024 616.
540 992 691 1031 cogitare
721 988 802 1021 licet
830 996 911 1019 cum
936 988 973 1018 G.
999 987 1065 1018 Fa-

368 1043 477 1074 bricio
508 1043 541 1072 et
571 1042 649 1072 Fea.
680 1057 714 1061 -
748 1040 822 1070 Non
854 1038 927 1069 sine
959 1045 1063 1067 causa

367 1093 520 1134 primum
557 1089 774 1121 memoratur
807 1086 944 1127 Apollo,
983 1087 1063 1126 quia

368 1139 533 1182 Apollinis
563 1139 652 1170 tilius
683 1147 701 1169 a
737 1135 910 1168 nonnullis
946 1136 1065 1167 existi—

369 1189 532 1221 mabatur
560 1188 736 1227 Augustus
769 1187 873 1226 (Suet.
900 1185 972 1216 Oct.
997 1183 1064 1223 94.)

369 1241 403 1271 et
427 1239 460 1270 in
484 1238 620 1279 porticu
644 1234 764 1276 templi
780 1234 945 1276 Apollinis
966 1233 1066 1265 Pala-

371 1288 430 1320 tini
446 1287 591 1327 Augusti
616 1286 730 1317 statua
755 1286 830 1315 erat
853 1292 935 1315 cum
951 1284 1067 1315 omni-

369 1338 436 1368 bus
460 1335 626 1376 Apollmis
651 1333 851 1365 Citharoedi
875 1332 1066 1373 insignibus

371 1386 538 1426 (propert.
565 1385 596 1422 (2,
623 1383 676 1422 317
703 1384 734 1414 5.
777 1383 872 1413 Sei-V.
901 1382 945 1413 ad
972 1382 1063 1421 Virg.

369 1434 439 1466 Ecl.
459 1433 490 1472 4,
511 1433 595 1473 10.),
623 1434 727 1472 atque
752 1432 787 1463 in
811 1440 922 1464 coena
947 1440 1068 1463 secre-

369 1485 456 1516 tiore
492 1481 713 1524 ὄωὸεκαθὲῳ
741 1490 806 1522 pro
828 1480 985 1521 Apolline
1010 1490 1068 1512 or-

371 1534 444 1564 nari
462 1531 598 1564 solebat
624 1532 727 1572 (Suet.
748 1532 821 1562 Oct.
841 1531 920 1570 70.)‚
940 1540 1068 1571 quem-

371 1582 564 1613 admodum
596 1582 666 1612 iam
694 1580 784 1611 Sulla
810 1580 977 1612 familiare
1002 1590 1069 1611 nu-

371 1641 453 1663 men
469 1631 644 1662 habuerat
659 1629 853 1670 Apollinem
873 1630 967 1669 (Stat.
987 1629 1066 1661 Silv.

370 1682 401 1719 5,
429 1681 460 1718 3,
486 1680 589 1719 ⁹293).
636 1678 770 1711 Deinde
796 1678 841 1709 ad
863 1681 982 1719 partes
1006 1687 1070 1709 vo—

372 1732 425 1761 cat
442 1730 629 1767 Venerem,
656 1730 836 1768 tamquam
855 1728 1069 1768 genetricem

373 1781 407 1810 et
422 1779 611 1810 Aeneadum
637 1778 785 1817 (Lueret.
812 1778 842 1815 1,
862 1777 905 1816 ll.)
934 1779 967 1808 et
984 1786 1071 1816 gen—

374 1829 415 1859 tis
433 1827 537 1859 Iuliae
556 1836 619 1867 per
635 1825 758 1864 Iulum,
784 1827 923 1857 Aeneae
941 1826 1068 1858 filium:

373 1880 447 1908 tum
465 1877 623 1912 Martem,
651 1876 844 1915 genitorem
870 1875 999 1913 Quirini
1026 1876 1071 1915 (et

374 1926 472 1958 Marti
509 1924 613 1957 Ultori
649 1924 745 1955 necis
782 1924 942 1956 Caesaris
978 1926 1070 1955 tem-

374 1974 471 2016 plum
496 1973 676 2004 dedicarat
695 1973 882 2012 Augustus,
910 1973 966 2013 qui
985 1973 1072 2005 ado-

374 2022 587 2056 lescentulus
604 2022 685 2059 iam,
712 2022 790 2052 vivo
814 2022 995 2053 etiamtum
1014 2022 1072 2053 Ci-

376 2082 522 2111 cerone,
551 2072 710 2103 Caesaris
729 2070 894 2102 ultionem
912 2071 977 2102 sibi
995 2080 1072 2102 ma·-

375 2123 466 2154 xime
483 2121 579 2152 cordi
593 2130 671 2152 esse
686 2120 865 2151 ambitioni
876 2130 1074 2161 suaeprae-

377 2171 547 2204 tenderat.
597 2170 664 2201 Ct‘r.
685 2171 756 2201 Cic.
776 2169 920 2210 Philipp.
955 2170 1006 2208 114,
1033 2171 1070 2202 Q:

374 2222 452 2252 afficit
468 2220 612 2251 (lotorem
628 2220 770 2259 aliquem
786 2220 993 2251 domesticum
1007 2230 1074 2259 pa-

376 2268 656 2309 11·ic10‹›a›·it‹110).·
686 2270 906 2309 postremum
934 2270 1073 2300 Mercu—

378 2319 468 2349 rium
509 2318 563 2358 (de
600 2326 669 2357 quo
705 2326 768 2348 suo
803 2316 890 2357 loco)
930 2319 1073 2358 Augusti

378 2368 488 2398 torma
519 2367 637 2398 induta
669 2367 758 2397 inter
788 2367 963 2398 Romanos
991 2376 1074 2399 xer-

378 2418 527 2447 santem.
557 2433 592 2437 —-
618 2416 689 2446 lam
716 2414 760 2445 ad
785 2413 929 2455 singula.

422 2464 473 2495 33.
511 2463 669 2503 Erycina]
703 2463 746 2494 ab
775 2463 905 2503 Eryce,
939 2463 1072 2497 Siciliae

380 2514 511 2551 monte,
538 2512 597 2544 ubi
615 2512 928 2545 celebratiSsimam
945 2514 1072 2545 aedem

380 2561 550 2599 habehat,
583 2561 781 2602 eodemque
811 2562 980 2601 Erycinae
1009 2572 1073 2593 no-

380 2611 473 2641 mine
493 2612 621 2642 Romae
635 2620 775 2651 quoque
790 2611 833 2642 ad
846 2613 983 2651 portam
998 2611 1075 2643 Col-

380 2659 496 2690 linam.
527 2660 594 2690 Liv.
615 2661 668 2697 χ23,
688 2661 717 2691 9.
737 2660 790 2699 ›i-O,
810 2660 862 2692 34..
891 2659 986 2692 Illam
1004 2661 1072 2692 iam

381 2708 424 2738 al)
440 2711 554 2739 Aenea
571 2710 747 2741 conditam
764 2709 857 2741 tinxit
876 2710 966 2749 Virg.
986 2711 1071 2741 Aen.

382 2759 411 2791 5
440 2758 517 2787 759:
564 2759 638 2789 Tum
671 2760 777 2790 vicina
809 2760 907 2790 astris
931 2760 1074 2798 Erycino

1114 840 1146 871 1η
1167 839 1288 870 vertice·
1303 838 1391 868 sedes
1405 837 1433 868 F
1434 837 1579 868 undatur
1598 837 1710 868 Veneri
1729 837 1808 868 Ida-

1113 889 1188 919 liae.
1219 906 1253 909 —
1280 887 1397 927 ridens]
1424 883 1691 927 ([ιλομμειδής·
1720 887 1807 926 Sap-

1114 938 1182 978 pho
1209 937 1238 972 1,
1268 936 1318 967 13.
1345 935 1406 966 Ed.
1427 936 1541 966 Neue:
1568 929 1598 965 ὦ
1620 932 1807 979 μάκαιρα,

1114 983 1351 1018 Μειόιάσαισ’
1377 980 1558 1026 ἀθανάτῳ
1582 982 1784 1029 προσώπῳ.

1158 1054 1211 1086 31.
1239 1053 1339 1094 Iocus]
1364 1050 1504 1094 Κῶμος
1527 1053 1583 1084 hic
1607 1053 1639 1083 in
1665 1053 1810 1083 Veneris

1115 1105 1298 1138 comitatu„
1333 1111 1413 1134 cum
1437 1104 1562 1143 poetae
1593 1103 1622 1133 ei
1650 1102 1720 1133 sere
1746 1102 1810 1133 ad—

1116 1154 1257 1193 iungant
1264 1147 1430 1197 31Ερωτα,
1441 1147 1654 1197 Ἀντέρωτα,
1663 1149 1807 1188 Πόθον,

1108 1199 1274 1244 Ἵμερον,
1318 1199 1502 1246 Χάριτας·
1544 1203 1648 1241 atque
1687 1201 1810 1232 huius-

1116 1252 1211 1283 modi
1236 1252 1332 1283 Genii
1356 1252 1462 1282 etiam
1486 1251 1518 1282 in
1536 1250 1707 1282 artificum
1725 1259 1811 1290 ope-

1116 1301 1213 1333 ribus
1238 1302 1442 1341 frequenter
1456 1301 1633 1332 Venerem
1658 1300 1812 1331 circum-

1115 1350 1269 1381 volitant.
1311 1352 1474 1381 Attamen
1500 1350 1568 1381 iam
1593 1349 1686 1390 apud
1710 1348 1812 1380 Plau-

1117 1402 1192 1431 tum
1209 1399 1335 1430 Bacch.
1356 1400 1387 1437 sl,
1402 1400 1433 1436 2,
1448 1399 1484 1430 8:
1503 1399 1622 1437 Amor,
1646 1399 1810 1437 Voluptas,

1122 1450 1241 1488 Venus,
1277 1449 1448 1486 Venustus,
1487 1448 1670 1486 Gaudium,
1705 1448 1811 1485 Iocus,

1117 1499 1239 1537 Ludus,
1258 1498 1384 1536 Sermo,
1402 1498 1513 1528 suavis
1530 1497 1693 1535 δαυὶαῐίο,
1712 1496 1813 1536 quasi

1118 1547 1261 1578 numina
1296 1548 1548 1578 memorantur.
1597 1545 1697 1586 Apud
1733 1546 1814 1576 Phi-

1118 1597 1212 1629 lostr.
1238 1598 1368 1635 Imagg.
1389 1597 1419 1634 1,
1446 1596 1498 1626 25.
1526 1594 1660 1627 Silenus
1676 1595 1814 1626 Baccho

1119 1646 1261 1677 adducit
1282 1643 1350 1677 τὸν
1372 1644 1522 1676 Γέλωτα
1552 1645 1617 1677 καὶ
1639 1641 1706 1675 τὸν
1729 1640 1815 1676 Κεδ-

1118 1705 1205 1738 μοι]7
1239 1693 1456 1740 ἱλαρωτάτω
1486 1695 1549 1726 καὶ
1574 1692 1814 1736 §vincuntu—

1118 1742 1221 1777 τάτω
1246 1743 1415 1786 ὄαίμονε.
1435 1762 1470 1766 —-
1489 1744 1613 1775 circum
1634 1744 1734 1784 volat]
1761 1743 1815 1774 di-

1118 1796 1192 1827 vise
1223 1794 1339 1826 scribo
1370 1795 1514 1834 propter
1539 1802 1740 1832 caesuram,
1778 1795 1815 1824 ut

1121 1844 1182 1876 Od.
1215 1845 1246 1883 ¹2,
1281 1844 1332 1882 16,
1365 1844 1417 1874 33.
1451 1843 1483 1874 in
1509 1843 1577 1873 fine
1602 1852 1653 1873 v.:
1691 1843 1816 1874 circum

1118 1895 1273 1935 Mussizmt
1293 1902 1425 1924 vaccae.

1164 1956 1217 1988 36.
1264 1955 1416 1995 Respicis]
1471 1952 1694 1993 ἐπιβλέπεις.
1761 1954 1816 1984 Sic

1121 2006 1270 2037 Fortuna
1302 2005 1486 2043 respiciens.
1542 2002 1702 2043 Sophocl.
1737 2003 1818 2033 Phi-

1122 2054 1202 2086 loct.
1223 2053 1323 2086 4040:
1350 2053 1479 2084 196021'
1505 2050 1679 2092 ἑπόᾳινιοι.
1707 2051 1815 2084 Plaut.

1121 2104 1247 2136 Bacch.
1274 2103 1306 2142 4,
1332 2103 1364 2141 3,
1390 2103 1448 2134 Ἧι
1474 2103 1564 2133 Deus
1587 2102 1734 2141 respiciet
1761 2110 1819 2132 nos

1123 2153 1252 2193 aliquis.
1299 2153 1392 2192 virg.
1418 2154 1502 2183 Aen.
1537 2153 1561 2190 i,
1589 2152 1667 2183 603:
1700 2152 1727 2182 si
1752 2160 1818 2190 qua

1118 2204 1192 2243 pios
1212 2205 1397 2242 respectant
1422 2202 1568 2232 ηειηιὶηα.

1167 2272 1218 2302 37.
1246 2270 1298 2301 38.
1345 2269 1425 2309 Heu]
1463 2268 1718 2308 indignationis.
1747 2266 1814 2299 Ctr.

1123 2319 1223 2351 Hand
1239 2319 1336 2349 Turs.
1364 2320 1416 2349 ΙΙΙ.
1444 2327 1476 2358 p.
1505 2318 1556 2348 (37.
1577 2319 1611 2348 et
1635 2317 1686 2347 68.
1709 2335 1743 2337 —
1762 2325 1819 2346 sa-

1122 2369 1210 2409 [iate]
1238 2368 1325 2399 Cum
1344 2368 1496 2398 Ilomero
1513 2367 1557 2398 sit
1579 2363 1707 2406 μόθου
1725 2361 1818 2395 ἀκό-

1122 2427 1259 2462 ρητος,
1296 2410 1390 2456 ἆτος
1426 2414 1621 2456 πολέμοιο.
1658 2433 1692 2436 -
1730 2413 1816 2453 ludo]

1122 2466 1259 2503 bellico,
1287 2474 1356 2505 quo
1380 2465 1509 2503 gaudet
1533 2466 1635 2496 Mars.
1658 2481 1693 2485 —-
1717 2464 1818 2502 Quem

1124 2516 1225 2555 itcrat]
1251 2514 1450 2545 Admodum
1481 2514 1566 2545 scite
1594 2513 1682 2543 haec
1707 2520 1819 2552 oppo-

1124 2566 1252 2596 nuntur
1269 2563 1331 2595 illis
1350 2564 1457 2602 Quam
1471 2563 1563 2593 locus
1581 2571 1634 2599 ——3
1661 2562 1711 2593 sic
1724 2561 1818 2592 enim

1125 2615 1290 2645 neutrum
1314 2613 1464 2644 otiosum
1493 2612 1560 2649 est,
1594 2611 1701 2641 immo
1731 2609 1819 2640 alte-

1124 2671 1203 2694 rum
1238 2661 1386 2693 alterum
1426 2661 1625 2692 necessario
1661 2659 1815 2698 requirit,

1125 2711 1252 2752 supple
1278 2713 1397 2742 autem
1428 2710 1634 2750 cogitatione
1666 2708 1699 2739 id
1724 2707 1817 2747 quod

1125 2762 1226 2801 poeta
1253 2760 1383 2792 addere
1409 2768 1474 2792 nee
1487 2757 1641 2791 debebat.
1666 2766 1730 2788 nec.
1755 2765 1819 2796 po-
