1997 3219
710 223 786 254 LlB.
813 223 866 253 111.

915 223 952 254 (1.
979 223 1077 254 xvii.
1546 220 1623 260 ,ΜΒ

365 350 444 400 Qui
478 350 736 391 Formiarum
766 352 932 393 moenia
963 350 1115 393 dicitur

420 430 619 486 Princeps
650 438 690 472 et
721 431 931 473 innantem
961 431 1141 473 Maricae

477 510 686 552 Litoribus
717 511 903 553 tenuisse
933 510 1060 552 Lirim

365 616 464 656 Late
497 622 717 672 tyrannus:
750 641 805 646 ——
835 629 929 658 cras
960 614 1067 657 soliis
1092 607 1246 657 >nemus

365 695 500 737 Multis
532 701 573 738 et
603 694 696 751 alga
725 694 821 737 litus
853 695 984 737 inutili

1575 696 1626 737 ‘lO

415 775 609 818 Demissa
639 782 868 832 tempestas
900 775 953 818 ab
985 776 1096 817 Euro

279 901 309 932 8.
339 901 427 931 Lirin
452 901 503 931 ct.
531 900 651 941 (Codd.
670 901 798 941 Lirim.)

195 1004 272 1037 hilis
289 1006 435 1036 conieci.
462 1005 551 1036 ducit
573 1004 778 1046 praeferens
797 1005 884 1036 liaeo

194 1056 329 1096 scripsit
345 1064 350 1084 :
379 1055 533 1086 «Exstitit.
553 1063 675 1095 nuper,
694 1055 751 1094 qui
768 1054 886 1086 lectio-

195 1113 275 1136 nem
310 1104 399 1135 ducis
430 1112 551 1135 rursus
587 1105 743 1135 tueretur
772 1105 885 1135 hunc-

194 1162 261 1194 que
287 1152 352 1184 loci
382 1161 525 1184 sensum
562 1152 736 1184 traderet:
779 1153 885 1184 ««Si—

193 1202 335 1243 quiden]
359 1203 496 1243 priores
520 1202 658 1233 Lamiae
690 1211 884 1243 eorumque

193 1254 338 1292 nepotes
363 1261 382 1282 a
415 1253 521 1283 Lamo
546 1253 641 1283 recte
672 1252 884 1283 denominati

192 1303 291 1339 sunt,
344 1302 380 1332 tu
419 1301 517 1331 ducis
555 1301 724 1340 originem
749 1301 792 1332 ab
823 1310 882 1340 eo,

193 1351 307 1391 quin»
333 1352 422 1381 eet.»
450 1351 543 1390 (Sunt
568 1350 655 1382 haec
680 1351 786 1382 Iahnii
803 1360 886 1382 ver—

194 1399 262 1439 ba.)
290 1399 378 1430 «Sed
403 1399 436 1429 in
460 1399 525 1429 hac
541 1399 731 1431 verborum
751 1401 886 1432 iunctu-

193 1458 230 1480 ra
256 1457 323 1480 non
348 1457 452 1489 posse
479 1457 674 1489 pronomen
698 1453 733 1481 tu
760 1450 881 1488 omitti,

195 1500 331 1530 suamet
381 1499 454 1538 ipse
504 1498 787 1539 interpretatione
832 1500 886 1530 vir

197 1547 420 1578 doctissimus
463 1546 691 1579 declaravit.»
753 1548 884 1579 Verum

197 1597 406 1638 pronomina
436 1598 681 1637 oppositioniS,
723 1598 755 1629 in
779 1606 885 1638 prosa

193 1647 302 1677 oratio
319 1647 578 1685 nenecessaria,
604 1656 622 1678 a
640 1648 751 1687 poetis
776 1648 885 1679 inter-

195 1695 279 1726 dum
303 1696 520 1727 omittuntur.
580 1696 648 1727 Csr.
675 1696 738 1728 Od.
763 1698 802 1736 ⁶2,
830 1698 881 1736 Π,

194 1745 234 1776 30
251 1754 257 1775 :
287 1746 343 1785 (tu)
362 1746 495 1776 reddere
510 1746 660 1777 victimas
675 1764 693 1769 -
708 1764 726 1769 —
740 1756 884 1778 memen-

196 1798 250 1825 to:
285 1795 353 1826 Nos
387 1795 539 1826 humilem
564 1796 718 1835 feriemus
748 1805 881 1837 agnam.

235 1845 265 1875 7.
302 1845 462 1886 Maricae]
497 1845 584 1877 deae.
609 1845 716 1877 litoris
740 1847 886 1878 Mintur—

193 1895 371 1932 nensium,
405 1896 497 1926 iuxta
526 1896 630 1927 Lirim
660 1896 884 1938 (Garissliano)

194 1944 350 1974 fluvium.
398 1945 495 1975 Serv,
537 1945 581 1975 ad
625 1947 709 1976 Aen.
751 1946 787 1983 7,
829 1946 882 1978 47.

194 1993 317 2024 Circen
351 1993 394 2023 ita
427 1992 636 2034 appellatam
670 1994 774 2026 fuisse
807 1997 886 2035 post

194 2044 361 2079 mortem,
399 2045 435 2073 ut.
468 2042 651 2074 Romulum
685 2044 882 2082 Quirinum,

195 2091 324 2122 Ledam
364 2093 548 2129 Nemesin,
586 2093 693 2123 refert
727 2094 881 2124 Lactant.

195 2142 314 2172 lnstitt.
343 2142 377 2178 l,
408 2142 456 2172 2¹.
507 2142 586 2173 liius
619 2141 716 2174 lucus
748 2145 823 2174 erat
852 2143 885 2174 in

194 2191 266 2230 ipsa
300 2191 526 2223 Minturnensi
557 2192 704 2223 civitate.
755 2193 884 2223 «liuius

194 2240 294 2279 igitur
331 2241 512 2280 Nymphae
544 2239 702 2272 litoribus
735 2242 882 2279 innatat,

194 2298 233 2320 ea
252 2289 386 2329 placide
404 2290 554 2330 perfluit,
583 2291 684 2328 Liris,
715 2291 828 2322 ‹lonec
853 2292 885 2322 in

196 2348 292 2370 mare
311 2341 445 2369 exeat.»
472 2339 650 2371 Claudian.
677 2340 720 2371 (le
748 2340 885 2372 Probini

195 2390 230 2418 et
266 2387 398 2427 Olybrii
439 2390 542 2420 (lons.
592 2390 672 2420 259:
719 2390 887 2421 Eridanus

192 2439 363 2477 flavaeque
401 2440 506 2468 terens
543 2442 696 2478 querceta
737 2440 886 2471 Maricae

195 2487 296 2523 Liris,
325 2486 381 2517 ubi
408 2487 519 2527 prima
537 2487 670 2527 syllaba
688 2489 883 2529 corripitur.

196 2537 267 2567 Non
302 2538 417 2566 tamen
449 2539 592 2577 propter
623 2537 712 2568 bano
737 2539 884 2569 Maricae

195 2587 229 2615 et
265 2585 348 2616 Liris
385 2586 616 2621 mentionem.
655 2595 744 2626 quae
781 2595 886 2617 orna-

197 2637 314 2665 mento
340 2636 580 2666 tantummodo
599 2636 756 2674 inservit,
784 2637 884 2667 euius

196 2692 260 2724 ope
297 2686 391 2723 grata
429 2685 695 2716 anioenissimae
737 2686 884 2725 regionis

197 2733 332 2773 spes-ies
358 2733 456 2764 nobis
482 2735 561 2764 :inte
579 2733 697 2765 oculos
722 2736 882 2775 ponatur,

197 2782 420 2814 statuendum
445 2786 494 2814 est
515 2792 594 2815 eum
614 2783 797 2822 nonnullis,
826 2785 885 2816 La-

936 1005 1042 1036 miam
1066 1005 1099 1036 in
1123 1013 1184 1036 ora
1216 1005 1427 1046 Campaniae
1460 1008 1541 1038 tune
1568 1007 1627 1038 de-

935 1055 1025 1094 gisse
1051 1055 1273 1095 suaviterque
1301 1057 1507 1088 rusticatum
1532 1065 1624 1095 esse,

934 1104 1049 1135 minus
1067 1105 1173 1136 etiam
1190 1105 1368 1136 Horatium
1385 1107 1488 1137 tacite
1502 1106 1628 1146 signifi-

935 1162 1016 1184 care
1039 1162 1076 1185 se
1101 1154 1284 1185 convivam
1301 1163 1319 1185 a
1338 1156 1455 1186 Lamia
1469 1164 1546 1187 eras
1568 1155 1629 1186 ad-

935 1202 1046 1234 hiberi
1064 1202 1163 1245 velle.
1183 1203 1317 1234 Bellum
1334 1204 1490 1244 profecto
1508 1205 1628 1236 suisset

935 1254 1000 1284 iter
1029 1260 1070 1283 ex
1094 1261 1165 1284 uno
1191 1252 1245 1284 die
1276 1254 1309 1284 in
1334 1253 1482 1285 alterum
1506 1253 1561 1285 vel
1586 1263 1628 1285 ex

935 1301 1062 1333 Sabino
1083 1301 1138 1333 vel
1163 1311 1204 1333 ex
1229 1302 1318 1335 Urbe
1343 1304 1378 1334 in
1399 1304 1628 1344 Campaniam

934 1352 1078 1392 propter
1101 1360 1207 1383 unam
1226 1351 1427 1384 coenulam!
1454 1354 1627 1384 Locorum

935 1400 1090 1440 profecto
1121 1409 1245 1441 parum
1277 1410 1414 1433 memor
1448 1402 1527 1441 fuit,
1569 1402 1628 1441 qui

935 1450 1036 1481 istam
1060 1450 1385 1490 interpretationem
1408 1451 1624 1492 excogitavit.

935 1499 984 1530 Cf.
1013 1499 1059 1530 ad
1082 1508 1115 1530 V.
1144 1500 1196 1531 46.

983 1548 1013 1580 9.
1060 1549 1140 1579 Late
1183 1549 1360 1590 tyrannus]
1412 1549 1625 1588 dominator,

935 1594 1168 1644 εὖρυκρείων.
1223 1600 1278 1630 Sic
1317 1600 1457 1632 Hesiod.
1494 1601 1624 1641 Theog.

934 1648 1016 1680 486:
1042 1644 1228 1693 Οὐρανίδῃ
1252 1650 1333 1691 μέγ’
1351 1645 1499 1682 ἄνακτι.
1532 1651 1625 1691 Virg.

933 1699 1019 1730 Aen.
1048 1699 1084 1737 «l,
1122 1698 1181 1729 201:
1218 1699 1379 1738 populum
1409 1700 1475 1731 late
1503 1709 1624 1740 regem.

934 1747 1031 1779 ovid.
1054 1748 1194 1778 Heroid.
1225 1749 1330 1788 Epist.
1355 1750 1414 1787 47,
1433 1750 1492 1780 57:
1517 1750 1623 1787 Phry-

932 1797 1009 1837 giae
1042 1796 1107 1828 late
1140 1798 1327 1836 primordia
1361 1798 1474 1838 qenins.
1524 1797 1627 1830 Plini—

933 1854 975 1877 us
1001 1846 1086 1886 Epp.
1113 1846 1150 1884 3,
1178 1848 1216 1878 5:
1249 1848 1400 1887 Drusus,
1428 1848 1627 1879 Germaniae

933 1896 1088 1927 latissime
1119 1896 1234 1927 victor.
1283 1897 1376 1928 Haec
1402 1898 1627 1937 potissimum

936 1940 1128 1990 ὑπερβολὴ
1147 1946 1254 1976 iocosi
1271 1946 1389 1977 nescio
1408 1946 1490 1986 quid
1507 1946 1624 1977 babet.

937 2011 974 2016 —
998 2003 1111 2025 nemus
1131 2012 1149 2017 -
1170 2013 1188 2018 -
1203 1995 1350 2036 Sternet]
1379 1996 1552 2027 «nemoris
1576 2004 1631 2027 so-

935 2041 1008 2073 lum
1060 2045 1295 2075 consternet.»
1354 2045 1437 2076 Mire
1486 2044 1630 2084 quidam

936 2091 1114 2124 cavillatus
1139 2095 1193 2124 est
1213 2094 1411 2126 Horatium:
1455 2095 1624 2131 «Nemus,

937 2141 1062 2181 inquit,
1097 2143 1255 2181 privatur
1279 2141 1381 2181 soliis,
1418 2152 1486 2174 non
1509 2143 1629 2174 sterni-

935 2194 1023 2221 tur.»
1069 2192 1172 2229 Quasi
1198 2200 1282 2223 vero
1306 2201 1375 2223 non
1399 2193 1496 2224 sith.
1527 2191 1547 2223 l.
1578 2192 1629 2223 fa-

941 2239 1108 2271 cillimum
1131 2249 1290 2280 zeugma.

980 2290 1031 2320 40.
1054 2290 1065 2320 «1
1075 2290 1104 2320 «1.
1131 2290 1350 2331 alga—inutili]
1374 2290 1500 2322 «Cuius
1517 2289 1629 2322 nullus

936 2340 990 2370 est
1024 2347 1125 2378 usus,
1167 2340 1228 2371 nisi
1262 2340 1348 2371 forte
1380 2340 1424 2371 ad
1446 2339 1629 2371 'laetamen

937 2389 1015 2420 inde
1041 2388 1252 2421 faciendum.
1286 2389 1422 2429 (pallad.
1450 2390 1547 2421 Mart.
1576 2390 1626 2425 10,

937 2439 1022 2478 43.)»
1057 2439 1142 2470 ilinc
1168 2439 1394 2480 proverbium
1417 2440 1515 2470 vilior
1537 2440 1626 2478 alqa.

935 2489 1004 2519 Sat.
1030 2488 1067 2527 2,
1101 2490 1137 2527 5,
1168 2489 1198 2520 8.
1231 2491 1265 2520 et
1296 2489 1386 2527 virg.
1412 2488 1481 2520 Ecl.
1507 2489 1539 2526 7,
1574 2488 1626 2520 4¹2.

937 2538 984 2568 De
1010 2546 1046 2568 re
1073 2538 1115 2569 es.
1150 2537 1242 2569 lliad.
1270 2540 1306 2572 9,
1334 2539 1374 2568 ὓς
1415 2534 1553 2579 ἄμυδις
1588 2536 1627 2569 δέ

937 2596 974 2617 τε
1021 2585 1126 2628 κῦμα
1175 2585 1348 2619 κελαινὸν
1396 2584 1603 2631 Λορθύεται
1619 2611 1626 2621 ,

936 2634 1076 2668 πολλὸν
1099 2635 1137 2667 δὲ
1165 2635 1281 2682 παρὲξ
1298 2632 1371 2667 ἅλα
1387 2635 1512 2676 φῦκος
1527 2632 1630 2675 ἔχευ-

935 2695 981 2717 αν
998 2682 1173 2727 (ἄνεμοι).
1198 2705 1230 2709 -„
1264 2686 1424 2727 Remissa]
1453 2687 1627 2727 «desuper

936 2737 1125 2767 immissa.»
1158 2754 1191 2758 —
1218 2736 1326 2776 Euro]
1354 2738 1476 2768 Perses
1502 2736 1532 2767 in
1559 2739 1628 2767 An-

936 2784 1016 2816 thol.
1042 2785 1106 2816 rat.
1135 2787 1154 2816 Ι.
1185 2794 1216 2826 p.
1244 2785 1323 2817 Ιι-ΰθῑ
1353 2781 1477 2830 fili-'pov
1503 2788 1628 2826 χειμέ-
