1997 3219
813 192 978 223 ΙΙΟΙῖΑΤΙΙ
1006 191 1227 223 CARMINUM

688 296 809 337 Pacis
841 309 937 336 eras
967 294 1223 350 mediusque
1256 293 1367 336 belli.

574 403 629 442 Te
661 400 764 441 vidit
796 399 939 441 insons
971 398 1185 441 Cerberus
1218 412 1350 440 aureo

577 482 717 523 Cornu
749 480 981 553 dc‘corum,
1014 479 1165 522 leniter
1196 486 1380 521 atterens

290 632 360 663 lute
386 631 512 672 (zwar,
545 629 649 667 bens),
683 631 720 661 ut
744 630 815 660 Cic.
843 638 906 670 pro
932 629 988 660 Li—

289 682 383 721 gario
401 681 431 718 8,
447 679 505 711 24:
527 680 749 719 Quamquam,
769 679 849 718 quid
864 679 988 719 facturi

286 730 433 769 suet-ilis,
472 729 630 768 dubitem,
660 738 735 760 cum
755 729 886 760 videam
909 729 988 766 quid

285 779 469 820 feceritis-P)
506 779 751 819 accipiendum
787 787 884 817 esse,
922 769 986 819 pro

288 828 420 869 vii-gula
434 828 536 860 colon
550 837 643 859 nunc
659 828 760 869 posui
774 829 853 859 ante
868 837 900 858 v.
919 828 983 858 secl,

332 880 385 910 u28.
418 878 618 919 mediusque]
646 877 761 908 «idem
786 876 829 908 ad
852 878 988 908 utrum-

288 936 356 967 que
383 937 495 968 aeque
518 929 640 968 aptum
658 928 690 958 le
706 926 925 967 praebebas,
953 928 988 957 et

288 977 329 1008 ad
367 976 519 1014 bellum,
558 985 639 1008 nam
672 976 882 1007 fortissimus
908 984 986 1007 eras

288 1034 329 1056 ac
355 1025 529 1065 terribilis,
558 1028 593 1058 et
609 1026 653 1057 ad
670 1034 809 1067 pacem,
837 1034 875 1056 es
893 1026 986 1056 enim

289 1074 440 1107 laetitiae
466 1075 610 1116 plenus,
636 1073 897 1119 ἐγερσίγελως,
923 1084 987 1112 χο-

285 1121 456 1169 ρευτής.»
493 1126 604 1155 Nemo
628 1124 744 1155 adhuc
768 1132 914 1165 prorsus
939 1124 986 1155 si—

284 1172 366 1204 mile
403 1172 606 1212 exemplum
643 1172 756 1203 attulit
791 1174 984 1209 construet.

283 1223 411 1253 medius
434 1222 506 1252 belli
531 1222 597 1252 cet.
616 1230 700 1261 pro:
729 1221 811 1260 «qui
834 1221 867 1251 in
892 1220 985 1251 bello

286 1273 391 1311 atque
423 1271 456 1302 in
484 1279 572 1311 pace
605 1278 718 1310 aeque
751 1270 894 1310 insignis
919 1270 983 1307 est,

286 1323 322 1352 et
346 1329 508 1352 summus
532 1319 629 1360 pacis
653 1319 788 1350 amicus
810 1321 915 1359 atque
933 1319 987 1348 tu·-

284 1371 352 1408 tor,
372 1369 405 1401 et
423 1369 631 1400 fortissimus
648 1367 830 1399 bellator.»
856 1366 984 1408 (Paullo

285 1417 384 1450 aliter
409 1417 669 1457 Dillenburger:
704 1417 882 1448 «Bacchus
907 1425 985 1448 me-

286 1468 363 1500 dius
389 1470 443 1499 est
468 1466 547 1498 belli
571 1467 757 1507 pacisque,
792 1467 882 1498 inter
906 1465 985 1497 bel-

285 1517 358 1549 lum
384 1518 419 1548 et
442 1525 580 1557 pacem,
608 1524 724 1555 neque
742 1524 806 1556 per
822 1524 860 1547 se
878 1514 985 1546 alter—

285 1567 354 1597 utri
379 1565 537 1603 deditus,
564 1564 644 1603 sed,
671 1566 710 1595 ut
733 1566 874 1605 tempus
899 1564 981 1604 fert,

285 1614 392 1646 modo
416 1613 618 1653 bellicosus,
646 1613 751 1645 modo
775 1615 872 1655 pacis
890 1622 986 1645 ama-

286 1663 387 1704 tor.»)
406 1663 578 1695 Differunt
595 1662 756 1703 exempla
775 1665 809 1694 et
826 1662 986 1694 Forcelii-

286 1713 387 1745 niana
402 1714 436 1744 et
452 1721 598 1753 prorsus
612 1712 788 1744 absonum
805 1714 869 1751 est,
889 1712 984 1753 quod

286 1762 437 1793 afferunt
460 1762 690 1801 Interpretes,
718 1761 814 1793 Ovid.
842 1763 981 1793 Metam.

285 1812 322 1850 5,
360 1810 439 1842 564:
481 1811 522 1841 Al
553 1811 679 1841 ‘medius
718 1811 901 1850 fratrisque
934 1812 984 1842 sui

285 1862 495 1898 ‘maestaeque
518 1859 642 1890 sororis
666 1860 824 1899 Iuppiter,
854 1860 914 1891 uhi
932 1862 985 1892 est

289 1909 478 1950 «μεσίτης,
497 1908 733 1948 pacificator.»
755 1910 922 1950 Apposite
940 1909 984 1940 ad

287 1959 322 1989 h.
355 1957 376 1989 l.
410 1957 579 1989 Aristides
607 1957 642 1988 in
670 1958 826 1998 Dionyso
861 1968 895 2000 p.
929 1958 982 1990 49.

288 2007 405 2039 Dind.:
433 2001 561 2051 ὥσπερ
584 2002 655 2051 γὰρ
679 2004 836 2049 δίδυμος
861 2005 983 2049 πάντη

288 2052 406 2095 αὐτὸς
437 2052 532 2100 πρὸς
563 2053 701 2087 ἑαυτόν
725 2055 805 2088 ἐστι
829 2075 848 2080 -
871 2074 890 2079 -
914 2066 985 2088 πο-

288 2103 443 2147 λεμικός
466 2115 506 2136 τε
529 2101 575 2146 δὴ
600 2105 666 2137 καὶ
689 2106 881 2151 εἰρηναῖος
902 2105 985 2138 δια-

289 2152 483 2199 φερόντως
505 2152 619 2186 θεῶν.
661 2155 875 2195 Comparare
906 2155 987 2188 licet

290 2206 397 2237 etiam
420 2205 512 2244 Virg.
539 2204 625 2235 Aen.
648 2204 700 2242 Μ,
727 2204 806 2235 658:
827 2206 987 2244 pacisque

290 2255 392 2286 bonas
415 2253 551 2292 bellique
566 2253 748 2285 ministras.
792 2254 860 2286 Cfr.
881 2254 986 2294 Rege]

290 2304 335 2335 ad
367 2304 401 2334 h.
429 2302 449 2334 l.
494 2321 529 2324 —
570 2304 620 2334 De
656 2303 722 2334 hac
757 2302 986 2335 collocatione

290 2354 380 2393 part.
407 2361 486 2391 que,
511 2361 563 2391 ne,
587 2360 626 2383 ve
649 2352 742 2393 apud
766 2353 901 2393 poetas,
928 2353 988 2393 qui

292 2410 353 2433 eas
372 2403 416 2433 ita
434 2401 611 2433 interdum
627 2401 738 2433 verbo
756 2401 894 2434 duobus
911 2411 989 2433 ora-

292 2451 394 2482 tionis
441 2450 612 2481 membris
659 2451 838 2482 communi
877 2460 988 2483 anne-

293 2501 400 2537 ctunt,
432 2501 470 2531 ut
495 2500 550 2531 hic
573 2500 714 2540 proprie
738 2508 802 2540 pro
829 2501 987 2533 «medius

291 2550 386 2590 pacis
404 2549 612 2590 mediusque
631 2549 745 2588 belli»,
765 2550 897 2590 inspice
914 2551 991 2582 Dis-

293 2608 356 2629 scn
381 2598 425 2629 ad
449 2599 522 2630 Tib.
551 2600 586 2636 ll,
614 2599 649 2636 11,
682 2598 740 2629 54:
780 2599 804 2629 O
829 2603 989 2638 quantum

293 2651 338 2678 est,
362 2649 439 2678 auri
459 2649 570 2688 pot-ius
593 2651 773 2688 pereatque
795 2650 988 2690 smaraqclt'!

296 2698 344 2735 (l,
379 2697 417 2734 3,
451 2698 510 2728 56;
547 2697 691 2728 Messala
719 2700 811 2728 terra
835 2698 912 2729 dum
937 2707 989 2730 se-

295 2746 472 2783 quiturque
501 2747 598 2778 mari.
649 2746 717 2778 Cfr.
750 2747 843 2787 apud
869 2748 984 2779 lloral.

1682 481 1734 521 30

1039 636 1119 659 mox
1135 637 1168 659 ν,
1188 628 1240 659 32.
1260 628 1321 659 Od.
1342 628 1377 666 3,
1404 630 1438 666 71,
1466 629 1517 659 ΛΞ.
1545 628 1582 666 3,
1609 628 1646 666 4,
1667 629 1731 667 Μ.)

1041 695 1075 699 -
1113 678 1280 708 Ceterum
1314 687 1369 709 vv.
1404 678 1543 709 25—28.
1579 679 1733 709 reseca1i

1037 726 1137 757 iussit
1161 727 1302 758 Guietus
1328 728 1509 766 tamquam
1534 727 1636 758 nimis
1660 726 1735 757 lan-

1038 775 1161 815 guidos
1179 777 1213 806 et
1229 774 1407 816 volgarem
1425 776 1644 807 continentes
1663 785 1736 807 am-

1037 824 1298 866 plificationem.
1336 825 1470 856 Verum
1494 834 1632 857 summa
1660 827 1734 856 arte

1036 883 1121 906 usus
1146 873 1330 914 tranquillo
1356 874 1424 905 hoc
1443 875 1608 906 carminis
1627 875 1732 906 exitu.

1037 924 1096 963 qui
1130 923 1288 954 consulto
1320 924 1508 964 opponitur
1536 924 1734 964 impetuoso

1038 972 1082 1003 illi
1107 972 1270 1012 exordio,
1305 972 1477 1012 significat
1498 975 1602 1013 poeta
1627 973 1737 1004 turbi-

1037 1022 1119 1053 dam
1136 1030 1236 1054 suam
1253 1021 1421 1053 laetitiam
1434 1021 1612 1062 paullatim
1626 1024 1737 1054 trans—

1036 1072 1103 1103 isse
1130 1072 1227 1112 pium
1251 1072 1284 1102 iu
1306 1069 1618 1113 ἐνθουσιασμόν,
1651 1081 1736 1112 qua—

1036 1120 1076 1153 lis
1102 1129 1226 1152 eorum
1252 1122 1321 1159 est,
1360 1129 1511 1161 quorum
1540 1129 1642 1153 mens
1666 1130 1734 1152 una

1036 1179 1120 1202 cum
1144 1170 1209 1202 diis
1232 1172 1406 1202 versatur.
1457 1170 1608 1210 (Minime
1632 1170 1736 1201 intel-

1035 1218 1114 1258 ligo⁷
1142 1228 1204 1249 cur
1227 1228 1245 1251 a
1271 1219 1468 1258 Sanadono,
1496 1220 1589 1251 lanio
1607 1228 1737 1260 nuper-

1036 1276 1105 1307 que
1120 1276 1137 1298 a
1154 1268 1337 1299 Luebkero
1354 1269 1444 1299 haec
1461 1269 1616 1310 stropha,
1643 1278 1733 1309 quae

1035 1317 1121 1348 mihi
1157 1325 1302 1357 semper
1335 1317 1481 1357 pulchra
1514 1326 1555 1349 ac
1586 1319 1732 1349 venusta

1034 1366 1107 1397 visa
1122 1368 1185 1403 est,
1202 1367 1273 1397 tam
1284 1366 1412 1397 acriter
1427 1367 1734 1407 reprehendatur.)

1079 1415 1132 1446 ⁶29.
1159 1415 1286 1456 insons]
1322 1416 1459 1446 «ita‘ut
1490 1416 1551 1447 tibi
1578 1415 1668 1447 nulla
1694 1425 1735 1447 ex

1035 1466 1133 1505 parte
1159 1466 1339 1495 noceret.»
1379 1464 1472 1496 Adiit
1503 1467 1622 1496 autem
1645 1466 1737 1497 Bac-

1036 1514 1123 1544 chus
1148 1513 1277 1545 inferos
1302 1512 1466 1545 Semelen
1486 1515 1636 1545 matrem
1652 1514 1734 1545 inde

1036 1562 1259 1595 reducturus.
1285 1562 1444 1604 Apollod.
1465 1563 1502 1602 3,
1529 1564 1565 1602 5,
1593 1564 1623 1595 3.
1651 1565 1737 1595 Pau-

1036 1621 1111 1644 san.
1131 1613 1162 1651 2,
1180 1612 1232 1651 37,
1251 1613 1287 1643 5:
1313 1610 1567 1644 Εἱδον--καὶ
1580 1610 1649 1654 τὴν
1663 1607 1736 1643 Ἀλ-

1035 1663 1194 1694 κυονὶαν
1232 1660 1389 1704 λίμνην,
1435 1661 1480 1694 δι’
1527 1655 1575 1704 ἧς
1611 1663 1733 1700 φασὶν

1032 1708 1186 1757 Ἀργεῖοι
1203 1710 1392 1744 Διόνυσον
1434 1713 1489 1752 εἰς
1522 1709 1589 1743 τὸν
1606 1707 1706 1753 Ἅιδη
1716 1722 1735 1742 ν

1036 1761 1160 1794 ἐλθεῖν
1183 1760 1352 1803 Σεμέλην
1376 1758 1580 1802 ἀνάξοντα.

1080 1812 1132 1843 30.
1160 1812 1281 1853 Cornu]
1313 1812 1494 1852 antIquum
1525 1812 1593 1843 hoc
1616 1812 1733 1852 impe-

1036 1863 1091 1893 tus
1115 1870 1157 1892 ac
1181 1860 1335 1900 roboriS,
1363 1862 1418 1893 cui
1442 1861 1556 1893 resisti
1580 1869 1650 1892 non
1671 1869 1734 1901 po—

1036 1911 1115 1948 test,
1141 1909 1356 1950 symbolum,
1375 1912 1413 1941 ut
1429 1912 1464 1942 in
1481 1909 1619 1942 Fluviis.
1648 1910 1735 1940 Hinc

1035 1960 1148 2000 poetis
1176 1957 1439 2005 χρυσόκερως,
1469 1957 1731 2004 κερασφόρος,

1036 2006 1274 2054 ταυρόκερως
1304 2009 1410 2050 Orph.
1445 2010 1574 2048 Hymn*
1608 2010 1667 2047 52,
1701 2010 1732 2040 ⁶2.

1036 2057 1159 2090 Tibull.
1185 2059 1224 2097 2,
1253 2059 1288 2097 4,
1315 2058 1353 2089 3:
1379 2058 1525 2097 Bacche,
1549 2058 1736 2097 ve11i‚dul-

1036 2108 1145 2147 cisque
1177 2108 1241 2139 tuis
1264 2116 1280 2139 e
1302 2108 1456 2138 cornibus
1484 2116 1552 2138 uva
1581 2108 1733 2140 Pendeat.

1036 2158 1195 2197 Propert.
1227 2157 1264 2195 3,
1299 2157 1355 2195 47,
1383 2157 1439 2188 119:
1475 2157 1568 2196 Quod
1590 2160 1736 2196 superest

1035 2206 1141 2244 vitae,
1182 2215 1245 2245 per
1278 2210 1308 2238 te
1341 2210 1400 2237 cua
1433 2215 1580 2245 cornua,
1622 2206 1737 2237 vivam

1040 2255 1239 2294 Vir-tutisque
1250 2259 1339 2294 tuae,
1356 2256 1494 2295 Bacche,
1509 2257 1613 2295 poe'ta
1627 2255 1731 2296 ferar.

1042 2320 1076 2325 —
1118 2304 1278 2345 atterens]
1323 2305 1481 2345 proprie:
1531 2304 1733 2336 «adfricans

1039 2352 1189 2384 caudam
1227 2354 1381 2393 ventri,»
1426 2353 1494 2385 leni
1533 2355 1632 2385 motu
1671 2353 1733 2385 tibi

1039 2403 1182 2434 adulans
1205 2403 1328 2443 <prima
1353 2403 1620 2443 significatione:
1648 2403 1735 2435 σαί-

1039 2452 1137 2491 νων).
1164 2451 1373 2493 Simpliciter
1396 2462 1466 2484 non
1489 2453 1605 2493 potest
1628 2453 1736 2492 signi-

1040 2502 1147 2533 ficare
1174 2500 1428 2540 «subiiciens»,
1466 2509 1547 2532 cum
1570 2501 1604 2532 in
1628 2510 1662 2532 v.
1689 2502 1736 2533 le-

1039 2551 1125 2582 niter
1158 2550 1343 2581 manifesto
1377 2551 1494 2581 motus
1523 2550 1734 2589 significatio

1041 2601 1130 2632 insit.
1179 2601 1251 2631 Nec
1283 2600 1383 2639 igitur
1407 2598 1556 2630 conferri
1581 2598 1736 2630 debebat

1040 2651 1132 2689 Virg.
1159 2650 1244 2680 Aen.
1272 2650 1330 2687 ll,
1357 2649 1432 2680 8¹2.
1459 2648 1502 2679 de
1527 2647 1629 2688 lupo:
1656 2656 1736 2679 cau-

1041 2700 1181 2738 damque
1204 2698 1384 2730 remulcens
1413 2697 1554 2728 Subiecit
1573 2697 1735 2736 pavitan-

1040 2751 1104 2779 lemv
1127 2751 1239 2783 ulcu-m
1267 2756 1335 2778 non
1353 2747 1446 2778 enim
1463 2754 1633 2786 pavorem
1652 2746 1735 2778 Cer-
