1997 3219
328 227 408 269 45⁵2

838 228 1005 260 llORATII
1031 229 1252 261 CARMINUM

499 333 578 383 Qui
610 333 751 374 Musas
782 339 893 373 amat
923 332 1127 387 impares,

551 413 709 454 Ternos
740 419 803 453 ter
834 411 1010 469 cyathos
1042 411 1240 452 attonitus
1272 418 1385 466 petet

484 471 641 543 rates,
676 499 762 535 tres
793 491 992 548 prohibet
1023 504 1152 546 supra
1722 489 1765 530 l:''›

553 573 749 615 Rixarum
778 565 973 613 metuens
1006 578 1177 627 tangere
1210 571 1350 613 Gratia

499 677 631 719 Nudis
664 677 803 719 iuncta
834 670 1067 718 sororibus.

550 757 738 799 Insanire
771 757 904 798 iuvat:
938 770 1014 799 eur
1044 756 1324 812 Berecyntiae

493 839 672 880 Cessant
702 837 871 879 flamina
902 836 1064 879 tibiae?

549 918 634 959 Cur
664 916 823 973 pendet
852 917 978 959 tacita
1008 916 1146 959 fistula
1177 929 1273 958 cum
1305 915 1430 973 lyra?

411 1043 462 1074 45.
489 1043 549 1073 tris
572 1042 646 1080 BT,
673 1041 860 1073 BentleiuS.

324 1163 356 1185 v.
384 1153 578 1185 Commodus
613 1154 647 1184 et
681 1161 745 1184 nos
780 1153 825 1183 ad
848 1153 955 1193 Epist.
981 1153 1018 1191 ⁶2,
1071 1152 1228 1183 Cramer.
1254 1151 1278 1182 I.
1305 1159 1382 1191 pag.
1411 1151 1519 1190 6.)88.);

1555 1150 1596 1181 αἱ
1633 1149 1674 1182 δέ
1694 1161 1765 1192 μευ

324 1203 360 1241 ⁶2,
380 1203 433 1234 70.
458 1201 568 1233 Plaut.
587 1202 680 1234 Asin.
701 1202 737 1240 3,
758 1202 794 1240 3,
821 1202 903 1233 ⁴36:
930 1211 1021 1233 com-
1071 1201 1205 1246 φρένες
1228 1199 1523 1239 ἑκκεκωφέαται.

322 1253 436 1283 modas
458 1253 588 1287 minas,
624 1252 794 1291 integras,
828 1251 906 1282 iusti
931 1260 1021 1291 pon-

322 1300 442 1341 deris.)
463 1319 498 1323 —
525 1299 717 1332 Retinenda
741 1302 859 1331 autem
882 1300 1021 1331 videtur

321 1350 492 1381 librorum
537 1349 640 1381 lectio
687 1350 887 1388 miscentur,

323 1398 528 1439 simpliciter
544 1400 680 1437 narrat,
708 1408 749 1429 ex
766 1407 864 1429 more
883 1399 916 1429 in
934 1406 1020 1429 con-

321 1449 420 1479 viviis
456 1448 558 1479 solito
592 1449 683 1479 hanc
717 1446 771 1479 vel
806 1447 900 1479 illam
932 1448 1019 1478 meri

322 1507 403 1529 cum
428 1507 518 1538 aqua
544 1498 748 1529 mixtionem
773 1498 927 1528 convivis
956 1506 1018 1537 pro

325 1556 450 1578 eorum
474 1547 585 1578 lubilu
610 1547 748 1587 apponi.
776 1547 824 1577 lta
848 1546 1019 1586 Rutgersii

325 1597 526 1627 coniectura
560 1596 736 1627 miscentor
767 1596 862 1626 certe
893 1604 1020 1626 neces—

325 1646 415 1676 saria
440 1654 508 1676 non
533 1646 597 1676 est.

370 1744 504 1774 43-45.
540 1743 701 1782 impares]
739 1743 867 1773 Earum
892 1750 1019 1773 nume-

323 1802 403 1823 rum
420 1793 651 1823 novenarium
668 1791 850 1831 significat.
877 1810 912 1813 —
942 1792 1019 1822 Ter-

320 1850 379 1872 nos
403 1845 451 1872 ter
474 1841 618 1881 cyathos]
647 1841 740 1871 llaec
764 1850 905 1881 quoque
928 1849 1019 1871 nunc

321 1892 406 1931 puto
451 1890 638 1921 commode
686 1889 849 1930 explicari
899 1899 1017 1930 posse.

324 1941 481 1978 «Saue»,
518 1940 645 1979 inquit,
686 1941 814 1979 «poeta
840 1941 1016 1979 altonitzts,

321 1986 579 2028 ἑνθουσιάζων
594 2012 602 2027 ,
640 1990 756 2029 spreta
793 1988 924 2020 leviore
964 1988 1019 2020 illa

322 2039 504 2077 mixtione,
546 2038 725 2069 fortiorem
759 2039 856 2078 petet
890 2048 1019 2070 novem

320 2088 392 2118 vini
409 2087 617 2126 cyathorum
642 2095 722 2117 cum
748 2086 858 2118 tribus
884 2096 1016 2127 aquae,

322 2138 567 2167 verumtamen
603 2145 673 2167 non
702 2137 798 2176 petet
829 2140 894 2167 tres
916 2146 1020 2176 supra

321 2195 438 2217 novem
460 2186 529 2216 vini
554 2185 725 2225 cyathos,
764 2185 797 2216 id
822 2187 892 2224 est,
930 2186 1019 2217 duo—

325 2236 459 2273 decim,
485 2234 540 2266 vel
558 2234 652 2273 quod
670 2234 764 2265 idem
783 2237 853 2273 est,
880 2244 1019 2267 merum

324 2284 415 2316 nulla
433 2292 578 2324 prorsus
601 2292 690 2323 aqua
709 2282 873 2322 dilutum,
900 2285 1019 2325 prori-

324 2333 408 2372 dus,
428 2342 470 2364 ne
489 2333 584 2363 rixae
604 2333 792 2363 oriantur.»
818 2334 900 2364 Tota
919 2334 962 2365 (le
980 2343 1018 2366 re

327 2382 389 2414 cfr.
418 2382 522 2413 etiam
547 2381 690 2411 Beckeri
717 2381 832 2411 Galliis
856 2382 921 2421 (ed.
948 2382 1018 2422 alt.)

324 2433 349 2462 1.
369 2439 402 2471 p.
424 2431 484 2461 490
503 2439 602 2470 seqq.
635 2429 742 2460 Aliter
755 2429 837 2460 olim
852 2431 1021 2471 interpre-

326 2482 418 2512 tatus
431 2489 520 2518 sum,
543 2480 593 2510 uti
606 2479 741 2510 videbis
761 2480 793 2510 in
806 2480 961 2511 Excursu
975 2481 1019 2512 ad

325 2530 359 2560 h.
376 2528 410 2568 l.,
428 2537 534 2569 quem
553 2528 706 2566 servavi,
726 2536 794 2559 non
808 2529 901 2567 quod
916 2528 1022 2569 expli-

326 2579 500 2610 cationem
514 2578 626 2618 ipsam
640 2577 839 2608 etiamnunc
856 2578 1016 2618 probem,

326 2627 390 2660 sed
415 2628 494 2667 quia
518 2627 614 2657 varia
637 2627 705 2657 huo
726 2634 809 2657 sane
827 2628 1019 2666 spectantia

327 2677 491 2708 continet.
540 2694 575 2698 —-
616 2675 788 2716 attonitas]
831 2673 1020 2719 «ἐμβρόν-

326 2734 451 2766 τητος,
480 2726 594 2757 furore
620 2725 790 2766 percitus,
818 2724 1018 2765 beyeistert.»

328 2773 490 2805 Similiter
520 2777 703 2806 Anacreon
733 2773 776 2805 (le
807 2782 844 2805 se
872 2773 1017 2812 (Anecd.

939 1349 1039 1389 quia‘

1115 1251 1166 1281 116.
1183 1251 1234 1281 47.
1263 1250 1384 1281 Gratia
1397 1251 1481 1291 cet]
1510 1251 1613 1281 «Tres
1627 1251 1764 1281 Gratiae

1072 1300 1245 1331 iunctae.»
1271 1298 1332 1330 Od.
1359 1298 1395 1336 4,
1422 1299 1458 1337 7,
1486 1299 1523 1330 5:
1550 1300 1669 1330 Gratia
1693 1308 1768 1330 cum

1070 1349 1229 1388 Nymphis
1257 1348 1458 1388 yeminisque
1486 1348 1663 1379 sororibus.
1702 1349 1763 1379 Od.

1072 1400 1107 1437 ll,
1134 1398 1191 1436 30,
1218 1399 1258 1429 5:
1291 1398 1404 1429 solutis
1434 1398 1571 1429 Gratiae
1598 1398 1699 1428 zonis.
1729 1416 1764 1419 —

1070 1447 1189 1488 Niidis]
1233 1447 1320 1478 Vide
1359 1445 1615 1487 pulcherrimas
1655 1446 1767 1477 nuda-

1071 1505 1149 1528 rum
1163 1497 1362 1527 Gratiarum
1378 1497 1548 1535 imagines
1566 1496 1599 1527 in
1611 1496 1766 1527 Visconti

1070 1548 1154 1577 Mus.
1188 1546 1337 1577 Piocle-m.
1371 1546 1427 1576 IV.
1461 1546 1497 1576 Τ.
1534 1545 1584 1576 [13.
1615 1547 1762 1576 Monuni.

1071 1596 1190 1635 Boi-912.
1229 1596 1253 1626 Ι.
1291 1596 1327 1625 Τ.
1365 1594 1396 1625 3.
1434 1594 1518 1625 item
1560 1595 1593 1625 in
1628 1595 1763 1635 pictura

1070 1645 1282 1684 Pompeiana
1314 1644 1348 1673 in
1377 1644 1462 1674 Mus.
1487 1643 1629 1673 Borbon.
1679 1644 1762 1675 vlu.

1070 1694 1105 1724 T.
1133 1693 1182 1729 3.·‚
1217 1693 1323 1723 etiam
1348 1693 1381 1723 in
1406 1693 1552 1723 Monuni.
1580 1693 1664 1723 inecl.
1692 1693 1762 1724 deIl'

1069 1743 1145 1773 [nst.
1173 1742 1264 1772 arch.
1294 1742 1333 1772 II.
1368 1741 1404 1772 T.
1431 1741 1504 1779 47„
1532 1740 1615 1779 ubi,
1642 1743 1677 1772 ut
1704 1751 1763 1773 so-

1070 1790 1141 1822 lent
1165 1791 1198 1821 in
1229 1791 1466 1821 monumentis
1495 1791 1662 1831 antiquis,
1700 1792 1767 1822 sso-

1071 1848 1143 1878 res,
1171 1840 1285 1880 spicas
1311 1841 1345 1870 et
1368 1838 1501 1870 malum
1526 1839 1688 1872 manibus
1713 1842 1766 1872 te—

1071 1891 1164 1920 uent.
1193 1889 1355 1921 Vestibus
1381 1890 1501 1920 contra
1527 1889 1668 1920 indutae
1685 1891 1767 1921 sunt

1071 1940 1103 1970 in
1140 1938 1297 1969 Gerhard
1333 1939 1435 1977 antiq.
1469 1938 1587 1968 Bildw.
1622 1939 1643 1968 1.
1678 1938 1762 1969 Tab.

1071 1987 1201 2025 lli-lo„
1234 1987 1355 2019 Clarae
1382 1989 1495 2019 Musae
1526 1988 1563 2018 de
1586 1987 1700 2026 sculpt.
1727 1988 1763 2019 T.

1072 2037 1159 2075 473„
1189 2038 1273 2068 Mus.
1298 2036 1441 2068 Borbon.
1466 2036 1506 2067 V.
1532 2036 1568 2067 T.
1593 2036 1646 2067 39.

1115 2086 1165 2117 418.
1187 2086 1237 2116 49.
1259 2085 1418 2126 Insanire]
1440 2084 1644 2123 «bacchari,
1664 2093 1765 2115 amo-

1071 2136 1112 2166 tis
1138 2136 1255 2166 tamen
1286 2135 1403 2166 rixis.»
1451 2133 1512 2165 Od.
1539 2133 1576 2171 4,
1612 2134 1670 2172 1¹2,
1703 2134 1762 2167 28:

1070 2185 1172 2215 Dulce
1198 2187 1243 2215 est
1277 2185 1421 2223 desipere
1454 2183 1488 2214 in
1519 2184 1600 2214 loco.
1635 2200 1670 2205 —
1705 2191 1766 2214 cur

1069 2233 1294 2273 Berecyntiae]
1336 2234 1433 2264 «Cur
1471 2233 1612 2263 cessant
1650 2231 1765 2263 tibici—

1070 2291 1133 2313 nes
1164 2282 1341 2327 Φρυγιστὶ
1372 2283 1549 2312 canere-7»
1586 2281 1766 2320 Berecyn—

1071 2332 1136 2369 tus,
1157 2331 1327 2371 Phrygiae
1344 2338 1459 2369 mons,
1478 2329 1537 2361 uhi
1554 2330 1765 2370 praecipuus

1071 2379 1182 2411 cultus
1200 2381 1316 2412 Matris
1334 2380 1441 2411 deum
1461 2387 1607 2419 magnac
1626 2378 1763 2410 Idaeae.

1070 2428 1143 2460 Tib.
1163 2430 1200 2468 ⁶2,
1233 2430 1268 2467 4,
1299 2429 1357 2460 86:
1392 2429 1534 2468 Phrygio
1559 2428 1638 2459 tibia
1661 2435 1765 2458 curva

1070 2487 1162 2517 sono,
1190 2479 1224 2509 et
1248 2478 1391 2518 quidem
1416 2478 1587 2518 graviore.
1621 2477 1761 2508 Aristot.

1072 2526 1167 2558 Polit.
1188 2528 1222 2566 Δ1,
1249 2528 1285 2566 8,
1313 2528 1351 2558 6:
1379 2523 1449 2559 οὐκ
1473 2522 1577 2558 ἔστιν
1602 2522 1623 2556 ὁ
1647 2520 1764 2564 αὐλὸς

1071 2572 1227 2617 ἠθικόν,
1263 2572 1360 2607 ἀλλὰ
1391 2574 1539 2617 μᾶλλον
1572 2571 1764 2620 ὀργιαστι-

1070 2623 1151 2656 κόν.
1201 2625 1305 2665 (Hine
1339 2624 1517 2665 insanire.)
1554 2642 1589 2646 —
1624 2624 1764 2664 flamina

1071 2674 1178 2716 tibiae]
1212 2675 1329 2715 Eurip.
1362 2675 1490 2705 Phoen.
1523 2672 1601 2704 788:
1640 2669 1762 2704 λωτοῦ

1071 2721 1277 2764 πνεύματα.
1323 2723 1450 2755 Bacch.
1496 2722 1575 2753 427:
1613 2717 1763 2764 ἡὸυβόᾳ.

1071 2773 1240 2817 Φρυγίων
1264 2767 1394 2805 Αὐλῶν
1410 2768 1604 2812 πνεύματι.
1635 2770 1759 2801 Troad.
