1997 3219
718 210 793 241 LlB.
822 210 874 240 lll.

925 210 961 239 c.
988 209 1056 240 xx.
1553 203 1631 244 4-57

420 312 498 354 lbit
531 312 738 367 insignem
769 319 967 367 repetens
998 309 1253 352 Nearchum.

422 391 589 433 Grande
621 399 854 435 certamen.
889 391 960 433 tibi
992 390 1152 446 pracda
1182 389 1323 436 cedat,

586 472 718 514 Maior
748 486 800 514 an
832 471 911 513 illa.

420 577 611 619 Interim.
646 577 747 618 dum
778 585 820 618 tu
853 576 1017 619 celeres
1048 576 1219 631 sagittas

420 657 605 701 Promis.
639 656 745 699 haee
775 656 926 699 dentes
958 656 1070 698 acuit
1100 655 1332 699 timendos,
1588 652 1632 693 10

418 736 584 779 Arbiter
614 750 780 793 pugnae
812 737 1008 793 posuisse
1040 736 1154 778 nudo

587 816 674 859 Sub
706 816 816 872 pede
847 816 1030 872 palmam

422 924 570 964 Fertur
600 927 641 964 et
671 920 753 963 leni
784 934 981 963 recreare
1012 928 1137 963 vento

280 1066 310 1097 8.
343 1065 452 1103 cedal,
488 1064 600 1095 Maior
628 1072 673 1094 an
697 1063 755 1094 illa
783 1062 931 1094 llosman
960 1062 1166 1103 Peerlkamp
1199 1065 1234 1094 et
1266 1063 1380 1103 Haupt
1412 1062 1456 1094 ad
1481 1062 1588 1093 Ovidii

237 1114 381 1146 llalieut.
407 1122 441 1154 p.
469 1113 526 1145 40:
561 1113 654 1144 cedat
676 1113 788 1143 Maior
819 1121 863 1143 an
889 1112 934 1143 illi
958 1112 1049 1143 Libri
1074 1113 1109 1143 et
1132 1112 1243 1149 Edd..
1281 1112 1386 1142 etiam
1409 1111 1439 1142 J.
1467 1111 1591 1151 (maior

235 1164 360 1196 Caedac
383 1173 427 1194 an
451 1163 497 1194 ἱῖῖἰ
520 1163 568 1200 T.)
597 1179 632 1185 —
658 1164 738 1194 Post
762 1171 793 1192 v.
821 1162 851 1192 9.
878 1160 996 1192 deficit
1020 1160 1138 1193 Codex
1163 1160 1185 1191 d
1208 1169 1322 1200 usque
1349 1160 1393 1191 ad
1411 1161 1528 1192 Carm.
1549 1159 1586 1197 4,

236 1213 270 1251 ’2,
297 1213 350 1244 31.
380 1230 415 1234 -
443 1212 473 1243 9.
501 1212 614 1243 celeris
637 1212 672 1242 T.
696 1228 729 1233 —-
752 1211 803 1242 vlt).
823 1210 991 1251 timendos]
1017 1210 1171 1250 superbos
1195 1210 1374 1242 Gotlianus
1400 1209 1497 1241 alter.

198 1339 306 1368 tum.»
339 1337 495 1367 Dirrizxn.
522 1344 555 1375 p.
583 1334 651 1373 30.‚
678 1342 784 1374 quem
808 1333 888 1365 vide

195 1385 239 1416 de
272 1387 343 1416 toto
372 1384 449 1416 loco
475 1384 612 1423 egregie
637 1383 886 1424 disputantem.

195 1435 251 1466 Est
277 1435 394 1473 igitur:
423 1434 579 1473 «(Atque)
603 1432 637 1463 id
662 1433 805 1472 quidem
825 1433 890 1463 erit

195 1491 360 1522 magnum
386 1484 584 1518 certamen,
621 1489 702 1512 cum
733 1480 795 1511 ibit
819 1482 886 1512 cet.

194 1531 257 1563 Alii
283 1533 487 1571 separantes
507 1539 562 1561 w.
580 1531 709 1570 grande
724 1533 888 1561 certamen

193 1590 212 1612 a
235 1590 267 1611 v.
293 1580 482 1611 Nearchum
513 1579 627 1610 minus
657 1580 752 1609 recte
778 1578 888 1619 expli—

194 1631 291 1661 cant:
331 1629 490 1660 «Grande
525 1629 578 1659 est
611 1631 815 1659 certamen.»
849 1645 884 1649 —

194 1680 282 1710 Cum
314 1677 448 1718 volgata
482 1678 575 1709 cedat
605 1678 734 1717 Maior,
768 1687 814 1708 an
842 1677 889 1707 illi

194 1726 416 1769 probabilem
441 1726 708 1768 explicationem
733 1736 801 1758 non
825 1725 889 1757 ad-

194 1778 324 1815 mittat,
357 1777 476 1817 recepi
502 1777 567 1807 HP.
596 1778 629 1807 et
654 1776 791 1816 Hauptii
819 1775 887 1815 (qui

196 1827 260 1858 ΗΡ.
292 1834 361 1857 non
393 1826 550 1866 inspecto
575 1825 608 1855 in
636 1825 731 1856 idem
760 1824 888 1863 incidit)

195 1883 358 1915 sagacem
383 1884 423 1905 ac
451 1873 648 1906 facillimam
675 1874 892 1905 emendatio-

195 1933 277 1955 nem
304 1925 416 1962 cedal,
441 1924 553 1954 Maior
576 1932 619 1954 αη
649 1923 705 1954 illa
736 1926 810 1963 [wan
835 1921 889 1953 illa

194 1973 317 2003 xit-trix
334 1973 447 2003 sutura
464 1972 567 2011 sit.»)‚
595 1972 651 2003 cui
676 1972 769 2003 favet
784 1972 890 2002 etiam

196 2020 450 2061 Dillenburger.
507 2021 572 2051 HP.
618 2029 697 2052 eam
740 2020 891 2051 firmavit

195 2069 272 2101 loco
291 2070 373 2110 Epp.
402 2070 414 2100 l
433 2094 438 2106 ‚
460 2070 517 2106 10,
537 2070 594 2100 35:
630 2070 738 2100 minor
761 2070 791 2099 in
818 2078 891 2100 cer-

199 2120 321 2150 tamine
349 2120 457 2159 lonyo.

241 2170 291 2199 1¹0.
329 2169 438 2199 dentes
471 2167 575 2207 acuit]
614 2167 713 2204 Quod
750 2167 890 2208 proprie

197 2216 286 2248 xalet
315 2217 358 2248 de
386 2226 471 2257 apro
502 2215 605 2256 (iliad.
635 2214 673 2253 λ,
704 2215 785 2247 li-iG:
818 2213 892 2257 θή-

197 2277 273 2308 γων
291 2263 428 2298 λευκὸν
445 2262 594 2296 ὀδόντα.
629 2265 770 2296 llesiod.
796 2266 889 2296 Scut.

200 2316 299 2346 Herc.
329 2324 361 2346 ν.
392 2316 470 2346 388:
514 2312 630 2356 (θήγει
661 2312 701 2345 δέ
736 2323 773 2345 τε
809 2313 893 2345 λευ-

198 2362 267 2395 κὸν
285 2361 434 2395 ὀδόντα.
466 2365 556 2403 Virg.
578 2366 636 2395 Ge.
657 2364 693 2402 3,
721 2363 821 2403 ³255),
848 2363 891 2394 ad

199 2413 336 2445 leonem
363 2412 554 2450 transtulit,
597 2415 633 2444 ut
672 2413 825 2453 scriptor
848 2413 891 2442 ad

199 2463 350 2494 llerenn.
367 2462 404 2499 -i,
421 2463 473 2499 39,
492 2463 527 2493 5¹
545 2472 550 2491 2
576 2462 658 2493 sicut
681 2471 697 2492 e
720 2470 821 2492 cavea
845 2462 893 2492 lvo

198 2513 314 2543 missus
337 2529 354 2534 -
379 2529 414 2549 -,
440 2520 559 2542 acuens
582 2511 698 2542 dentes.
732 2511 813 2541 Mira
840 2510 892 2541 illa

200 2560 301 2592 lectio
339 2561 493 2600 superbos
531 2569 594 2600 pro
629 2560 787 2591 timendos
817 2561 891 2590 orta

201 2610 337 2641 videtur
361 2618 379 2640 e
401 2609 503 2650 gloss.
532 2609 752 2650 «Superbus»
770 2609 894 2640 arbioer

197 2668 339 2699 puynae.

247 2709 280 2738 lt
300 2725 316 2730 —
331 2709 380 2740 43.
415 2708 554 2748 Arbilcr]
582 2704 821 2751 βραβευτής,
841 2708 894 2737 iu-

203 2758 286 2794 dex,
319 2759 397 2797 quia
423 2766 532 2798 penes
558 2757 671 2797 ipsum
700 2759 767 2794 est,
795 2756 892 2788 cuius

940 1333 1071 1374 praeda
1104 1341 1183 1365 esse
1216 1331 1313 1372 velit,
1351 1334 1469 1364 utrum
1498 1333 1633 1373 Pyrrho

940 1382 1093 1423 palmam
1111 1383 1279 1423 porrigat⁷
1299 1391 1341 1413 an
1359 1381 1494 1422 puellae
1512 1391 1632 1413 amore

939 1440 1141 1472 percussae.
1182 1449 1217 1453 —
1250 1432 1358 1471 fertur
1386 1431 1544 1472 posuisse]
1581 1431 1634 1462 Si—

938 1490 1045 1520 gnum
1070 1481 1137 1512 hoc
1154 1480 1262 1512 fastus
1279 1489 1320 1512 ae
1337 1480 1536 1521 superbiae,
1563 1489 1633 1520 quo

938 1531 970 1561 in
996 1539 1059 1561 suo
1084 1529 1227 1561 arbitrio
1252 1531 1406 1571 positum
1432 1538 1511 1561 esse
1529 1538 1634 1570 prae-

939 1579 1049 1610 mium
1073 1579 1225 1610 ostendit
1249 1581 1352 1620 atque
1379 1579 1422 1610 de
1447 1579 1556 1619 ipsius
1582 1579 1633 1610 sa-

938 1637 1022 1659 vore
1059 1630 1234 1660 certantes
1269 1637 1379 1669 prope
1416 1628 1563 1659 deridet.
1595 1644 1629 1649 —

939 1678 1036 1718 nudo]
1060 1678 1219 1709 «Nudum
1242 1677 1374 1718 pedem
1389 1686 1453 1718 pro
1471 1679 1542 1708 toto
1560 1686 1636 1708 cor-

939 1735 1024 1767 pore
1047 1727 1140 1758 nudo
1158 1727 1226 1757 (lici
1242 1726 1403 1764 arbitror,
1430 1727 1468 1757 ut
1484 1726 1636 1767 pulchri-

939 1775 1049 1807 tudini
1084 1776 1239 1807 confisus
1275 1784 1359 1806 suae
1395 1784 1485 1816 puer
1520 1775 1634 1807 nudus

940 1825 1080 1856 adstare
1120 1826 1288 1865 tingatur,
1331 1827 1509 1865 tamquam
1549 1824 1636 1856 alter

941 1874 1110 1915 Cupido.»
1136 1875 1260 1905 Borma.
1287 1875 1361 1905 lluc
1387 1874 1482 1905 ducit
1508 1875 1631 1913 etiam,

941 1923 1035 1964 quod
1060 1924 1228 1955 humeros
1249 1932 1332 1955 sane
1357 1923 1470 1954 nudos
1496 1923 1636 1963 refrige-

942 1975 1004 2004 rat.
1033 1972 1161 2004 «Soleis
1186 1972 1271 2004 laxis
1296 1973 1451 2004 innixus»
1480 1974 1575 2003 certe
1593 1973 1636 2003 si-

941 2022 1106 2062 gnificare
1143 2029 1212 2052 non
1246 2023 1371 2062 potest.
1409 2038 1443 2043 —
1473 2021 1634 2062 palmam]

943 2071 1107 2101 victoriae
1133 2071 1280 2110 signum.
1331 2072 1377 2101 lta
1402 2072 1439 2101 ut
1463 2071 1636 2110 interpre-

943 2120 1070 2157 temur,
1089 2117 1266 2158 postulant
1277 2128 1331 2149 vv.
1347 2118 1476 2150 Arbiter
1487 2128 1631 2159 passivae.

943 2169 997 2198 Sic.
1020 2168 1052 2198 in
1075 2166 1241 2207 gallorum
1266 2166 1536 2207 gallinaceorum
1561 2177 1636 2199 cer-

945 2217 1072 2247 tamine
1097 2216 1190 2256 apud
1221 2216 1409 2247 Panoi'kam
1440 2217 1548 2247 mmer-
1571 2226 1636 2248 an-

943 2266 1026 2297 tinen
1051 2265 1171 2296 Lebens
1194 2265 1229 2296 T.
1258 2266 1295 2296 X.
1323 2265 1353 2296 4..
1381 2266 1471 2296 inter
1499 2268 1636 2297 utrum—

944 2323 1011 2354 que
1038 2315 1070 2345 in
1094 2313 1167 2345 solo
1193 2314 1282 2345 iacet
1307 2313 1432 2354 palma.
1456 2314 1548 2353 ,mlii
1574 2324 1636 2345 ex—

944 2363 1088 2404 plicant:
1128 2363 1186 2394 «in
1217 2362 1343 2394 lectulo
1375 2364 1492 2394 iacens
1520 2362 1636 2394 excal-

944 2414 1084 2450 ceatus,
1123 2412 1245 2443 dextro
1280 2421 1381 2443 crure
1417 2421 1524 2452 super
1558 2413 1638 2443 sini—

943 2463 1055 2492 strum
1081 2461 1209 2502 posito,
1244 2460 1339 2492 laeva
1361 2462 1475 2500 palma
1503 2461 1634 2499 (manu)

945 2510 1051 2550 tangit
1089 2510 1217 2551 pedem
1251 2510 1430 2548 dextrum,
1478 2510 1509 2540 id
1543 2510 1635 2550 quod

944 2559 1170 2599 negligentiae
1196 2561 1333 2599 signum
1359 2568 1437 2591 esse
1461 2559 1581 2598 aiunt.)
1601 2578 1632 2581 --

940 2609 1084 2648 posuisse
1100 2626 1117 2631 —
1134 2626 1152 2631 -
1176 2609 1293 2640 Ferlm·
1316 2611 1344 2638 cl
1361 2625 1377 2630 -
1395 2608 1556 2648 ret-reare]
1587 2608 1635 2638 ,m

944 2658 1225 2689 coniunctionem
1265 2657 1420 2688 intinitixi
1471 2656 1554 2696 pers.
1604 2659 1637 2687 et

943 2716 1059 2748 praes.
1097 2708 1157 2738 cl'r.
1198 2706 1309 2738 Valer.
1353 2707 1439 2738 Max.
1470 2706 1507 2742 2,
1534 2705 1570 2740 li.
1598 2706 1632 2736 2:

944 2757 1082 2788 senatus
1127 2756 1271 2787 consulto
1315 2758 1447 2786 effluunt
1493 2758 1554 2793 est,
1600 2764 1637 2785 m·
