1997 3219
296 128 375 170 618

519 233 753 276 l‘raebente
785 234 919 276 divos.

807 132 974 164 llORATll
1002 132 1223 165 CARMINUM

981 235 1083 276 Nam
1114 233 1205 283 tibi,
1239 250 1324 292 quo
1356 236 1423 278 die

573 315 723 356 Portus
756 314 1023 357 Alexandrea
1054 315 1233 372 supplex
1675 317 1726 355 :353

630 395 678 436 Et
709 408 889 437 vacuam
920 395 1116 451 patefecit
1146 395 1306 444 aulam,

518 502 699 541 Fortuna
729 499 861 542 lustro
891 514 1098 557 prospera
1128 502 1249 544 tertio

515 580 617 623 Belli
651 581 863 623 secundos
895 581 1080 623 reddidit
1108 582 1268 630 exitus,

568 661 847 718 Laudemque
881 668 922 704 et
953 668 1145 718 optatum
1174 664 1358 719 peractis

628 742 820 798 Imperiis
852 742 986 785 decus
1019 743 1240 799 arrogavit.

1677 744 1727 784 40

517 848 572 889 Te
604 846 814 890 Cantaber
843 861 926 890 non
957 855 1053 891 ante
1085 847 1311 890 domabilis

378 991 429 1022 35.
455 990 662 1022 Alcatandria
685 991 771 1029 S,C‚
799 992 976 1022 alexandri
1004 992 1075 1032 (sic)
1094 992 1128 1023 T.
1156 991 1382 1032 (Aleasandrea
1405 1001 1581 1033 superscr.
1610 993 1682 1032 ib.)

291 1113 430 1145 rabant.

290 1163 548 1204 distinguuntur
572 1172 591 1194 a
615 1164 732 1195 Tacito
749 1165 837 1195 Ann.
857 1165 896 1203 ¹2,
927 1164 980 1197 lii.

293 1214 390 1252 (Ann.
424 1213 460 1251 3,
495 1212 551 1244 47:
607 1213 750 1244 Tiberius
773 1231 791 1235 —
815 1231 832 1236 -
856 1214 984 1245 senatui

289 1262 419 1301 scripsit
442 1279 461 1284 —
485 1280 503 1285 —
525 1263 587 1302 fide
621 1271 661 1293 ac
694 1263 815 1294 virtute
847 1263 981 1304 leyatos,

288 1321 321 1343 se
349 1312 546 1343 consiliis
567 1311 792 1353 superfuisse.)
838 1313 981 1344 Sueton.

293 1362 412 1393 Octav.
436 1362 471 1392 21
490 1371 496 1392 t
536 1362 672 1393 Domitii
692 1362 851 1401 -partim
872 1363 981 1401 ductu,

284 1411 413 1449 partim
443 1411 600 1450 auspiciis
628 1411 928 1442 su-is--Raetiam
956 1414 985 1442 et

295 1460 471 1490 Vindelicos
493 1469 533 1491 ac
559 1460 720 1491 Salassos.
758 1459 853 1491 Ovid.
881 1461 980 1491 Trist.

289 1509 326 1547 ⁶2,
355 1509 437 1540 474:
466 1508 636 1549 (Victoria)
664 1509 906 1548 Ausoniumque
922 1510 985 1540 du-

289 1567 358 1589 cem
395 1557 496 1589 solitis
534 1558 743 1589 circumvolet
782 1559 985 1589 alis——Per

289 1616 385 1645 quem
408 1607 491 1638 bella
512 1608 612 1648 9eris,
637 1608 831 1639 cuiusnam
848 1617 985 1647 corpore

285 1665 436 1697 pugynas;
471 1657 660 1697 Auspicium
691 1658 744 1689 cui
768 1659 828 1688 clas
858 1658 984 1697 grande

289 1707 426 1745 deosque
449 1709 530 1737 tuos.
553 1725 588 1728 —
608 1715 671 1744 quo
695 1707 754 1747 dic]
783 1707 887 1744 «Quia
905 1707 983 1746 post

289 1755 491 1794 quindecim
527 1764 636 1786 annos
665 1763 772 1795 quam
808 1756 982 1793 Augustus

288 1803 532 1835 Alexandriam
564 1805 656 1844 cepit
687 1804 728 1843 (a.
760 1813 793 1835 u.
822 1813 851 1835 c.
879 1803 980 1843 7224),

288 1853 447 1884 Tiberius
472 1853 600 1884 devicit
624 1852 857 1885 Vindelicos.»
885 1854 926 1893 (a.
946 1862 979 1883 u.

289 1902 426 1941 (2739.)
465 1904 579 1933 Aenos
613 1903 743 1934 NANNu.
783 1920 818 1925 —-
854 1901 980 1942 Portus]

290 1951 358 1983 Cir.
401 1951 525 1982 Strabo
565 1952 621 1989 47,
663 1952 693 1983 6.
736 1952 789 1983 VI.
831 1960 864 1991 p.
906 1951 980 1983 493.

289 2000 410 2031 Tzscli.
452 2000 698 2032 Alexandriam
745 2003 863 2032 autem
895 2001 929 2032 h.
958 1999 978 2032 l.

288 2058 352 2090 per
384 2048 697 2093 προσωποποιῖαν
729 2050 819 2090 linge
854 2049 913 2081 tibi
939 2049 981 2081 fi-

288 2107 371 2136 gura
398 2098 576 2137 muliebri,
616 2099 917 2139 quemadmodum
947 2100 980 2131 in

289 2149 441 2180 nummis
465 2147 572 2179 urbes
601 2147 714 2179 solent
743 2148 906 2188 exprimi,
945 2150 982 2179 ut

288 2196 381 2237 apud
421 2197 553 2228 Rascbc
592 2197 672 2227 Lex.
711 2205 805 2227 num.
844 2197 867 2227 1.
899 2205 977 2237 pag.

288 2245 363 2277 349.
403 2247 456 2276 est
479 2244 688 2277 Alexandria
728 2245 819 2285 ipsa,
857 2244 982 2277 mulier

287 2295 406 2332 stans,
454 2295 553 2325 veste
593 2295 795 2331 succincta,
843 2296 980 2326 exserta

288 2343 409 2375 dextra
434 2351 607 2379 mamma,
645 2343 757 2384 capite
785 2342 982 2383 elephanti-

289 2402 368 2424 nam
387 2391 522 2432 galeam
540 2400 685 2429 eerens,
705 2393 736 2423 in
751 2391 816 2423 alio
835 2402 981 2424 nummo

288 2441 447 2473 eiusdem
483 2441 579 2472 urbis
615 2441 696 2472 ibid.
723 2450 800 2482 pag.
828 2441 901 2472 323.
929 2443 982 2474 est

289 2490 415 2522 mulier
440 2491 533 2522 humi
560 2490 737 2522 desidetis.
767 2509 802 2513 —
831 2491 890 2522 Vv.
918 2500 982 2530 quo

288 2541 338 2571 dic
371 2541 486 2571 Portus
517 2542 582 2571 cet.
620 2549 689 2571 non
735 2540 837 2571 nimis
876 2549 982 2571 accu-

290 2591 362 2621 rate
398 2589 441 2620 de
477 2598 546 2620 uno
572 2590 769 2629 eodemque
804 2589 858 2620 die
888 2591 982 2621 acci-

290 2639 412 2678 pienda
438 2638 616 2676 videntur,
648 2639 709 2670 sed
736 2641 806 2670 est:
835 2639 980 2670 «emicui

290 2697 397 2730 prope
417 2690 575 2728 tempore
589 2691 827 2720 recurrente.»
851 2688 979 2725 Quodsi

485 1115 571 1145 Hine
608 1115 723 1145 dactus
761 1115 796 1146 et
834 1116 983 1155 auspicia
1037 1123 1075 1146 re
1098 1121 1182 1146 vera
1216 1115 1309 1146 idem
1339 1115 1401 1147 fuit
1429 1116 1520 1155 dieS‚
1558 1117 1610 1148 est
1639 1118 1728 1148 teste

1034 1163 1240 1196 Kalendario
1265 1163 1457 1204 Antialin'o‚
1485 1165 1617 1197 Claudii
1643 1167 1730 1197 tem-

1033 1221 1137 1253 pore,
1165 1214 1201 1244 ut
1224 1213 1381 1251 videtur,
1414 1214 1573 1245 confecto
1600 1216 1725 1254 (Inscr.

1034 1270 1081 1293 m.
1117 1263 1188 1293 Lat.
1222 1263 1261 1294 ΙΙ.
1288 1271 1322 1303 p.
1349 1262 1437 1303 397.)
1473 1264 1507 1294 et
1539 1264 1659 1295 Orosio
1690 1264 1726 1301 6,

1036 1312 1087 1343 49.
1115 1311 1185 1343 Kal.
1213 1311 1343 1351 Sextil.,
1370 1314 1408 1343 ut
1431 1311 1484 1343 alii
1509 1313 1624 1344 minus
1646 1321 1730 1353 pro-

1034 1361 1366 1400 babilitertradunt,
1393 1371 1436 1392 iv.
1456 1361 1526 1392 Kal.
1547 1363 1640 1402 Sept.
1663 1362 1726 1401 (29.

1035 1418 1082 1441 m.
1108 1410 1277 1451 Augusti.)
1310 1410 1379 1442 Csr.
1411 1411 1543 1442 Franke
1574 1411 1663 1442 Fasti
1692 1419 1726 1450 p.

1034 1459 1108 1491 ⁶244.
1135 1461 1251 1499 Longe
1276 1459 1375 1491 aliter
1398 1460 1492 1491 hunc
1515 1459 1632 1491 locum
1650 1461 1731 1490 Sca-

1034 1507 1120 1549 liger
1144 1509 1186 1540 de
1212 1509 1357 1540 Emend.
1384 1510 1493 1550 temp.
1524 1509 1563 1540 V.
1591 1518 1624 1549 p.
1652 1508 1725 1540 453.

1035 1558 1299 1598 interpretatur:
1317 1559 1399 1589 «Hic
1416 1558 1602 1598 imperium
1615 1559 1729 1597 Augu-

1036 1608 1076 1639 sti
1102 1607 1237 1638 orditur
1261 1616 1278 1638 a
1305 1607 1413 1638 caede
1439 1607 1610 1643 Caesaris,
1637 1615 1727 1637 anno

1034 1657 1191 1688 secundo
1230 1656 1372 1688 Iuliano.
1426 1658 1545 1697 Itaque
1585 1657 1726 1687 tertium

1034 1704 1181 1736 lustrum
1199 1704 1397 1737 absolutum
1412 1731 1417 1744 ,
1445 1706 1479 1736 id
1497 1708 1566 1743 est,
1585 1705 1727 1745 quintus

1034 1754 1193 1785 decimus
1229 1763 1340 1786 annus
1371 1763 1388 1785 a
1421 1754 1529 1786 caede
1567 1754 1726 1785 Caesaris

1034 1812 1144 1835 annus
1170 1805 1333 1844 receptae
1370 1802 1617 1841 Alexandriae,
1659 1803 1728 1833 hoc

1034 1855 1103 1890 est,
1145 1861 1256 1884 annus
1291 1853 1376 1884 XVI.
1410 1851 1572 1884 lulianus.
1621 1853 1726 1883 Recte

1032 1896 1134 1942 igitur
1157 1902 1318 1933 Horatius
1339 1901 1494 1933 definivit
1510 1903 1648 1942 tempus
1667 1901 1728 1932 im-

1032 1952 1119 1992 perii
1150 1951 1295 1990 Augusti
1327 1951 1370 1982 ad
1400 1952 1581 1991 receptam
1612 1959 1725 1990 usque

1032 2000 1298 2038 Alexandriam,
1346 2008 1518 2031 annorum
1548 2000 1616 2031 XV.
1649 1999 1727 2031 soli-

1032 2049 1191 2081 dorum.»
1244 2049 1373 2080 Verum
1408 2049 1458 2080 sic
1492 2048 1583 2081 nulla
1617 2049 1727 2080 inter-

1033 2099 1126 2130 cedit
1156 2099 1243 2129 ratio
1274 2098 1364 2129 inter
1391 2097 1637 2129 Alexandriam
1666 2107 1726 2129 ca—

1031 2150 1127 2189 ptam
1161 2150 1194 2179 et
1224 2146 1421 2179 Vindelicos
1452 2146 1657 2178 debellatos.
1685 2165 1722 2169 —

1030 2206 1206 2228 vacuam-
1223 2196 1347 2235 aulam]
1379 2196 1547 2227 Antonius
1572 2196 1665 2226 enim
1691 2198 1726 2227 et

1034 2246 1236 2286 Cleopatra,
1270 2253 1350 2276 cum
1376 2253 1413 2275 se
1445 2244 1477 2275 in
1509 2243 1723 2275 Mausoleum

1031 2296 1265 2336 recepissent.
1293 2302 1373 2325 mox
1396 2295 1547 2324 mortem
1563 2293 1628 2325 sibi
1646 2302 1726 2324 con-

1032 2345 1220 2376 sciverunt.
1242 2361 1278 2365 —
1295 2342 1448 2382 reddidit]
1469 2351 1610 2373 «rursus
1626 2350 1726 2382 prae—
1788 2344 1795 2351 ⁸

1031 2393 1139 2425 buit.»
1167 2410 1202 2414 —-
1225 2393 1368 2431 peractis
1387 2391 1546 2430 Imperiis]
1572 2390 1724 2422 «bellicis

1032 2441 1314 2483 expeditionibus
1340 2443 1374 2472 et
1409 2441 1475 2472 tuis
1509 2440 1659 2481 propriis
1691 2442 1726 2471 et

1032 2492 1161 2522 ducum
1187 2492 1324 2522 tuorum
1350 2492 1409 2522 tuo
1434 2489 1577 2521 consilio
1601 2489 1644 2520 ad
1673 2488 1724 2520 fe-

1031 2540 1235 2572 licissimum
1254 2540 1385 2571 exitum
1410 2539 1624 2579 perductis.»
1656 2539 1725 2569 Mo-

1033 2591 1185 2622 ncndum
1203 2590 1270 2621 hoc
1288 2591 1364 2621 erat
1388 2591 1531 2630 propter
1548 2596 1644 2624 eum,
1665 2587 1721 2625 qui

1034 2648 1146 2680 nuper
1163 2640 1248 2670 mire
1268 2639 1514 2678 interpretatus
1532 2638 1598 2668 est:
1625 2643 1722 2675 «per—

1033 2690 1126 2728 igcre
1158 2687 1307 2726 (soloece
1334 2696 1396 2728 pro
1416 2685 1588 2726 peraqcre)
1615 2685 1724 2724 impe-
