1997 3219
320 176 401 215 268

836 177 1004 209 HORATH
1029 177 1250 210 CARMINUM

814 488 1124 528 CARMEN
1163 488 1263 526 ΧΙ-

544 600 657 653 Quid
686 600 918 643 bellicosus
951 599 1162 642 Cantaber
1191 606 1232 642 et
1261 599 1461 657 Scythes,

543 682 720 738 Hirpine
752 681 916 732 Quinti,
950 667 1105 737 ‹iogioet
1136 679 1294 722 Hadria

599 761 773 804 Divisus
805 761 997 810 obiecto,
1030 760 1220 802 remittas

406 877 458 907 XI.
486 876 593 907 Inscr.
618 874 708 915 volg.
745 874 795 906 Ad
819 874 999 913 Quintium.
1021 891 1056 895 —
1073 873 1123 904 Ad
1146 873 1324 912 Hirpininn
1346 881 1480 903 monens
1502 881 1716 911 unamquem-

362 934 423 964 que
446 924 582 956 utilitati
604 932 683 955 suae
705 924 872 954 consulere
887 923 924 954 B.
954 941 990 946 —-
1011 922 1060 953 Aci
1077 922 1245 961 Quintium
1261 922 1437 961 Hirpinum
1452 930 1584 952 monens
1599 930 1717 952 unum-

363 983 521 1013 quemque
544 972 826 1014 (unamquamque
849 971 883 1011 T)
907 988 923 994 -
942 971 1138 1002 -consulere
1160 971 1223 1003 bT.
1264 989 1299 993 m
1335 971 1384 1002 Ad
1415 971 1584 1009 Quintium
1606 970 1717 1010 Hirpi-

361 1032 440 1054 num
465 1024 497 1054 S.
527 1041 563 1045 —
587 1023 637 1054 Ad
653 1022 822 1061 Quintium
843 1021 1021 1060 Hirpinum
1044 1029 1177 1052 monens
1199 1029 1264 1052 non
1279 1029 1344 1055 esse
1360 1020 1571 1060 cogitationes
1586 1023 1716 1051 nostras

362 1073 395 1103 in
427 1073 591 1103 diversum
618 1072 794 1103 mittendas
826 1080 856 1102 c.
886 1087 927 1107 -,
948 1070 979 1101 4.
1006 1069 1160 1101 contaber
1188 1071 1225 1101 T.
1255 1087 1290 1091 -—
1317 1070 1348 1101 2.
1376 1069 1505 1109 Quincti
1533 1070 1638 1101 LCtF.
1666 1070 1716 1109 (Ut

361 1130 442 1160 nos,
469 1121 578 1153 nostri
602 1120 726 1161 Codd.)
755 1119 920 1170 -'Adria
943 1118 998 1150 od.

360 1220 414 1251 XI.
454 1219 631 1257 Quintium
665 1219 867 1260 Hirpinum,
906 1218 1013 1250 soda-

316 1268 386 1300 lem
400 1277 516 1307 suum,
535 1269 579 1300 ad
595 1269 788 1310 sapientem
802 1269 893 1299 vitae
908 1277 1012 1300 usum

318 1318 465 1349 comiter
497 1318 713 1350 adhortatur.
762 1319 838 1349 Non
867 1319 1012 1358 prorsus

317 1367 462 1408 quidem
487 1369 641 1405 eertum,
676 1375 801 1398 verum
828 1366 1011 1407 probabile

317 1418 389 1455 est,
431 1417 585 1448 eundem
618 1417 794 1455 Quintium
831 1425 927 1453 esse,
968 1415 1012 1446 ad

317 1474 425 1506 quem
450 1467 542 1498 misit
566 1466 651 1506 Epp.
680 1466 717 1504 4,
746 1465 797 1496 46.
826 1466 947 1505 Aeque
963 1465 1014 1495 in-

317 1517 453 1546 certum
484 1516 536 1546 est
566 1515 828 1555 compositionis
852 1516 1010 1554 tempus;

317 1565 464 1596 fortasse
482 1565 555 1596 728.
575 1566 634 1595 aut
650 1564 784 1595 initium
802 1563 881 1594 7¹29:
910 1572 1012 1594 «oum

318 1613 482 1646 Cantabri
506 1612 720 1644 rebellarent
744 1614 779 1643 et
795 1613 944 1652 Scythae
964 1613 1014 1644 in-

317 1663 463 1702 stigante
494 1663 642 1694 Phraate
674 1664 793 1693 contra
823 1661 1011 1693 Til·idatem

317 1711 577 1752 expeditionem
606 1712 781 1752 pararent.
830 1710 891 1741 Od.
919 1710 957 1748 3,
992 1711 1011 1742 8

317 1762 351 1792 et
376 1762 409 1799 i,
437 1762 511 1792 49.»
549 1762 690 1792 FRANKE.
730 1759 793 1791 Alii
817 1759 1012 1791 retulerunt

316 1810 360 1841 ad
395 1820 426 1841 a.
461 1810 535 1842 734.
586 1811 763 1850 (Ceterum
800 1809 1010 1849 scripturam

317 1860 487 1899 Quinctius
531 1858 696 1900 praetulit
741 1860 774 1889 in
821 1859 916 1890 Livio
951 1856 1011 1888 Al-

316 1909 465 1941 schefski
490 1908 563 1940 Lib.
591 1909 626 1948 3,
655 1909 698 1949 11.)

361 1959 390 1989 sl.
430 1958 607 1998 Cantaber]
644 1958 702 1989 (liu
737 1957 889 1988 rebellis.

316 2008 378 2039 od.
406 2009 444 2046 2,
472 2008 509 2046 6,
538 2007 670 2039 2.Ο(1.
699 2007 736 2045 3,
763 2007 800 2045 8,
827 2007 879 2037 22.
921 2007 1006 2047 Epp.

318 2057 351 2094 1,
386 2057 442 2095 42,
474 2057 527 2087 26.
569 2075 603 2079 -
641 2055 783 2096 scythes]
818 2056 873 2087 Sic
906 2057 1009 2086 vocat

315 2105 462 2146 populos
497 2106 530 2136 in
565 2104 828 2146 septentrionali
860 2104 1009 2136 Danubii

316 2156 389 2195 ripa
414 2154 627 2193 habitantes,
655 2156 830 2187 Sarmatas
857 2156 891 2186 et
912 2153 1010 2185 Gelo-

315 2213 389 2235 nos.
426 2204 488 2235 Od.
515 2205 551 2243 2,
579 2204 615 2242 9,
643 2204 695 2235 23.

358 2254 389 2284 2.
405 2253 434 2284 3.
453 2254 590 2292 Hirpine
607 2253 729 2293 Quinti]
748 2253 878 2293 Hirpini
893 2252 1008 2283 adhue

316 2303 418 2342 ignoti
452 2303 485 2334 in
517 2304 618 2342 gente
652 2303 798 2340 Quintia.
852 2303 1011 2341 Hirpinus

314 2361 398 2383 sane
415 2361 478 2393 pro
496 2361 595 2383 mero
612 2353 836 2391 cognomine,
863 2360 931 2382 non
950 2359 1010 2391 po-

315 2400 384 2441 puli
403 2402 559 2439 nomine,
587 2401 803 2438 habendum,
830 2402 867 2431 ut
883 2401 1007 2431 usitata

315 2452 414 2481 erant
438 2451 544 2481 etiam
564 2451 696 2489 Antias,
723 2451 881 2488 Sabinus,
909 2451 1010 2481 Sora-

939 1956 1006 1988 Csr.

315 2509 385 2530 nns.
414 2501 462 2531 De
487 2499 608 2531 ordine
641 2500 820 2531 nominum
852 2499 931 2530 vido
965 2499 1009 2529 ad

315 2548 376 2579 (ld.
414 2550 452 2586 2,
490 2549 528 2587 2,
566 2549 605 2580 3;
652 2549 763 2589 Crispe
797 2549 930 2580 Salusti.
972 2567 1006 2570 —

314 2598 448 2638 cogitet]
491 2599 755 2636 «machinetur,
804 2597 1007 2629 moliatur.»

318 2665 352 2668 ᾖ
388 2648 516 2679 Hadria
546 2648 692 2689 Dirisus]
728 2658 794 2679 «ac
822 2650 1008 2689 propterea

316 2695 416 2726 nohis
436 2698 576 2729 minime
598 2698 877 2729 formidolosus.»
906 2699 1008 2729 Unice

316 2745 357 2774 ml
377 2753 408 2775 v.
426 2747 557 2784 Scythes
574 2747 734 2783 refertur,
757 2756 823 2778 non
842 2747 884 2778 ad
900 2747 1010 2788 llirpi-

1063 1226 1164 1256 num,
1192 1219 1230 1249 ut
1252 1218 1339 1249 mire
1365 1217 1510 1258 quidam
1527 1217 1758 1250 calumniatus

1065 1268 1128 1299 est.
1165 1285 1201 1289 -
1234 1267 1394 1308 remittas]
1427 1268 1568 1299 Rariore
1601 1276 1668 1300 usu
1693 1277 1757 1308 pro

1065 1317 1260 1348 «omittas»
1294 1310 1432 1348 Terent.
1458 1316 1565 1348 Andr.
1592 1318 1628 1356 ὃ,
1657 1317 1692 1355 4,
1718 1317 1756 1348 8:

1062 1367 1151 1397 Nam
1184 1367 1211 1397 si
1245 1367 1382 1406 cogites,
1422 1367 1572 1398 remittas
1606 1367 1675 1398 iam
1707 1376 1759 1398 me

1063 1425 1203 1446 onerare
1236 1416 1377 1447 iniuriis.
1435 1415 1558 1448 salust.
1593 1417 1664 1456 lug.
1697 1417 1755 1448 52:

1063 1465 1166 1496 aciem
1195 1468 1338 1496 exornat
1364 1474 1467 1505 neque
1496 1466 1648 1505 remittit,
1681 1467 1759 1505 quid

1062 1515 1180 1554 ubique
1203 1515 1302 1545 hostis
1325 1519 1456 1555 ageret,
1482 1515 1673 1554 eoeptorare.

1106 1563 1138 1595 4.
1188 1563 1342 1604 trepides]
1383 1563 1481 1595 «Noli
1520 1563 1686 1596 sollicitus
1725 1567 1760 1596 et

1063 1614 1185 1645 anxius
1210 1623 1288 1645 esse
1306 1614 1340 1645 in
1357 1613 1569 1654 quaerendis
1589 1614 1697 1646 rebus
1714 1615 1759 1646 ad

1062 1663 1153 1694 vitae
1183 1672 1288 1694 usum
1319 1665 1424 1702 atque
1453 1664 1758 1695 conservationem

1063 1713 1307 1744 necessariis.»
1334 1712 1395 1743 od.
1418 1712 1454 1751 3,
1481 1712 1538 1751 29,
1567 1712 1624 1744 31:
1651 1713 1759 1744 Ridet-

1063 1770 1142 1799 (μω,
1176 1762 1204 1791 si
1226 1761 1377 1792 mortalis
1398 1761 1490 1792 ultra
1512 1762 1578 1792 Fas
1601 1763 1753 1801 trepidat.

1065 1811 1241 1849 Trepidam
1270 1811 1302 1842 in
1331 1820 1426 1842 usum
1450 1812 1504 1842 est
1529 1812 1648 1842 «anxie
1672 1820 1757 1852 pro-

1060 1859 1182 1891 videre
1207 1860 1320 1891 usui.»
1346 1861 1395 1891 De
1420 1869 1452 1890 v.
1480 1861 1646 1899 trepidare
1670 1869 1756 1891 con-

1061 1908 1135 1940 sule
1168 1910 1315 1940 Gronov.
1344 1911 1376 1940 et
1406 1908 1581 1940 Drakenb.
1614 1909 1658 1940 ad
1682 1910 1752 1940 Liv.

1061 1958 1122 1995 27,
1162 1958 1197 1996 ’1,

1062 2006 1191 2038 Phaed.
1219 2007 1271 2038 68.
1300 2008 1351 2038 C:
1378 2004 1422 2038 τὸ
1447 2007 1530 2052 περὶ
1546 2004 1614 2047 τὰς
1630 2006 1757 2039 ἐπιθυ-

1059 2056 1151 2097 μίας
1173 2053 1228 2097 μὴ
1253 2054 1479 2098 ἐπτοῆσθαι.
1509 2058 1607 2087 Usnnz
1622 2059 1752 2095 autem,

1060 2108 1098 2137 ut
1122 2106 1192 2137 Liv.
1220 2106 1256 2144 6,
1294 2106 1352 2137 25:
1390 2115 1457 2144 qna
1489 2115 1649 2145 quemque
1678 2116 1755 2137 sao—

1058 2165 1135 2186 rnm
1167 2164 1286 2186 usuum
1309 2164 1430 2187 causae
1450 2156 1585 2196 ferrent.
1634 2156 1754 2196 Neque

1060 2214 1145 2237 vero
1171 2214 1213 2236 ex
1237 2205 1303 2236 hac
1328 2204 1480 2245 generali
1499 2206 1670 2237 sententia
1688 2205 1757 2237 eol-

1059 2253 1114 2293 ligi
1131 2255 1249 2294 potest
1265 2254 1441 2291 Quintium
1456 2254 1562 2285 fuisse
1577 2255 1755 2286 hominem

1060 2304 1226 2335 contracti
1268 2313 1308 2334 ac
1346 2303 1459 2344 pusilli
1499 2305 1620 2342 animi,
1662 2305 1754 2335 curis

1060 2362 1203 2394 semper
1227 2353 1434 2392 obnoqum,
1461 2355 1498 2385 ut
1516 2354 1637 2385 volunt
1653 2354 1755 2394 pleri-

1061 2412 1140 2443 que.
1172 2404 1282 2435 Immo
1308 2404 1341 2434 in
1366 2403 1422 2435 tali
1447 2405 1521 2436 sine
1546 2403 1615 2435 ullo
1640 2403 1753 2434 fructu

1061 2452 1192 2484 abusus
1217 2455 1312 2485 esset
1344 2453 1515 2484 eiusmodi
1540 2453 1754 2484 exhortatio—

1235 1958 1265 1989 8.
1314 1958 1368 1989 Sic
1401 1958 1611 1990 πτοεῖσθαι.
1661 1958 1755 1990 Plato

1061 2501 1179 2538 nibus,
1206 2502 1335 2542 quibus
1359 2502 1493 2534 indoles
1513 2503 1618 2542 atque
1636 2510 1753 2532 mores

1060 2552 1244 2583 hominum
1268 2552 1324 2582 vix
1347 2560 1504 2592 unquam
1530 2552 1717 2582 mutantur.

1105 2602 1134 2631 5.
1153 2602 1314 2632 Post-entis
1327 2602 1399 2632 aevi
1410 2601 1533 2641 panca]
1546 2601 1633 2632 Nam
1648 2600 1753 2630 etiam

1062 2658 1151 2690 quae
1170 2650 1255 2681 infra
1277 2651 1535 2687 memorantur,
1556 2648 1750 2683 Falernum,

1061 2699 1191 2731 nardus
1216 2701 1320 2740 atque
1347 2709 1406 2737 ea,
1441 2699 1555 2739 quibus
1584 2698 1667 2728 dolet
1690 2707 1752 2729 na—

1059 2751 1137 2779 tura
1160 2749 1301 2789 rimatis,
1327 2757 1438 2789 pauca
1462 2749 1541 2779 sunt
1558 2749 1661 2787 atque
1680 2747 1753 2777 exi-
