1997 3219
678 194 753 225 Lm.
782 195 834 225 ιιι.
884 194 920 224 c.
948 193 1060 224 xxiv.
1554 190 1633 230 ,4.73

368 296 634 353 Tyrrhenum
665 285 790 338 omne
822 297 903 338 tuis
935 304 976 338 et
1005 308 1121 337 mare
1154 294 1396 351 Apulicum.

312 401 354 442 Si
385 401 473 458 figit
503 401 794 443 adamantinos
1611 400 1635 438 ὃ

365 481 548 524 Summis
580 481 810 525 verticibus
841 481 932 523 dira
963 480 1202 523 Necessitas

313 561 483 606 Clavos,
517 576 600 604 non
631 562 815 604 animum
846 569 982 610 metu,

364 643 456 684 Non
487 643 632 684 mortis
664 642 829 698 laqueis
860 641 1063 697 expedies
1101 648 1238 696 caput.

311 747 580 804 Campestres
610 746 762 790 melius
793 746 997 803 Scythae,

284 865 314 897 4.
328 866 498 905 ponticum
513 864 656 903 Bbc,Ct‚
670 865 830 904 punicum
843 865 876 903 S,
889 863 1058 903 publicum
1070 865 1106 896 T.
1126 863 1312 904 (Apulicmn
1328 863 1488 895 firmatur
1504 872 1522 893 a
1541 872 1595 895 se-

240 916 338 956 ptem
354 915 506 947 Pottierii
524 914 653 952 codd.‚
672 923 740 945 uno
755 913 923 955 Cruquii.)
940 932 975 936 —
994 915 1025 945 5.
1044 913 1091 953 Si]
1107 914 1162 944 Sic
1177 913 1330 945 malebat
1343 912 1452 945 Bentl.
1466 915 1586 945 contra

241 964 349 996 libros
366 967 480 996 notos.
502 982 537 987 —
567 964 603 996 Si
619 964 753 995 summis
769 965 1004 995 adamantinos
1018 964 1105 1005 Fiyit
1119 964 1295 996 verticibus
1310 964 1387 1003 Axt,
1408 965 1508 1005 quasi
1526 963 1595 995 ele-

241 1015 398 1055 gantiore
413 1015 685 1046 constructione.
704 1031 738 1036 —
766 1013 796 1044 6.
813 1014 900 1045 dura
915 1012 1070 1045 malebat
1082 1012 1271 1045 Bentleius.
1294 1031 1329 1036 —
1349 1014 1379 1044 7.
1399 1013 1539 1045 Clauum
1555 1014 1590 1044 T.

199 1120 283 1150 item
295 1117 369 1150 val.
381 1119 509 1157 Maxffl,
525 1118 557 1157 6,
574 1118 645 1155 ⁴0.;
667 1127 767 1150 saeva
777 1118 819 1150 N.
834 1127 894 1149 vo-

198 1170 298 1200 catur
311 1168 373 1199 Od.
390 1168 485 1206 Δ1,35,
506 1168 557 1199 47.
576 1185 612 1190 -
630 1167 751 1199 Totam
770 1168 894 1208 imagi-

197 1226 280 1249 nem
298 1217 436 1258 egregie
455 1215 602 1248 illustrat
622 1216 806 1257 speculum
823 1217 893 1248 Od-

197 1267 341 1300 dianum
362 1267 456 1309 apud
472 1266 748 1307 Vermigliolium
765 1267 891 1308 (Iscriz.

198 1318 359 1358 Pet-uyine
381 1318 417 1348 T.
444 1318 468 1348 I.
495 1325 573 1357 pag.
600 1316 652 1348 43.
679 1317 741 1348 Ed.
767 1326 820 1357 pr.
847 1316 890 1348 cf.

197 1375 303 1407 supra
328 1374 406 1406 pag.
435 1366 545 1405 495.);
583 1365 676 1397 unde
706 1366 770 1397 rite
801 1365 895 1397 colli-

197 1416 288 1456 gitur
315 1414 426 1447 simile
451 1414 592 1455 aliquod
617 1415 700 1446 artis
725 1423 814 1455 opus
837 1413 892 1445 vel

199 1465 303 1496 etiam
326 1463 441 1496 locum
458 1466 583 1505 poetae
602 1465 723 1496 Graeci
741 1463 893 1495 eandem

198 1514 387 1554 imaginem
412 1513 645 1554 praebentem
667 1513 798 1545 Horatii
823 1514 894 1545 ani-

197 1571 256 1594 mo
276 1562 506 1594 obversatum
530 1570 622 1594 esse.
663 1561 749 1593 Illud
774 1563 893 1593 tamen

198 1610 414 1653 probabilius
427 1620 434 1649 ;
450 1619 531 1643 nam
544 1610 599 1642 vel
613 1611 797 1652 speculum
809 1610 893 1642 illud

198 1659 374 1692 horribilis
399 1660 519 1692 nescio
543 1660 628 1700 quid
652 1659 760 1691 habet
783 1659 893 1692 subli-

198 1710 338 1741 mitatis.
379 1727 414 1732 —
450 1710 595 1741 Summis
627 1709 802 1741 verticibus
837 1718 894 1741 ex-

196 1758 287 1800 plica
304 1759 348 1791 de
366 1759 569 1797 verticibus,
596 1759 749 1800 fastigiis,
773 1756 893 1790 ἀετώ-

196 1819 316 1850 μασιν
354 1808 495 1840 aedium
531 1809 586 1848 (ut
624 1809 718 1850 apud
747 1807 890 1841 Martial.

199 1857 234 1896 8,
253 1858 314 1896 36,
333 1857 371 1888 7:
404 1857 545 1889 Aethera
567 1858 613 1888 sic
637 1858 758 1896 intrat,
784 1858 895 1888 nitidis

199 1910 235 1937 ut
257 1907 406 1937 conditus
421 1907 521 1938 astris
535 1907 694 1946 Inferiore
709 1910 796 1938 tonet
811 1907 894 1938 nube

198 1964 330 1987 seren-us
345 1964 443 1995 apen.
464 1957 499 1987 et
514 1965 546 1987 v.
566 1956 579 1986 4
593 1956 601 1986 1
618 1964 624 1985 ;
652 1957 812 1988 Caesaris
829 1956 896 1987 do-

199 2013 278 2036 mus
294 2005 413 2035 vertice
427 2005 537 2035 sidera
548 2004 701 2045 pulsam,
728 2014 797 2036 non
815 2014 896 2037 cum

201 2053 276 2085 aliis
308 2054 352 2085 de
386 2053 558 2094 capitibus
589 2054 769 2092 humanis,
807 2063 898 2095 quo-

203 2112 282 2134 rum
307 2104 435 2134 mirum
459 2102 633 2134 ἐπίθετον
653 2106 748 2134 esset
763 2105 898 2135 summis

200 2155 305 2192 atquc
331 2154 399 2183 tota
425 2153 539 2192 imago
571 2152 792 2190 foedissima3
831 2162 897 2184 nec

202 2200 327 2233 melius
363 2201 590 2233 Sanadonus:
631 2202 660 2233 le
692 2203 772 2242 saite
803 2203 898 2234 dela

200 2252 382 2292 mandem,
401 2251 445 2282 les
456 2252 604 2291 fortunes
618 2252 662 2283 les
669 2252 747 2291 plus
758 2252 895 2291 elevees3

203 2310 316 2341 neque
353 2309 436 2331 vero
471 2300 615 2332 Bentleii
652 2303 687 2332 et
721 2302 807 2333 Axtii
843 2302 896 2342 (ad

203 2350 403 2381 Vestritiuni
429 2350 528 2390 Spur.
556 2358 590 2390 p.
617 2350 682 2389 90.)
724 2351 898 2392 interpre—

203 2400 370 2430 tationem
395 2399 546 2440 probare
570 2408 734 2440 possum:
774 2401 898 2431 «Verti-

202 2458 253 2480 ces
287 2448 371 2479 (lixit
410 2449 522 2488 capita
569 2447 768 2487 clavorum,
809 2458 897 2489 quos

203 2498 400 2530 Necessitas
418 2501 500 2528 totos
517 2497 634 2537 intigit..
669 2498 812 2528 Summis
827 2507 899 2530 ver-

203 2547 317 2578 ficibus
351 2547 444 2578 enim
476 2548 530 2577 cst
564 2546 719 2584 dativus,
757 2547 790 2578 id
826 2549 895 2586 est,

204 2605 315 2636 usquc
352 2596 395 2626 ad
431 2596 595 2636 capitanus
642 2598 674 2626 at
711 2605 767 2626 res
807 2605 898 2627 nunc

205 2645 297 2677 clara
315 2648 367 2676 est
388 2654 427 2676 cx
445 2644 589 2685 speculo
607 2644 662 2676 illo
682 2646 838 2676 Etrusco.
860 2663 895 2668 —-

206 2696 287 2726 Tota
306 2697 424 2726 autem
451 2695 564 2734 imago
589 2694 639 2725 si(-
661 2694 895 2726 informanda:

941 1117 1053 1150 moles
1070 1119 1149 1150 iacit
1167 1118 1346 1159 aedesque
1364 1119 1509 1150 exstruit
1524 1143 1530 1156 ‚
1558 1127 1639 1149 nec-

942 1167 1082 1208 opinato
1139 1168 1343 1209 supervenit
1390 1167 1635 1212 Eiltcapgcsva,

938 1211 1121 1259 Ἀνάγκη,
1157 1216 1346 1256 clavosque
1371 1225 1475 1256 suos,
1509 1216 1638 1257 quibus

943 1265 1025 1297 nihil
1060 1267 1226 1298 resistere
1260 1267 1396 1307 potest⁷
1438 1266 1471 1297 in
1496 1265 1637 1297 aedium

943 1314 1094 1347 culmine
1118 1314 1208 1355 figit,
1235 1315 1378 1346 domino
1401 1314 1507 1347 veluti
1528 1314 1640 1347 accla-

942 1373 1066 1396 mans:
1093 1365 1285 1404 Hucusque
1311 1373 1377 1396 nec
1400 1363 1509 1402 ultra3
1539 1364 1639 1395 adest

942 1414 1012 1445 iam
1036 1413 1097 1445 tibi
1123 1414 1295 1445 terminus
1314 1412 1424 1445 fatalis
1442 1415 1470 1444 !»
1492 1432 1528 1436 —
1552 1423 1641 1445 mor-

941 1464 982 1494 tis
1007 1462 1150 1504 laqueis]
1176 1464 1295 1503 Imago
1321 1464 1375 1494 est
1399 1463 1504 1494 etiam
1520 1463 1639 1504 poesis

942 1512 1130 1545 orientalis.
1187 1512 1354 1544 Proverb.
1394 1513 1456 1552 24,
1492 1512 1534 1544 6:
1577 1512 1639 1551 Qui

941 1565 1121 1603 conyreqat
1143 1562 1312 1594 thesauros
1330 1562 1446 1602 linqua
1462 1562 1637 1598 mendacii,

940 1620 1047 1643 vanus
1079 1615 1108 1643 et
1141 1620 1259 1643 excors
1291 1614 1338 1642 est
1371 1614 1402 1642 et
1438 1611 1641 1651 impingetur

942 1661 986 1692 ad
1020 1661 1154 1700 laqueos
1198 1660 1338 1700 monis,
1379 1660 1639 1693 inextricabiles

941 1711 1070 1742 retium
1094 1711 1169 1741 eius
1199 1718 1321 1741 nexus.
1372 1710 1432 1749 (De
1468 1710 1637 1741 Indorum

942 1761 1075 1798 Yamo,
1116 1760 1174 1799 qui
1207 1758 1408 1790 hominibus
1440 1760 1544 1790 morti
1577 1759 1641 1791 ad—

944 1808 1045 1840 dictis
1081 1807 1227 1848 laqueos
1268 1808 1374 1839 iniicit
1407 1809 1450 1840 ct'.
1492 1808 1638 1843 lloefer.

943 1859 1014 1890 Ind.
1042 1858 1123 1890 Ged:
1146 1858 1187 1889 11.
1213 1866 1247 1898 p.
1276 1858 1362 1897 ⁴06.)

987 1907 1019 1938 9.
1046 1908 1099 1938 40.
1126 1907 1338 1947 Campestres]
1365 1907 1437 1938 Iam
1455 1908 1641 1947 corruptae

945 1965 1091 1988 suorum
1127 1955 1348 1996 popularium
1381 1956 1473 1987 vitae
1504 1956 1640 1996 poetice

947 2005 992 2045 (id
1027 2004 1121 2045 quod
1157 2005 1301 2036 minime
1337 2003 1639 2039 obliviscendum;

945 2054 1045 2085 aliter
1080 2055 1174 2085 enim
1198 2054 1336 2085 Tacitus
1368 2062 1449 2085 cum
1478 2054 1642 2084 Romanis

947 2104 1133 2135 committit
1167 2103 1369 2142 Germanos)
1407 2103 1552 2143 opponit
1590 2103 1643 2133 in-

946 2153 1217 2184 nocentissimos
1231 2152 1443 2192 Scytharum
1461 2153 1641 2183 Getarum-

947 2210 1015 2242 que
1051 2209 1188 2239 mores‚
1227 2201 1285 2241 qui
1315 2200 1412 2232 locus
1444 2202 1519 2232 crat
1542 2209 1641 2232 com—

947 2251 1062 2282 munis
1088 2251 1193 2282 etiam
1218 2249 1312 2290 apud
1337 2250 1524 2291 sophistas.
1580 2251 1642 2282 Dio

948 2300 1129 2340 Chrysost.
1167 2300 1222 2330 Or.
1261 2300 1314 2330 69.
1345 2308 1379 2339 p.
1406 2299 1480 2330 748.
1516 2300 1640 2340 Emp.:

947 2345 1093 2380 Σκύθαι
1121 2346 1213 2391 γοῦν
1238 2344 1347 2380 οὐδὲν
1371 2345 1580 2380 mamm-mc
1606 2349 1644 2379 οἱ

947 2395 1110 2439 νομάδες
1132 2395 1230 2439 μήτε
1255 2399 1378 2438 οἰκίας
1397 2393 1551 2437 ἔχοντες
1566 2396 1643 2439 μή-

947 2456 985 2478 τε
1009 2446 1081 2489 γῆν
1116 2448 1336 2492 σπείροντες
1368 2443 1393 2488 ἢ
1415 2444 1644 2486 φυτεύοντες

947 2495 1101 2537 δικαίως
1136 2498 1199 2528 καὶ
1232 2494 1328 2528 κατὰ
1362 2494 1506 2537 νόμους
1538 2495 1644 2528 πολι-

947 2544 1138 2578 τεύεσθαι.
1180 2548 1310 2578 llorum
1329 2546 1538 2585 Scytharum
1567 2555 1644 2577 mo-

949 2606 1005 2628 res
1029 2596 1160 2637 probos
1185 2598 1289 2636 atque
1315 2594 1492 2636 simplices
1513 2596 1644 2636 optimc

949 2645 1153 2677 describunt
1172 2646 1398 2686 Hippocrates
1415 2645 1458 2676 de
1476 2649 1557 2676 acre
1575 2647 1641 2676 cet.

950 2696 973 2726 1.
1001 2695 1098 2726 ΚϋΙιη
1125 2704 1159 2736 p.
1186 2696 1260 2725 556.
1290 2696 1322 2725 et
1348 2696 1521 2734 scymnus
1539 2694 1644 2725 Chius

207 2746 315 2776 «Dum
352 2745 457 2776 homo
494 2743 546 2775 ἰΙΙι,Ι
580 2743 734 2784 locuples
758 2743 898 2775 assiduo
950 2754 980 2775 v.
1008 2744 1083 2776 856.
1113 2744 1172 2776 Ed.
1204 2744 1386 2775 Leimone.
1416 2743 1519 2775 Puris.
1549 2743 1642 2775 4841.
