1997 3219
743 197 819 228 LlB.
847 198 899 228 lll.

950 200 986 229 υ,
1016 198 1052 228 v.
1573 198 1651 238 :377

558 298 792 341 Perniciem
822 299 999 342 veniens
1033 300 1071 341 in
1103 314 1272 344 aevum,

445 402 486 443 Si
521 416 602 443 non
636 403 794 459 periret
824 405 1134 447 inmiserabilis

443 482 616 539 Captiva
648 483 798 540 pubes.

860 485 986 541 Signa
1018 499 1097 541 ego
1128 486 1296 528 Punicis

495 562 643 605 Adlixa
673 563 864 607 delubris
894 572 935 608 et
965 579 1081 607 arma

552 643 750 686 Militibus
784 645 876 687 sine
908 645 1063 695 caede,
1097 646 1220 693 dixit,

1599 648 1653 688 20

441 748 626 804 Derepta
656 748 768 800 vidi3
802 750 887 792 vidi
919 764 999 807 ego
1031 751 1185 793 civium

441 829 611 871 Retorta
642 835 762 885 tergo
792 829 968 873 brachia
997 830 1135 874 libero

307 935 353 964 Π.
391 934 539 973 perirent
573 933 775 967 Glareanus.
822 936 964 976 (periret
995 946 1057 969 vae
1090 938 1286 970 miserabilis
1320 939 1536 980 Paldamus.)
1573 959 1607 963 —-

261 984 312 1014 21.
339 984 480 1023 Direpta
502 982 667 1022 BbSTcd,
695 984 751 1016 CJ.

217 1072 333 1100 turum
373 1070 564 1110 perniciem
603 1070 653 1101 rei
695 1069 906 1111 publicam»

216 1121 251 1150 et
286 1118 443 1151 Glossam
476 1119 560 1150 Cod.
589 1120 658 1150 mei
690 1129 742 1151 c.:
784 1132 799 1148 «ι
812 1119 907 1159 quod

216 1168 369 1199 traheret
382 1177 410 1200 :n
438 1176 545 1208 quam
563 1167 750 1200 lectionem
768 1168 908 1209 praese-

216 1219 292 1248 runt
310 1217 516 1256 Bernhardy
535 1219 569 1248 et
585 1217 735 1249 Liibker.
757 1218 908 1249 Trahentt

215 1267 311 1297 esset
344 1265 535 1306 «exemplo
569 1266 666 1298 velut
703 1268 908 1307 contagione

214 1315 369 1355 quadam
393 1316 587 1356 perniciem
604 1317 845 1357 propaganti»,
871 1318 910 1347 ut

215 1365 351 1395 Gratius
376 1365 463 1403 Cyn.
491 1364 571 1396 41¹2:
608 1374 649 1396 ne
677 1366 752 1396 dira
775 1366 910 1396 trahant

215 1414 370 1453 cantapia
404 1414 491 1454 volat
525 1414 656 1455 (volyus
692 1414 836 1454 nefins),
875 1416 910 1446 et

215 1464 388 1494 Ausonius
421 1463 526 1503 Epist.
553 1463 611 1502 ⁵24,
646 1464 706 1495 ⁶28:
748 1464 802 1495 Sic
826 1473 910 1503 pars

215 1520 318 1551 aeyra
355 1512 494 1542 hominis
531 1513 631 1543 trahil
670 1513 713 1543 ad
750 1514 909 1554 εοηιαῃιά

213 1569 321 1591 secum
346 1561 482 1600 Corpus.
518 1561 660 1593 Facilior
687 1562 832 1602 quidem
855 1563 909 1593 vi-

215 1609 318 1640 detur
342 1610 430 1641 haec
454 1609 577 1647 lectio,
604 1611 668 1642 sed
693 1611 822 1643 facilior
839 1620 908 1643 non

215 1661 285 1694 est;
323 1668 422 1698 nam,
460 1661 497 1690 ut
527 1661 622 1691 recte
648 1659 751 1700 Rege]
776 1661 910 1701 signiti—

215 1708 324 1745 emit,
350 1717 405 1739 vv.
439 1709 475 1739 Si
499 1718 563 1740 non
582 1710 707 1748 periret
731 1711 797 1740 cet.
825 1718 909 1741 sen-

215 1758 360 1788 tentiam
385 1766 403 1788 a
428 1757 557 1797 Regulo
589 1759 663 1798 ipso
695 1758 831 1790 senatui
856 1759 910 1789 in-

215 1805 389 1837 culcatam
420 1808 610 1838 continent.
660 1808 762 1839 Certe
787 1808 814 1839 si
841 1816 910 1839 non

214 1855 344 1895 Regulo
361 1856 425 1896 ipsi
443 1864 522 1887 eam
539 1856 720 1894 tribueris,
742 1856 805 1888 sed
822 1858 910 1888 tam-

215 1913 321 1945 quam
354 1904 621 1946 explicationem
649 1906 827 1938 addideris
850 1915 906 1937 vv.

213 1954 362 1993 aremplo
399 1955 573 1992 trahentis,
622 1963 690 1986 non
734 1956 909 1995 poeticam

215 2003 409 2034 orationem
422 2003 582 2040 habebis,
601 2004 740 2035 Horatio
754 2003 906 2043 dignam,

215 2052 277 2082 sed
314 2051 358 2082 ad
388 2052 592 2092 pedestrem
623 2052 832 2084 descendes.
871 2070 907 2075 -—-

215 2100 353 2141 veniens]
380 2101 434 2132 Sic
459 2102 587 2132 Lucan.
614 2101 650 2137 7,
682 2102 764 2133 39⁴:
798 2110 910 2141 popu—

216 2151 263 2181 los
285 2151 358 2181 acri
382 2151 547 2181 venientis.

259 2200 310 2230 Π.
332 2199 468 2240 periret]
497 2199 686 2231 Glareanus
712 2200 813 2231 metri
844 2198 909 2231 sul-

215 2249 327 2280 ciendi
346 2258 450 2280 causa
468 2249 620 2280 correxit
639 2250 800 2289 perirent,
828 2258 907 2280 cum

215 2298 302 2329 haec
327 2307 394 2329 una
420 2299 579 2338 exceptio
604 2299 647 2329 sit
676 2298 769 2339 apud
800 2299 910 2330 liora-

216 2347 302 2377 tium
335 2347 442 2378 thesis
473 2346 590 2379 brevis
623 2348 655 2378 in
687 2348 802 2388 priore
828 2356 910 2378 ver-

216 2403 275 2426 sus
304 2394 431 2426 Alcaici
468 2395 607 2432 ordine3
649 2396 783 2428 «data»
816 2397 909 2427 enini

217 2453 343 2484 «opera
385 2445 510 2475 Noster
544 2453 562 2475 a
595 2446 762 2477 trochaeo
803 2446 835 2477 in
867 2454 909 2476 co

215 2492 292 2524 loco
310 2493 477 2524 abstinuit
494 2495 562 2524 tani
589 2494 619 2524 in
638 2494 812 2535 Sapphico
828 2503 910 2525 ver-

216 2551 273 2579 su,
308 2551 414 2582 qnam
441 2542 472 2573 in
501 2541 556 2573 illo
573 2541 711 2574 Alcaico
738 2543 911 2583 [invento—

217 2600 293 2622 rum
325 2590 526 2631 exemplum
560 2600 627 2623 non
653 2592 833 2632 secutusJ:
862 2592 911 2622 id-

215 2649 283 2679 qne
302 2641 433 2681 optimo
451 2639 595 2671 ‹fonsilio
614 2640 760 2678 sactum,
781 2650 908 2681 nempe

217 2691 251 2719 ut
279 2698 402 2720 versus
434 2689 476 2720 illi
506 2690 670 2721 tardiores
690 2690 803 2728 paullo
825 2699 909 2730 qra-

217 2739 384 2779 rim-esque
416 2740 561 2771 venirent
597 2741 640 2771 ad
675 2748 792 2775 (iurem
829 2749 907 2771 nani

959 1067 1034 1098 sine
1065 1067 1224 1108 spondeo
1253 1067 1389 1101 celeres
1421 1069 1566 1101 nimium
1590 1078 1653 1101 vo-

958 1114 1154 1157 lubilesque
1183 1119 1218 1148 et
1244 1118 1319 1149 sine
1351 1118 1507 1158 pondere
1539 1119 1655 1150 serun-

958 1166 1048 1196 tur.»
1096 1166 1248 1197 BENTLEY
1271 1166 1315 1197 ad
1347 1167 1408 1198 Od.
1435 1168 1472 1207 ⁰2,
1509 1169 1564 1207 49,
1599 1169 1650 1199 115.

959 1213 1082 1245 Obstat
1113 1216 1257 1254 tamen,
1298 1225 1368 1247 non
1406 1216 1519 1248 solnm
1558 1217 1653 1257 quod

960 1263 1120 1295 Horatius
1152 1265 1294 1296 omnino
1326 1265 1478 1297 abstinet
1509 1266 1553 1297 ab
1587 1267 1653 1297 liae

960 1313 1239 1352 constructione,
1266 1314 1329 1345 sed
1354 1315 1458 1346 etiam
1476 1315 1572 1355 quod
1588 1316 1654 1346 La—

961 1361 1020 1392 tini
1044 1362 1158 1402 potius
1176 1362 1391 1402 dicuntpars
1402 1367 1530 1403 secant,
1557 1364 1655 1395 turba

957 1415 1079 1450 ruunt,
1112 1420 1219 1451 quam
1242 1412 1381 1443 inverso
1406 1413 1528 1444 ordine
1552 1417 1655 1445 ¹ruunt

958 1460 1057 1491 turba
1080 1462 1147 1492 cet.
1195 1461 1284 1492 Nam
1316 1461 1402 1493 alius
1432 1463 1571 1502 generis
1601 1464 1655 1495 est

960 1510 1056 1541 Ovid.
1086 1511 1173 1541 Fast.
1201 1510 1237 1549 3,
1265 1510 1347 1543 372:
1373 1512 1558 1544 Submisere
1574 1521 1654 1543 ocus—

959 1560 1006 1590 los
1022 1568 1096 1590 cum
1112 1560 1192 1590 duce
1207 1560 1305 1591 turba
1320 1569 1407 1599 suos,
1426 1561 1461 1592 id
1478 1563 1532 1593 est
1552 1561 1655 1594 «sub-—

960 1609 1088 1640 misere
1113 1608 1235 1640 oculos
1252 1609 1322 1640 dux
1339 1611 1374 1641 et
1389 1610 1532 1648 turbam
1558 1612 1654 1642 certa

960 1659 1080 1689 contra
1115 1657 1276 1698 exempla
1310 1660 1481 1700 Propertii
1516 1660 1552 1698 3,
1593 1661 1651 1699 47,

959 1708 1019 1738 ⁶28:
1053 1708 1140 1738 'unde
1162 1711 1255 1738 tuum
1275 1711 1393 1747 potant
1413 1709 1531 1740 Nam-ia
1557 1709 1656 1740 turba

958 1765 1103 1795 merum,
1143 1759 1177 1788 ct
1211 1757 1305 1797 apud
1340 1757 1460 1789 Silium
1495 1759 1531 1795 6,
1568 1760 1651 1790 563:

959 1806 1067 1836 iacent
1081 1823 1096 1828 -
1111 1823 1126 1828 -
1140 1806 1334 1845 Dispersmn
1348 1807 1481 1847 volgum
1509 1808 1542 1839 id
1560 1809 1654 1848 quod

960 1854 1154 1886 notandum
1178 1855 1349 1887 adversus
1374 1856 1589 1889 Husclikium
1610 1858 1653 1889 ad

960 1903 1081 1935 Tibull.
1108 1904 1144 1942 ⁶2,
1179 1903 1217 1943 4,
1251 1904 1302 1936 38.
1337 1906 1371 1936 et
1401 1904 1439 1942 4.
1472 1905 1509 1944 4,

958 1953 1210 1994 immiserabilis]
1231 1954 1325 1986 «sine
1342 1953 1410 1985 ulla
1428 1955 1654 1986 miseratione

960 2012 1001 2034 ac
1026 2003 1302 2034 misericordia.»
1338 2005 1386 2043 (In
1411 2005 1500 2035 coni.
1518 2006 1657 2036 voemi-

959 2052 1108 2082 sei-abilis
1133 2050 1248 2090 facile,
1283 2061 1408 2092 spero,
1443 2054 1572 2085 senties
1601 2055 1655 2085 in—

960 2108 1045 2141 gens
1069 2100 1259 2131 discrimen
1284 2101 1374 2132 inter
1396 2103 1519 2142 poesin
1548 2104 1655 2134 llora-

960 2150 1091 2181 tianam
1115 2151 1151 2180 ct
1174 2148 1445 2189 scholasticam.)

1004 2199 1156 2230 1¹8—222.
1193 2199 1298 2238 Siqua
1321 2199 1399 2240 eqo]
1435 2198 1532 2231 Falso
1565 2209 1655 2232 non-

961 2247 1042 2279 nulli
1074 2248 1203 2288 opinati
1235 2249 1316 2279 sunt
1350 2248 1438 2279 duos
1473 2257 1584 2280 verss.
1612 2259 1652 2281 ex

960 2295 1079 2337 Reguli
1113 2297 1268 2328 oratione
1305 2297 1339 2328 in
1373 2299 1497 2328 senatu
1535 2298 1652 2329 habita

961 2354 1146 2378 remanere
1172 2347 1205 2376 in
1230 2347 1347 2377 Naevii
1373 2345 1539 2387 reliquiis.
1581 2347 1651 2378 (Isr.

960 2397 1035 2427 cius
1054 2396 1225 2435 Fragmm.
1245 2395 1301 2426 ed.
1321 2395 1529 2427 Klussniann
1547 2406 1579 2436 p.
1600 2397 1650 2428 02.

964 2463 998 2467 —
1035 2444 1195 2485 Derepta]
1237 2444 1427 2476 «violenter
1461 2447 1495 2476 et
1531 2448 1655 2477 contu—

961 2493 1106 2526 meliose
1135 2494 1326 2525 detracta.»
1367 2493 1472 2524 Tacit.
1503 2496 1589 2525 Ann.
1620 2495 1652 2529 ’2.

961 2543 1022 2575 45:
1060 2544 1175 2582 spolia
1203 2547 1231 2574 et
1254 2543 1318 2574 tela.
1341 2543 1497 2574 [torminis
1520 2544 1653 2583 derepta

959 2593 993 2623 in
1036 2592 1187 2623 manibus
1230 2592 1408 2622 multorum
1457 2593 1650 2623 oslenlabal.

962 2642 1051 2681 Virg.
1082 2644 1166 2673 Aen.
1200 2642 1255 2678 11,
1289 2641 1370 2672 193ῑ
1411 2642 1517 2680 spolia
1542 2643 1656 2673 occisis

959 2691 1094 2729 derepta
1129 2691 1274 2727 Latinis,
1316 2689 1374 2720 ubi
1411 2689 1466 2721 alii
1500 2691 1628 2730 direpta
1643 2701 1651 2723 ,·

959 2741 1022 2772 sed
1046 2740 1125 2771 vide
1152 2741 1386 2780 Wagnerum,
1413 2741 1495 2772 item
1522 2741 1586 2772 Fea
1610 2741 1652 2770 ad

1534 1907 1587 1937 ⁶25.
1617 1925 1652 1929 —
