1997 3219
263 145 342 183 (536

597 252 756 308 lungite
788 253 878 295 lata.

880 151 1049 183 HORATH

488 369 651 411 Fertilis
683 370 862 425 frugum¹
884 372 1146 427 pecorisque
1179 372 1316 415 'sellus

485 449 638 504 Spicea
668 449 798 493 donet
828 451 1030 494 Cererem
1061 465 1246 502 corona3

1642 456 1694 495 :30

483 530 674 572 Nutriant
705 531 813 573 setus
845 539 887 574 et
917 518 1057 588 aquae
1088 531 1283 574 salubres

596 610 643 651 Et
674 611 783 653 Iovis
814 624 956 654 aurae.

482 726 660 769 Condito
690 728 800 770 mitis
830 728 1110 787 placidusque
1142 729 1223 772 telo

485 807 710 863 Supplices
741 809 840 851 audi
871 823 1055 866 pueros,
1089 809 1265 866 Apollo;

482 887 680 930 Siderum
711 889 858 945 regina
888 889 1102 938 bicornis,
1136 890 1255 935 audi,

592 969 726 1017 Luna,
758 968 922 1025 puellas
941 985 947 1011 ;

1643 894 1694 934 35

483 1085 615 1126 Roma
646 1085 681 1126 si
711 1092 901 1128 vestrum
933 1093 999 1129 est
1030 1100 1166 1143 opus,
1202 1087 1387 1144 Iliaeque

258 1279 325 1308 cet.
340 1294 374 1298 —
393 1275 486 1314 Aliis,
505 1277 543 1307 ut
558 1285 670 1317 nuper
691 1278 860 1316 Steinero,
878 1277 955 1318 pla—

259 1326 329 1358 cuit
345 1326 557 1358 constructio
569 1325 724 1366 praelata
742 1335 760 1357 a
771 1326 951 1366 Lambino‚

258 1376 318 1415 qui
334 1375 367 1406 in
379 1375 641 1406 Commentario
656 1377 809 1407 servavit
826 1376 956 1408 indica-

258 1425 367 1456 tivum
381 1428 505 1455 servat:
522 1425 674 1467 «lungite
688 1425 781 1457 hona
795 1426 862 1457 fata
876 1426 953 1458 fatis

258 1475 327 1505 iam
352 1474 522 1515 peractis,
555 1474 649 1514 quod
674 1475 819 1515 quidem
843 1475 953 1508 semel

258 1525 326 1554 iam
355 1531 373 1553 a
397 1522 498 1554 vobis
523 1523 655 1555 dictum
681 1526 733 1556 est
762 1527 797 1556 et
820 1525 953 1557 stabilis

258 1581 378 1604 rerum
396 1573 565 1604 terminus
590 1573 625 1604 id
645 1575 763 1605 servat
779 1583 894 1614 neque
919 1574 954 1606 id

258 1621 326 1652 ullo
349 1623 453 1662 pacto
476 1624 594 1662 potest
617 1623 804 1654 immutari.
845 1623 954 1661 Quid—

257 1679 340 1702 nam
363 1670 474 1702 semel
499 1671 632 1703 dictum
663 1673 740 1703 est‘?
775 1673 846 1704 Vos
874 1673 953 1704 iun-

258 1722 376 1751 cturas
432 1719 524 1751 bona
571 1721 772 1760 praeteritis
832 1721 919 1753 satis.
934 1734 949 1749 »

258 1770 389 1800 Verum
413 1770 463 1800 sic
487 1777 541 1799 vv.
566 1777 699 1800 veraces
724 1771 873 1801 cecinisse
904 1771 952 1801 ni-

258 1818 324 1849 mis
349 1817 495 1857 abrupta
520 1819 600 1849 sunt
624 1819 658 1848 et
681 1827 792 1859 prope
813 1827 949 1850 manca:

259 1866 343 1907 quid
382 1866 546 1903 tandem,
588 1875 738 1906 quaeso,
779 1868 952 1899 cecinisse‘.>

261 1932 296 1937 —
325 1916 392 1947 iam
410 1915 566 1956 pet-aclis]
593 1916 741 1956 «quibus
766 1916 881 1949 adhuc
905 1916 952 1948 se-

259 1965 369 1997 liciter
393 1966 446 1996 usi
470 1973 628 1997 sumus»

302 2014 418 2046 629-32.
456 2015 585 2046 Fertilis
608 2015 687 2055 cet]
727 2015 893 2047 «Veteres
917 2015 951 2046 in

259 2064 501 2105 precationum
520 2063 676 2096 formulis
689 2065 776 2095 haec
796 2065 858 2096 tria
877 2064 952 2096 seli-

259 2114 369 2146 citatis
402 2115 598 2152 momenta,
636 2114 773 2154 frugum
807 2114 952 2145 uberta—

258 2165 342 2202 tem,
367 2162 516 2195 feturam
532 2171 692 2203 gregum,
711 2165 952 2195 matronarum

260 2212 530 2249 secunditatem,
570 2211 778 2252 plerumque
805 2213 952 2245 coniun-

259 2263 353 2301 gunt.
386 2260 548 2301 Aeschyl.
568 2262 668 2292 Eum.
688 2261 761 2292 905.
789 2261 949 2302 Sophocl.

258 2310 343 2341 Oecl.
369 2311 450 2350 Tyr.
472 2311 543 2340 «171.
563 2310 735 2350 Aristoph.
756 2312 833 2341 Pac.
855 2311 949 2342 4320.

261 2359 389 2393 Herod.
408 2360 439 2397 3,
460 2359 534 2390 68.»
561 2360 747 2390 nescimus
765 2359 808 2390 ad
827 2360 899 2391 Tib.
919 2361 951 2398 2,

261 2410 291 2445 5,
313 2408 364 2439 91.
382 2426 415 2430 -
431 2408 722 2447 Fertilis—pecoris
732 2417 796 2449 per
808 2417 954 2449 zeugma

263 2466 324 2497 pro
360 2458 517 2497 fecunda,
554 2459 674 2489 contra
709 2458 866 2498 sccundus
889 2468 952 2499 pro

259 2507 377 2546 sci-(ilis
393 2506 436 2538 dc
454 2506 639 2538 arboribus
658 2507 719 2538 Od.
739 2506 770 2545 3,
788 2507 847 2544 ⁶23,
867 2508 897 2538 6.
916 2526 950 2530 —

267 2556 380 2596 Tellus]
407 2556 503 2587 Cont'.
531 2563 655 2587 versus
680 2554 798 2596 Sibyll.
819 2557 858 2587 »10
876 2565 951 2596 sq.,

264 2606 316 2635 ius
347 2605 532 2637 iurandum
565 2604 710 2646 Philippi
735 2605 828 2636 adv.
856 2605 885 2636 0.
916 2624 949 2627 —

266 2655 330 2684 usn
369 2654 505 2693 frugum
541 2654 684 2686 ubertas
721 2656 754 2685 et
783 2662 952 2694 prospera

264 2702 439 2742 pecudum
458 2703 601 2734 fetura.»
626 2704 744 2735 SCHOL.
767 2704 860 2735 lianc
878 2712 954 2735 sen-

1005 1280 1150 1310 tentiam
1173 1281 1320 1311 venusta
1345 1279 1494 1319 imagine
1519 1281 1569 1312 sic
1593 1289 1698 1312 exor-

1005 1330 1079 1366 nat,
1106 1329 1144 1359 ut
1167 1327 1280 1360 Tellus
1306 1328 1388 1367 dea,
1415 1330 1488 1369 ipsa
1520 1328 1608 1360 laeta
1633 1338 1695 1362 sua

1005 1376 1178 1408 fertilitate
1195 1403 1202 1415 ,
1244 1386 1286 1408 eo
1325 1386 1472 1409 munere
1513 1378 1694 1418 fungatur,

1004 1434 1074 1466 quo
1093 1427 1178 1466 grati
1196 1425 1321 1464 coloni,
1348 1435 1429 1458 cum
1447 1427 1613 1459 Cererem
1631 1428 1698 1468 spi-

1005 1475 1076 1506 ceis
1109 1477 1247 1507 coronis
1276 1477 1418 1514 ornant,
1454 1477 1491 1507 ut
1516 1479 1699 1517 comparet

1005 1526 1110 1556 etiam
1142 1525 1175 1556 in
1203 1525 1414 1565 antiquitatis
1444 1526 1694 1557 monumentis.

1004 1573 1125 1605 Tibull.
1147 1575 1184 1612 si,
1214 1575 1246 1612 l,
1275 1575 1332 1605 115:
1369 1575 1472 1605 Flava
1496 1574 1608 1613 Ceres,
1641 1575 1697 1606 tibi

1002 1623 1042 1653 sit
1065 1626 1175 1653 nostro
1199 1624 1237 1654 dc
1259 1631 1339 1654 ‘rure
1361 1631 1485 1654 corona
1508 1623 1635 1662 Spicea.
1659 1641 1691 1646 —

1001 1672 1094 1712 setus]
1121 1673 1161 1703 H.
1180 1670 1201 1702 1.
1221 1679 1386 1711 agrorum
1405 1671 1534 1710 fruges.
1562 1672 1633 1703 Cic.
1652 1672 1695 1703 de

1003 1722 1058 1752 Or.
1086 1721 1122 1758 ⁶2,
1150 1720 1208 1751 30:
1245 1730 1309 1759 quo
1331 1721 1480 1751 meliores
1507 1730 1589 1760 aqer
1614 1721 1698 1761 fetus

998 1771 1101 1810 possit
1135 1773 1164 1801 et
1194 1770 1390 1810 grandiores
1421 1770 1523 1801 edere.
1553 1787 1588 1791 —
1614 1771 1698 1802 Iovis

1003 1819 1118 1859 αἰιναε]
1158 1819 1206 1849 Ex
1239 1819 1381 1858 antiquo
1413 1819 1586 1850 sermonis
1610 1828 1694 1856 usu,

1003 1878 1071 1909 quo
1104 1870 1264 1909 tempora
1297 1869 1331 1899 et
1362 1868 1458 1899 varia
1484 1868 1570 1899 caeli
1605 1871 1697 1900 tem-

1002 1918 1118 1958 peries
1143 1919 1177 1948 et·
1204 1916 1319 1958 pluvia
1342 1918 1412 1948 Iovi
1438 1917 1693 1949 tribuebantur.

1004 1966 1111 2008 Epod.
1138 1967 1174 2005 ⁶2,
1201 1967 1257 1997 29:
1300 1967 1444 1997 tonantis
1466 1967 1696 1998 ammsliiber—

1002 2025 1063 2047 mis
1078 2016 1172 2047 Iovis.
1192 2015 1287 2047 Iliad.
1302 2025 1330 2054 ε,
1350 2016 1384 2047 91
1402 2025 1407 2046 ;
1427 2013 1517 2055 Διὸς
1534 2012 1692 2061 ὄμβρος.

1003 2066 1107 2106 Soph.
1133 2066 1244 2104 Antig.
1272 2066 1352 2096 607:
1381 2061 1574 2107 ἀκάματοι
1596 2065 1696 2097 θεῶν

993 2113 1138 2156 “Μῆνες.
1189 2114 1346 2155 Apellen.
1378 2115 1486 2146 Rhod.
1524 2116 1565 2151 ¹2,
1607 2116 1693 2147 525:

1003 2161 1150 2206 ἐτήσιοι
1179 2163 1220 2196 ἐκ
1255 2162 1345 2203 Διὸς
1379 2158 1503 2208 αὖραι.
1546 2166 1693 2196 Eumen.

1003 2215 1129 2254 Paneg.
1161 2215 1278 2245 Const.
1310 2214 1368 2245 43:
1408 2215 1554 2253 Iuppiter
1584 2215 1695 2245 mocle-

1003 2266 1099 2294 rator
1125 2271 1300 2293 aurarum.
1339 2264 1460 2301 ltaque
1490 2264 1524 2294 et
1551 2263 1696 2294 adiecti-

1004 2320 1086 2343 vum
1102 2311 1248 2343 salubres
1265 2312 1298 2342 et
1314 2312 1486 2351 genitivus
1502 2313 1586 2343 Iovis
1602 2315 1636 2344 et
1652 2312 1697 2343 ad

1003 2369 1111 2400 aquas
1125 2363 1160 2392 et
1176 2361 1219 2392 ad
1237 2370 1341 2392 auras
1356 2361 1542 2393 reserenda
1560 2364 1650 2393 sunt.

1047 2410 1087 2441 33
1100 2428 1118 2432 —
1132 2410 1184 2441 36,
1213 2411 1346 2442 Condito
1361 2428 1379 2433 -
1395 2427 1413 2433 —
1429 2410 1501 2451 telo]
1529 2411 1696 2442 «Omnem

1003 2460 1140 2500 pestem
1153 2469 1171 2489 a
1184 2458 1314 2500 populo
1327 2461 1483 2491 Romano
1497 2461 1695 2492 avertens.»

1005 2509 1125 2547 Magna
1141 2517 1222 2540 cum
1240 2510 1313 2540 arte
1331 2509 1519 2539 revertitur
1535 2507 1579 2539 ad
1596 2507 1699 2549 Apol-

1004 2556 1128 2595 linem,
1162 2558 1305 2595 Augusti
1330 2558 1513 2589 custodem
1539 2558 1574 2588 et
1597 2558 1695 2597 quasi

1004 2607 1145 2646 genium
1171 2605 1371 2643 tutelarem,
1402 2608 1436 2638 et
1463 2606 1506 2638 ad
1534 2606 1691 2637 Dianam.

1005 2663 1154 2695 quorum
1179 2655 1321 2686 numina
1340 2655 1433 2686 initio
1451 2654 1639 2686 invocarat.
1658 2671 1691 2675 ——

1004 2705 1090 2735 mitis
1109 2704 1334 2744 placidusque]
1358 2702 1491 2744 Duplex
1508 2701 1691 2735 ἐπίθετον.
