1997 3219
791 215 864 244 [ΗΞ.
895 215 946 244 ΙΙΙ.
998 215 1034 243 (1.
1063 214 1115 244 vl.

1567 213 1646 253 :383

705 551 1015 591 cmm
1053 551 1150 590 w-

434 663 593 706 Delicta
626 663 833 704 maiorum
866 663 1100 705 immeritus
1133 662 1250 706 lues.

430 746 635 789 Romane,
670 743 808 785 donec
841 742 996 798 templa
1028 743 1229 785 refeceris

294 876 346 906 Vl.
375 876 484 906 lusor.
512 874 600 913 volg.

649 875 697 905 :ld
721 875 893 905 Romanos.
925 892 957 895 —
985 874 1034 905 Ad
1053 874 1211 913 populum
1238 875 1423 905 Romanum
1447 876 1534 906 BST.
1566 895 1597 897 f—

248 925 296 955 „411
319 925 500 965 Auyustum
526 925 707 955 Romanum
732 923 765 955 b.
797 941 831 945 -
859 923 950 955 Redit
973 923 1017 954 ad
1039 924 1222 964 Auqustum
1246 932 1276 954 e.

249 1041 304 1072 Vl.
346 1041 538 1082 Corruptos
563 1039 686 1072 aetatis
711 1048 795 1071 suae
821 1048 899 1071 mo—

206 1099 262 1122 res
287 1092 502 1130 conquestus
530 1091 646 1127 cives,
684 1091 721 1120 ut
745 1089 788 1120 ad
813 1090 899 1121 sim-

203 1139 328 1180 plicem
353 1148 393 1171 ac
417 1148 579 1171 severam
603 1140 775 1171 maiorum
793 1139 899 1172 disei-

202 1188 332 1229 plinam
358 1188 521 1225 redeant,
549 1189 774 1227 exhortatum
807 1190 898 1221 tecte

201 1238 400 1279 significans
435 1247 578 1270 omnem
611 1239 771 1270 Caesaris
797 1240 899 1270 Octa-

202 1289 291 1319 viani
317 1297 439 1319 euram
464 1289 495 1319 et
522 1296 666 1328 operam
693 1288 725 1318 in
751 1296 792 1319 eo
824 1288 898 1329 ipso

201 1337 352 1369 defixam
388 1345 490 1369 esse.
540 1338 578 1367 ut
613 1337 740 1367 civium
780 1346 898 1368 mores

201 1386 446 1418 emendentur.
496 1387 584 1417 (lum
610 1386 665 1417 hic
689 1386 897 1417 Parthorum

202 1438 383 1475 tamquam
418 1436 590 1466 victorum
622 1433 897 1477 (νικησάντων)

202 1486 332 1516 mentio
351 1485 426 1523 fiat,
453 1484 682 1526 probabiliter
698 1487 793 1516 certe
817 1487 897 1517 ante

201 1544 232 1565 a.
260 1543 292 1565 u.
320 1544 350 1565 c.
378 1534 451 1566 734.
485 1543 628 1566 carmen
662 1535 898 1575 compositum

201 1585 264 1615 est.
304 1583 341 1614 Et
369 1592 450 1614 eum
473 1583 542 1614 iam
560 1583 625 1615 sub
644 1584 778 1615 initium
802 1584 899 1624 prin-

200 1633 335 1673 cipatus
360 1633 569 1664 Octavianus
595 1633 756 1664 Caesaris
789 1633 897 1673 ipsius

200 1681 386 1714 consilium
411 1684 554 1714 secutus
580 1683 769 1722 cogitasset
801 1681 896 1722 leges

202 1732 310 1770 serre,
348 1731 476 1772 quibus
504 1731 662 1763 licentiae
691 1740 732 1762 ac
764 1730 896 1763 libidini

201 1781 342 1812 obviam
367 1781 490 1817 iretur,
532 1781 791 1822 sapientissimo
816 1782 898 1813 huic

201 1829 361 1868 consilio,
400 1830 495 1870 quod
520 1829 574 1862 ille
600 1830 728 1863 multos
753 1831 898 1863 demum

201 1882 277 1921 post
307 1889 417 1912 annos
445 1881 590 1921 exsequi
618 1881 752 1921 potuit,
793 1883 897 1922 poeta

201 1930 300 1969 quasi
323 1928 489 1969 praelusit
519 1929 613 1961 circa
644 1938 675 1960 a.
701 1939 733 1961 u.
763 1938 792 1961 c.
820 1930 894 1961 726.

203 1978 298 2017 (Vide
337 1979 466 2009 Franke
499 1979 588 2010 Fast.
627 1980 709 2010 Hor.
748 1988 781 2020 p.
821 1980 894 2010 493.

202 2029 235 2057 et
260 2026 504 2067 Dillenhurger
528 2036 561 2067 p.
581 2027 647 2066 88.)
685 2028 754 2059 Lex
777 2029 897 2059 autem

203 2075 283 2107 lulia
309 2076 352 2107 de
380 2075 559 2107 adulteriis
585 2075 652 2107 lata
681 2078 734 2108 est
755 2086 785 2107 a.
812 2086 845 2108 u.
865 2086 895 2107 c.

202 2125 297 2162 731,
326 2127 394 2156 Lex
420 2126 522 2165 Papia
543 2127 703 2166 Poppaea
722 2126 765 2157 de
791 2126 898 2157 mari-

202 2175 316 2205 tandis
329 2174 510 2205 ordinibus
524 2174 670 2205 demum
683 2184 714 2205 a.
728 2183 760 2205 u.
775 2183 804 2206 c.
821 2175 895 2206 762.

247 2225 276 2254 4.
296 2224 423 2255 Delicta
437 2223 518 2264 cet]
541 2224 587 2254 Ex
605 2224 846 2264 antiquissima
864 2226 899 2256 et

203 2272 426 2304 Orientalium
457 2275 492 2303 et
516 2274 730 2304 Graecorum
761 2274 898 2314 opinio-

204 2331 258 2353 ne.
300 2322 415 2362 Eurip.
437 2322 547 2361 Frgm.
567 2322 633 2354 inc.
655 2323 726 2354 433.
754 2323 894 2354 Matth.:

205 2368 258 2402 Tr).
295 2369 370 2402 τῶν
405 2369 590 2402 τεκόντων
625 2370 819 2413 σφάλματ’
845 2374 897 2413 εἰς

204 2419 293 2459 τοὺς
327 2418 509 2462 ἐκγόνους
546 2421 589 2451 Oi
624 2421 705 2453 θεοὶ
737 2424 897 2467 τρέπου-

204 2480 275 2501 σιν.
296 2488 329 2491 —
349 2470 524 2511 unitorum]
544 2471 623 2502 inde
641 2480 659 2501 a
677 2471 896 2512 temporibus

203 2519 368 2555 Sullanis,
410 2520 559 2551 duarum
595 2529 702 2561 prope
742 2522 896 2552 aetatum

203 2570 282 2599 ante
316 2569 381 2599 ho«-
415 2577 557 2599 carmen
583 2570 829 2609 compositum.
860 2588 894 2592 —

204 2618 394 2658 immeritus]
421 2618 505 2649 uetsi
531 2617 619 2648 nulla
637 2619 777 2659 propria
795 2618 896 2660 culpa

205 2666 388 2707 pollutus„
438 2668 571 2698 Etenim
596 2666 748 2707 loquitur
772 2667 815 2699 (le
841 2676 898 2698 ae-

205 2717 293 2751 tate,
322 2716 460 2747 iamiam
486 2717 639 2754 oriente,
667 2725 756 2756 quae
779 2717 897 2757 proxi-

206 2773 260 2795 me
287 2766 529 2805 praecedentis
555 2765 691 2806 culpas,
727 2766 789 2797 nisi
822 2766 894 2806 ipsa

951 1039 996 1071 ad
1019 1048 1159 1071 morum
1178 1041 1412 1072 innocentiam
1431 1043 1465 1073 et.
1480 1042 1646 1082 pietatem

951 1089 1105 1121 reditura
1141 1090 1200 1128 sit,
1236 1089 1332 1121 luere
1369 1090 1510 1122 debeat.
1560 1090 1646 1122 Nihil

951 1141 1069 1170 autem
1094 1138 1263 1171 infelicius
1280 1148 1436 1180 unquam
1453 1139 1521 1171 vidi
1541 1149 1647 1180 quam

951 1188 1017 1219 HP.
1045 1189 1192 1219 coniect.
1218 1189 1375 1226 meritu33
1403 1189 1534 1220 etenim
1559 1189 1648 1220 inter

951 1237 1077 1268 Delicta
1097 1239 1131 1268 e't
1148 1238 1329 1269 iinmeritus
1340 1237 1519 1276 callidam,
1539 1239 1658 1280 immo

951 1287 1147 1326 egregiam,
1174 1296 1192 1317 a
1218 1289 1321 1327 poeta
1346 1288 1542 1327 quaesitam
1567 1296 1646 1319 esse

949 1330 1142 1367 ἀντίθεσιν
1166 1338 1263 1367 recte
1281 1336 1520 1376 significarunt
1536 1337 1648 1367 Krab-

951 1393 1015 1415 ner
1039 1386 1074 1416 et
1096 1383 1341 1425 Dillenburger
1363 1394 1442 1426 pag.
1469 1386 1521 1417 88.

994 1433 1024 1464 2.
1050 1434 1204 1474 Romane]
1230 1434 1341 1474 Saepe
1364 1435 1414 1466 sic
1440 1435 1555 1466 Livius
1582 1442 1646 1475 pro

951 1490 1098 1513 numero
1128 1482 1262 1523 plurali.
1313 1483 1381 1514 Ctr.
1420 1484 1526 1515 etiam
1550 1484 1643 1523 Virg.

949 1533 1035 1562 Aen.
1055 1532 1086 1570 6,
1113 1533 1195 1563 85⁴2:
1230 1533 1275 1563 Tu
1299 1541 1412 1573 repere
1434 1533 1569 1572 imperio
1588 1542 1648 1572 po-

945 1582 1056 1621 pulos,
1083 1583 1243 1621 Romane,
1266 1586 1436 1614 memento.
1456 1601 1490 1605 —-
1510 1582 1643 1623 templa]

951 1631 1118 1671 Templum
1142 1632 1281 1672 proprie
1299 1633 1412 1663 omnis
1429 1631 1527 1663 locus
1544 1633 1645 1663 antea

948 1680 1138 1722 profanus,
1165 1682 1286 1722 postea
1312 1682 1562 1721 inauguratu83
1589 1690 1646 1712 ae-

950 1731 1020 1769 des,
1067 1730 1181 1761 omnis
1224 1730 1373 1761 deorum
1413 1730 1551 1761 domus.
1600 1731 1643 1761 M.

948 1780 1059 1811 Varro
1084 1779 1177 1820 apud
1203 1778 1285 1811 Gell.
1314 1779 1372 1818 114,
1392 1780 1429 1810 7:
1458 1789 1522 1810 non
1538 1788 1648 1810 omnes

949 1830 1044 1861 aedes
1066 1838 1182 1860 sacras
1205 1829 1325 1868 templa
1341 1838 1407 1860 esse
1423 1839 1462 1860 ac
1480 1838 1518 1860 ne
1534 1830 1648 1860 aedem

949 1879 1079 1918 quidem
1108 1879 1218 1910 Vestae
1241 1879 1397 1918 [emplum
1421 1887 1496 1910 esse.
1558 1879 1596 1909 H.
1623 1878 1643 1909 l.

948 1928 1164 1968 homonyma
1183 1929 1273 1960 sunt.
1323 1929 1389 1959 Per
1412 1927 1502 1959 bella
1527 1930 1646 1959 autem

948 1976 1059 2009 civilia
1084 1978 1120 2009 et
1142 1979 1286 2018 propter
1310 1976 1428 2009 clades
1460 1978 1646 2009 hominum

949 2028 984 2057 et
1018 2028 1162 2067 propter
1196 2027 1367 2067 pecuniae
1403 2026 1582 2058 desectum
1613 2027 1645 2057 in

948 2077 1022 2116 ipsa
1058 2075 1146 2107 urbe
1179 2077 1360 2116 magisque
1393 2076 1498 2107 etiam
1524 2077 1556 2107 in
1581 2085 1646 2117 op-

947 2125 1037 2165 pidis
1055 2124 1211 2165 neglecta
1237 2125 1373 2156 fuerant
1391 2123 1531 2165 templa.
1566 2126 1647 2156 Pro-

947 2176 1037 2216 pert.
1054 2175 1084 2212 2,
1100 2175 1131 2213 6,
1144 2175 1202 2206 35:
1230 2175 1292 2206 Sed
1309 2184 1370 2205 non
1389 2174 1488 2214 (nunc
1504 2174 1643 2206 llertzb.

949 2224 1050 2264 coni.)
1072 2224 1234 2255 immerito
1249 2224 1369 2254 velavit
1386 2232 1515 2254 aranea
1527 2224 1647 2263 sanum

947 2275 989 2305 Et
1012 2274 1103 2304 mala
1126 2274 1266 2304 desertos
1289 2276 1427 2312 occupat
1442 2273 1541 2304 herba
1558 2274 1642 2304 deos.

952 2341 985 2346 —
1013 2323 1182 2364 refeceris]
1210 2323 1352 2362 Augusti
1377 2332 1418 2354 ea
1443 2322 1530 2353 laus.
1572 2323 1643 2354 Cl'r,

949 2372 1010 2403 Od.
1030 2373 1061 2412 ⁶2,
1082 2373 1140 2411 ¹¹5,
1158 2373 1231 2411 w,
1260 2372 1352 2404 unde
1378 2380 1461 2403 eum
1485 2373 1534 2403 sic
1559 2371 1645 2403 allo-

949 2422 1066 2462 quitur
1089 2422 1186 2453 Ovid.
1215 2423 1301 2454 Fast.
1329 2423 1366 2461 Ξ,
1393 2422 1455 2453 63:
1501 2422 1645 2461 Templo-

949 2480 1023 2502 rum
1053 2472 1196 2510 positor,
1233 2471 1428 2510 templorum
1457 2474 1568 2502 sancte
1590 2480 1646 2501 re—

944 2523 1068 2559 postor.
1105 2521 1195 2560 Virg.
1215 2523 1300 2552 Aen.
1319 2520 1355 2557 8,
1376 2520 1449 2550 7116.
1470 2522 1644 2559 Augustus

949 2570 1099 2601 sacraxit
1134 2570 1288 2601 Maxima
1325 2572 1503 2600 tercentum
1543 2572 1645 2600 totam

949 2618 1085 2650 delubra
1103 2628 1165 2658 per
1191 2619 1316 2649 Urbem.
1365 2618 1459 2648 Suet.
1486 2618 1559 2649 Oct.
1578 2618 1640 2649 30:

947 2668 1046 2699 Aedes
1069 2677 1184 2699 sacras
1205 2671 1364 2699 vetustate
1397 2667 1560 2707 collapsas
1587 2671 1645 2698 aut.

948 2718 1094 2749 incendio
1129 2717 1318 2756 absumptus
1355 2716 1476 2756 refecit.
1536 2716 1642 2747 Etiam

947 2765 1105 2797 Tiberius
1139 2767 1228 2797 teste
1253 2766 1369 2797 Tacito
1395 2767 1481 2797 Ann.
1516 2766 1554 2804 2,
1582 2765 1639 2797 49.-
