1997 3219
304 221 328 261 N)

332 222 384 263 ἓξ

813 224 978 254 ΗΟΗΑἹῊ
1005 224 1227 256 CARMINUM

529 327 653 368 Victis
686 327 871 367 minores
904 325 1074 368 volvere
1104 326 1309 371 vertices,

584 409 781 462 intraque
818 406 1128 462 praescriptum
1161 406 1348 449 Gelonos

640 486 812 542 Exiguis
844 487 1037 542 equitare
1070 487 1244 542 campis.

387 621 439 650 22.
466 619 604 659 volvere]
637 621 762 649 vertere
785 628 806 659 γ
840 617 991 657 (Kirehn.
1017 626 1050 658 p.
1078 617 1164 657 36.),
1198 617 1309 648 tollere
1341 617 1516 649 Luc-tatius
1540 616 1630 649 Piae.
1658 618 1701 649 ad

345 670 427 699 Stat.
455 666 563 699 Theb.
592 668 643 705 Η,
670 667 744 698 508.
775 685 809 688 —
834 667 973 698 vortices
997 668 1032 698 L.
1061 667 1111 706 (Ut
1134 675 1210 705 nos,
1237 665 1410 705 BbSTcd.)

306 784 416 825 Victis]
454 785 508 816 Sic
536 785 660 815 Cicero
695 793 759 824 pro
796 784 906 815 Sestio
934 785 997 815 64:

302 834 389 864 orbis
417 836 586 864 tei-rammi
614 833 764 874 regiones
787 842 805 864 a
829 833 998 873 Pompeio

302 883 476 914 adiunctas
490 883 565 914 huic
581 883 718 922 imperio
735 882 829 921 dicit,
849 883 885 913 et
895 882 996 913 Verr.

302 934 383 963 Ace.
403 933 439 969 ὅ,
466 932 484 963 6
501 942 506 962 ;
532 933 677 962 maiores
699 940 774 962 cum
790 931 939 962 Siciliam
956 932 1001 962 ad

301 990 372 1012 rem
390 981 561 1020 publicam
577 981 813 1012 adiunxissent.
836 998 873 1003 —
890 981 1000 1011 mino-

301 1030 363 1070 res]
385 1031 484 1070 «quia
503 1029 717 1061 debellatum
742 1038 780 1061 se
804 1030 920 1068 sentit,
948 1029 1000 1060 fa-

304 1081 415 1117 stum,
435 1088 504 1119 quo
520 1080 618 1120 prius
634 1079 812 1117 tumebat,
831 1079 997 1116 abiecit»;

304 1130 403 1161 cuius
428 1129 570 1160 demissi
595 1129 701 1160 animi
731 1129 869 1168 signum
897 1128 1000 1159 nobis

304 1179 468 1218 proponit
503 1179 578 1209 eius
609 1179 761 1209 vertices
792 1178 908 1209 minus
938 1186 1000 1208 ae-

304 1229 443 1259 stuosos
460 1236 566 1268 quam
584 1229 703 1266 antea,
728 1236 811 1259 cum
828 1236 940 1266 nunc,
963 1229 1001 1258 ut

303 1276 389 1308 καθ’
415 1273 630 1321 ὑπερβολὴν
655 1277 754 1315 dicit,
780 1276 929 1317 9entibus
944 1277 1003 1307 ad-

305 1327 427 1365 ditum,
463 1326 498 1357 id
534 1328 606 1365 est,
654 1326 804 1366 imperio
843 1326 1000 1357 Romano

306 1375 505 1407 subiectum
530 1376 585 1407 sit.
634 1376 741 1407 Tacit.
759 1376 849 1406 Ann.
875 1376 913 1414 4,
940 1375 998 1405 79;

305 1425 385 1462 quin
424 1425 531 1463 ipsum
574 1424 712 1455 Tiberim
749 1424 834 1455 nolle
863 1433 1002 1463 prorsus

306 1474 426 1504 accolis
447 1474 558 1514 fluviis
580 1473 734 1504 orbatum
748 1473 877 1504 minore
892 1473 1003 1513 gyloria

305 1525 417 1563 fluere.
458 1541 493 1544 —
528 1522 674 1563 vertices]
715 1523 812 1554 Hanc
837 1522 999 1560 sormam,

307 1581 377 1603 non
417 1572 572 1610 vortices,
619 1572 760 1603 videtur
794 1570 1003 1612 praetulisse

308 1622 414 1653 etiam
437 1620 610 1661 Virgilius.
672 1621 740 1653 Cfr.
769 1621 926 1661 WVagner
960 1620 1004 1651 ad

309 1673 367 1702 Ge.
389 1671 424 1709 ιἸ,
451 1670 525 1702 481.
551 1671 638 1703 Aen.
666 1671 702 1709 ’1,
731 1670 804 1701 447.
843 1670 1001 1710 Orthogr.

308 1719 433 1760 Vergil.
460 1728 494 1760 p.
514 1719 588 1752 484.

355 1819 404 1851 23.
433 1818 588 1859 Gelonos]
614 1819 706 1859 Virg.
736 1821 821 1850 Aen.
853 1819 890 1856 8,
918 1819 1000 1849 725:

1049 784 1108 814 Hic
1132 783 1266 824 Lelegas
1291 784 1461 822 Carasque
1483 784 1747 824 sagittiferosque

1052 832 1189 864 Gelonos
1208 834 1356 873 sin-verat
1382 833 1542 873 (victos).
1594 832 1745 871 «Geloni,

1050 882 1205 923 priinum
1229 883 1414 913 memorati
1441 881 1484 913 ab
1510 882 1689 913 Herodoto
1715 881 1746 920 4,

1052 930 1146 969 408.,
1175 931 1366 961 Sarmatiae
1393 932 1466 962 sive
1491 931 1655 970 Scythiae
1680 932 1750 962 Eu-

1050 988 1203 1020 ropaeae
1227 979 1363 1020 populi,
1400 981 1433 1011 in
1464 981 1648 1021 posterum
1680 981 1748 1012 iam

1050 1030 1140 1060 intra
1157 1037 1240 1060 suos
1257 1028 1440 1060 dumtaxat
1456 1029 1560 1067 fines,
1583 1031 1621 1060 ut
1637 1028 1750 1061 solent

1050 1077 1239 1116 Nomades,
1265 1078 1475 1118 equitabant,
1502 1086 1619 1118 neque
1637 1080 1674 1110 ut
1691 1087 1751 1109 an-

1051 1128 1107 1158 tea
1142 1127 1177 1157 in
1211 1127 1405 1158 Romanam
1442 1126 1640 1166 dicionem,
1681 1135 1750 1167 qua

1052 1176 1102 1207 eis
1128 1184 1221 1206 nunc
1245 1175 1472 1207 interdictum
1500 1177 1553 1207 est
1576 1175 1619 1207 ab
1636 1177 1752 1215 Augu-

1051 1226 1128 1263 sto,
1164 1225 1385 1256 incursiones
1415 1224 1579 1256 sacient.»
1628 1224 1750 1256 Florus

1051 1273 1087 1312 4,
1107 1274 1164 1313 112,
1184 1274 1242 1305 2οῑ
1266 1273 1446 1305 Sarmatae
1455 1274 1644 1313 patentibus
1660 1282 1752 1305 cam-

1045 1324 1100 1363 pis
1124 1322 1291 1364 (Steppen)
1319 1324 1514 1362 inequitant.
1545 1341 1580 1345 -
1605 1323 1750 1363 Eat-iquis

1052 1374 1187 1411 autem,
1207 1373 1235 1405 si
1253 1373 1516 1414 comparaveris
1534 1381 1615 1404 cum
1632 1373 1749 1413 priore

1053 1431 1178 1453 eorum
1212 1421 1368 1461 licentia,
1406 1431 1475 1462 qua
1504 1422 1592 1453 fines
1616 1422 1749 1462 patrIOS

1053 1471 1224 1503 arbit-ratu
1249 1480 1313 1504 suo
1339 1470 1581 1510 excedebant,
1621 1471 1751 1502 Roma-

1053 1530 1117 1553 nos
1131 1529 1234 1561 agros
1248 1519 1547 1561 depopulabundi.
1574 1519 1643 1551 Cfr.
1658 1520 1750 1551 Mon.

1053 1572 1182 1610 Ancyr.
1203 1569 1258 1601 ed.
1276 1570 1330 1601 Fr.
1351 1578 1384 1609 p.
1404 1569 1445 1600 36
1462 1579 1467 1599 :
1493 1570 1652 1600 Nostram
1668 1569 1751 1599 ami·-

1053 1620 1166 1651 citiam
1198 1619 1363 1659 petierant
1380 1627 1444 1658 per
1467 1619 1591 1659 legatos
1612 1618 1755 1650 Bastar-

1054 1677 1118 1700 nae
1152 1671 1181 1700 et
1215 1668 1356 1707 Scythae
1390 1671 1420 1700 et
1453 1668 1755 1699 Sarmatarum

1055 1719 1101 1750 cis
1118 1718 1257 1749 Tanaim
1270 1719 1409 1759 slaviam
1427 1717 1630 1756 Tanaimque
1649 1717 1751 1748 ultra.

1058 1767 1140 1808 (Cfr.
1168 1767 1256 1799 Flor.
1283 1767 1319 1806 4,
1349 1767 1406 1805 42,
1435 1767 1486 1798 48.
1546 1767 1640 1798 Suet.
1679 1766 1751 1798 Oct.

1056 1818 1108 1849 0211.
1137 1818 1171 1849 et
1194 1816 1246 1849 43.
1289 1817 1408 1848 lustin.
1436 1815 1494 1854 42,
1521 1815 1565 1855 5.)
