<?xml version="1.0" encoding="UTF-8"?>
<!DOCTYPE html PUBLIC "-//W3C//DTD XHTML 1.0 Transitional//EN"
    "http://www.w3.org/TR/xhtml1/DTD/xhtml1-transitional.dtd">
<html xmlns="http://www.w3.org/1999/xhtml" xml:lang="en" lang="en">
 <head>
  <title>
</title>
<meta http-equiv="Content-Type" content="text/html;charset=utf-8" />
  <meta name='ocr-system' content='tesseract 3.04.00' />
  <meta name='ocr-capabilities' content='ocr_page ocr_carea ocr_par ocr_line ocrx_word'/>
</head>
<body>
  <div class='ocr_page' id='page_1' title='image "./qhoratiusflaccus01horauoft/qhoratiusflaccus01horauoft_0326.png"; bbox 0 0 1997 3219; ppageno 0'>
   <div class='ocr_carea' id='block_1_1' title="bbox 382 196 477 254">
    <p class='ocr_par' dir='ltr' id='par_1_1' title="bbox 382 196 477 254">
     <span class='ocr_line' id='line_1_1' title="bbox 382 196 477 254; baseline 0 -19"><span class='ocrx_word' id='word_1_1' title='bbox 382 196 477 254; x_wconf 15' lang='lat'><em>&#39;270-</em></span> 
     </span>
    </p>
   </div>
   <div class='ocr_carea' id='block_1_2' title="bbox 887 195 1302 228">
    <p class='ocr_par' dir='ltr' id='par_1_2' title="bbox 887 195 1302 228">
     <span class='ocr_line' id='line_1_2' title="bbox 887 195 1302 228; baseline 0 -2"><span class='ocrx_word' id='word_1_2' title='bbox 887 196 1053 226; x_wconf 66' lang='lat' dir='ltr'>HORATH</span> <span class='ocrx_word' id='word_1_3' title='bbox 1079 195 1302 228; x_wconf 71' lang='lat' dir='ltr'>CARMJNUM</span> 
     </span>
    </p>
   </div>
   <div class='ocr_carea' id='block_1_3' title="bbox 607 296 1818 354">
    <p class='ocr_par' dir='ltr' id='par_1_3' title="bbox 607 296 1818 354">
     <span class='ocr_line' id='line_1_3' title="bbox 607 296 1818 354; baseline -0.005 -13"><span class='ocrx_word' id='word_1_4' title='bbox 607 299 733 341; x_wconf 83' lang='lat' dir='ltr'>Dices</span> <span class='ocrx_word' id='word_1_5' title='bbox 765 298 950 339; x_wconf 86' lang='lat' dir='ltr'>historiis</span> <span class='ocrx_word' id='word_1_6' title='bbox 982 297 1144 354; x_wconf 84' lang='lat' dir='ltr'>proelia</span> <span class='ocrx_word' id='word_1_7' title='bbox 1176 298 1395 345; x_wconf 75' lang='lat' dir='ltr'>Caesaris,</span> <span class='ocrx_word' id='word_1_8' title='bbox 1773 296 1818 337; x_wconf 81' lang='lat' dir='ltr'>io</span> 
     </span>
    </p>
   </div>
   <div class='ocr_carea' id='block_1_4' title="bbox 606 378 1510 434">
    <p class='ocr_par' dir='ltr' id='par_1_4' title="bbox 606 378 1510 434">
     <span class='ocr_line' id='line_1_4' title="bbox 606 378 1510 434; baseline -0.001 -14"><span class='ocrx_word' id='word_1_9' title='bbox 606 381 855 422; x_wconf 77' lang='lat' dir='ltr'>Maecenas,</span> <span class='ocrx_word' id='word_1_10' title='bbox 889 378 1038 420; x_wconf 88' lang='lat' dir='ltr'>melius</span> <span class='ocrx_word' id='word_1_11' title='bbox 1069 378 1282 434; x_wconf 85' lang='lat' dir='ltr'>ductaque</span> <span class='ocrx_word' id='word_1_12' title='bbox 1314 392 1391 434; x_wconf 88' lang='lat' dir='ltr'>per</span> <span class='ocrx_word' id='word_1_13' title='bbox 1420 378 1510 419; x_wconf 81' lang='lat' dir='ltr'>vias</span> 
     </span>
    </p>
   </div>
   <div class='ocr_carea' id='block_1_5' title="bbox 716 458 1284 515">
    <p class='ocr_par' dir='ltr' id='par_1_5' title="bbox 716 458 1284 515">
     <span class='ocr_line' id='line_1_5' title="bbox 716 458 1284 515; baseline -0.005 -13"><span class='ocrx_word' id='word_1_14' title='bbox 716 462 877 515; x_wconf 79' lang='lat' dir='ltr'>Regum</span> <span class='ocrx_word' id='word_1_15' title='bbox 908 458 1016 501; x_wconf 84' lang='lat' dir='ltr'>colla</span> <span class='ocrx_word' id='word_1_16' title='bbox 1046 459 1284 501; x_wconf 77' lang='lat' dir='ltr'>minacium.</span> 
     </span>
    </p>
   </div>
   <div class='ocr_carea' id='block_1_6' title="bbox 468 577 1386 616">
    <p class='ocr_par' dir='ltr' id='par_1_6' title="bbox 468 577 1386 616">
     <span class='ocr_line' id='line_1_6' title="bbox 468 577 1386 616; baseline -0.001 -7"><span class='ocrx_word' id='word_1_17' title='bbox 468 580 517 611; x_wconf 70' lang='lat'>42.</span> <span class='ocrx_word' id='word_1_18' title='bbox 545 579 720 610; x_wconf 67' lang='lat' dir='ltr'>minacium</span> <span class='ocrx_word' id='word_1_19' title='bbox 743 579 787 616; x_wconf 92' lang='grc' dir='ltr'>Τ,</span> <span class='ocrx_word' id='word_1_20' title='bbox 814 578 1012 609; x_wconf 71' lang='lat' dir='ltr'><em>minantium</em></span> <span class='ocrx_word' id='word_1_21' title='bbox 1036 578 1057 608; x_wconf 88' lang='lat' dir='ltr'>S</span> <span class='ocrx_word' id='word_1_22' title='bbox 1082 579 1116 609; x_wconf 81' lang='lat' dir='ltr'>et</span> <span class='ocrx_word' id='word_1_23' title='bbox 1141 586 1231 609; x_wconf 85' lang='lat' dir='ltr'>corr.</span> <span class='ocrx_word' id='word_1_24' title='bbox 1259 577 1299 615; x_wconf 89' lang='lat' dir='ltr'>b,</span> <span class='ocrx_word' id='word_1_25' title='bbox 1325 577 1386 616; x_wconf 76' lang='grc' dir='ltr'>βκ.</span> 
     </span>
    </p>
   </div>
   <div class='ocr_carea' id='block_1_7' title="bbox 374 682 1079 2793">
    <p class='ocr_par' dir='ltr' id='par_1_7' title="bbox 374 682 1079 2793">
     <span class='ocr_line' id='line_1_7' title="bbox 380 682 1073 729; baseline -0.004 -13"><span class='ocrx_word' id='word_1_26' title='bbox 380 686 443 716; x_wconf 74' lang='grc' dir='ltr'>καὶ</span> <span class='ocrx_word' id='word_1_27' title='bbox 466 682 562 726; x_wconf 78' lang='grc' dir='ltr'>μετὰ</span> <span class='ocrx_word' id='word_1_28' title='bbox 587 685 745 729; x_wconf 75' lang='grc' dir='ltr'><strong><em>μέτρων.</em></strong></span> <span class='ocrx_word' id='word_1_29' title='bbox 775 703 809 706; x_wconf 92' lang='grc'>-</span> <span class='ocrx_word' id='word_1_30' title='bbox 836 684 916 716; x_wconf 85' lang='lat' dir='ltr'><strong>Mihi</strong></span> <span class='ocrx_word' id='word_1_31' title='bbox 933 683 1073 714; x_wconf 74' lang='lat' dir='ltr'>videtur</span> 
     </span>
     <span class='ocr_line' id='line_1_8' title="bbox 378 732 1072 767; baseline -0.003 -1"><span class='ocrx_word' id='word_1_32' title='bbox 378 735 475 766; x_wconf 75' lang='lat' dir='ltr'>locus</span> <span class='ocrx_word' id='word_1_33' title='bbox 500 735 713 766; x_wconf 77' lang='lat' dir='ltr'>communis:</span> <span class='ocrx_word' id='word_1_34' title='bbox 742 735 803 767; x_wconf 84' lang='lat' dir='ltr'>«Et</span> <span class='ocrx_word' id='word_1_35' title='bbox 826 735 922 765; x_wconf 87' lang='lat' dir='ltr'>certe</span> <span class='ocrx_word' id='word_1_36' title='bbox 948 732 1072 765; x_wconf 84' lang='lat' dir='ltr'>melius</span> 
     </span>
     <span class='ocr_line' id='line_1_9' title="bbox 378 783 1072 825; baseline -0.003 -11"><span class='ocrx_word' id='word_1_37' title='bbox 378 793 482 825; x_wconf 83' lang='lat' dir='ltr'>prosa</span> <span class='ocrx_word' id='word_1_38' title='bbox 500 785 657 815; x_wconf 84' lang='lat' dir='ltr'>oratione</span> <span class='ocrx_word' id='word_1_39' title='bbox 676 785 897 824; x_wconf 79' lang='lat' dir='ltr'>exponentur</span> <span class='ocrx_word' id='word_1_40' title='bbox 913 783 1072 813; x_wconf 76' lang='lat' dir='ltr'>Caesaris</span> 
     </span>
     <span class='ocr_line' id='line_1_10' title="bbox 377 832 1071 873; baseline -0.004 -8"><span class='ocrx_word' id='word_1_41' title='bbox 377 843 433 865; x_wconf 81' lang='lat' dir='ltr'>res</span> <span class='ocrx_word' id='word_1_42' title='bbox 458 835 611 873; x_wconf 73' lang='lat' dir='ltr'>gestae«</span> <span class='ocrx_word' id='word_1_43' title='bbox 662 833 706 864; x_wconf 80' lang='lat' dir='ltr'>Tu</span> <span class='ocrx_word' id='word_1_44' title='bbox 740 834 842 872; x_wconf 77' lang='lat' dir='ltr'>igitur</span> <span class='ocrx_word' id='word_1_45' title='bbox 876 832 959 863; x_wconf 87' lang='lat' dir='ltr'>mihi</span> <span class='ocrx_word' id='word_1_46' title='bbox 995 833 1071 870; x_wconf 82' lang='lat' dir='ltr'>est,</span> 
     </span>
     <span class='ocr_line' id='line_1_11' title="bbox 377 883 1073 923; baseline -0.003 -10"><span class='ocrx_word' id='word_1_47' title='bbox 377 885 411 914; x_wconf 89' lang='lat' dir='ltr'>nt</span> <span class='ocrx_word' id='word_1_48' title='bbox 436 884 481 913; x_wconf 88' lang='lat' dir='ltr'>ita</span> <span class='ocrx_word' id='word_1_49' title='bbox 507 883 638 920; x_wconf 80' lang='lat' dir='ltr'>dicam,</span> <span class='ocrx_word' id='word_1_50' title='bbox 676 890 874 923; x_wconf 77' lang='lat' dir='ltr'>pronomen</span> <span class='ocrx_word' id='word_1_51' title='bbox 910 889 1073 911; x_wconf 75' lang='lat' dir='ltr'>commu-</span> 
     </span>
     <span class='ocr_line' id='line_1_12' title="bbox 376 930 1072 970; baseline -0.006 -7"><span class='ocrx_word' id='word_1_52' title='bbox 376 932 559 963; x_wconf 86' lang='lat' dir='ltr'>nicationis</span> <span class='ocrx_word' id='word_1_53' title='bbox 584 940 666 962; x_wconf 81' lang='lat' dir='ltr'>eum</span> <span class='ocrx_word' id='word_1_54' title='bbox 690 930 869 968; x_wconf 75' lang='lat' dir='ltr'>omnibus,</span> <span class='ocrx_word' id='word_1_55' title='bbox 897 930 956 970; x_wconf 86' lang='lat' dir='ltr'>qui</span> <span class='ocrx_word' id='word_1_56' title='bbox 982 930 1072 960; x_wconf 88' lang='lat' dir='ltr'>Cae-</span> 
     </span>
     <span class='ocr_line' id='line_1_13' title="bbox 375 978 1070 1020; baseline -0.006 -8"><span class='ocrx_word' id='word_1_57' title='bbox 375 982 463 1013; x_wconf 80' lang='lat' dir='ltr'>saris</span> <span class='ocrx_word' id='word_1_58' title='bbox 498 990 555 1012; x_wconf 86' lang='lat' dir='ltr'>res</span> <span class='ocrx_word' id='word_1_59' title='bbox 590 982 706 1020; x_wconf 78' lang='lat' dir='ltr'>gestas</span> <span class='ocrx_word' id='word_1_60' title='bbox 744 979 866 1012; x_wconf 84' lang='lat' dir='ltr'>litteris</span> <span class='ocrx_word' id='word_1_61' title='bbox 902 978 1070 1010; x_wconf 88' lang='lat' dir='ltr'>mandare</span> 
     </span>
     <span class='ocr_line' id='line_1_14' title="bbox 375 1027 1073 1070; baseline -0.004 -10"><span class='ocrx_word' id='word_1_62' title='bbox 375 1030 481 1062; x_wconf 66' lang='lat' dir='ltr'>velint</span> <span class='ocrx_word' id='word_1_63' title='bbox 506 1032 541 1061; x_wconf 85' lang='lat' dir='ltr'>et</span> <span class='ocrx_word' id='word_1_64' title='bbox 563 1031 710 1070; x_wconf 76' lang='lat' dir='ltr'>possint.</span> <span class='ocrx_word' id='word_1_65' title='bbox 745 1029 845 1067; x_wconf 87' lang='lat' dir='ltr'>Quod</span> <span class='ocrx_word' id='word_1_66' title='bbox 869 1028 1010 1059; x_wconf 73' lang='lat' dir='ltr'>Servius</span> <span class='ocrx_word' id='word_1_67' title='bbox 1028 1027 1073 1058; x_wconf 88' lang='lat' dir='ltr'>ad</span> 
     </span>
     <span class='ocr_line' id='line_1_15' title="bbox 376 1078 1073 1112; baseline -0.006 -2"><span class='ocrx_word' id='word_1_68' title='bbox 376 1081 435 1110; x_wconf 90' lang='lat' dir='ltr'>Ge.</span> <span class='ocrx_word' id='word_1_69' title='bbox 462 1080 498 1112; x_wconf 68' lang='lat'>2.</span> <span class='ocrx_word' id='word_1_70' title='bbox 523 1079 575 1110; x_wconf 63' lang='lat'>42..</span> <span class='ocrx_word' id='word_1_71' title='bbox 603 1079 708 1109; x_wconf 84' lang='lat' dir='ltr'>tradit</span> <span class='ocrx_word' id='word_1_72' title='bbox 732 1087 749 1108; x_wconf 94' lang='lat' dir='ltr'>a</span> <span class='ocrx_word' id='word_1_73' title='bbox 774 1078 976 1110; x_wconf 79' lang='lat' dir='ltr'>Maecenate</span> <span class='ocrx_word' id='word_1_74' title='bbox 1000 1078 1073 1107; x_wconf 83' lang='lat' dir='ltr'>Au-</span> 
     </span>
     <span class='ocr_line' id='line_1_16' title="bbox 374 1124 1072 1169; baseline -0.006 -9"><span class='ocrx_word' id='word_1_75' title='bbox 374 1129 463 1169; x_wconf 72' lang='lat' dir='ltr'>gusti</span> <span class='ocrx_word' id='word_1_76' title='bbox 489 1130 584 1168; x_wconf 78' lang='lat' dir='ltr'>gesta</span> <span class='ocrx_word' id='word_1_77' title='bbox 615 1128 790 1168; x_wconf 84' lang='lat' dir='ltr'>descripta</span> <span class='ocrx_word' id='word_1_78' title='bbox 815 1135 917 1165; x_wconf 78' lang='lat' dir='ltr'>esse,</span> <span class='ocrx_word' id='word_1_79' title='bbox 950 1134 992 1157; x_wconf 83' lang='lat' dir='ltr'>ex</span> <span class='ocrx_word' id='word_1_80' title='bbox 1015 1124 1072 1156; x_wconf 94' lang='lat' dir='ltr'>illo</span> 
     </span>
     <span class='ocr_line' id='line_1_17' title="bbox 376 1176 1072 1218; baseline -0.004 -9"><span class='ocrx_word' id='word_1_81' title='bbox 376 1178 502 1218; x_wconf 72' lang='lat' dir='ltr'>Virgilii</span> <span class='ocrx_word' id='word_1_82' title='bbox 533 1177 610 1209; x_wconf 84' lang='lat' dir='ltr'>loeo</span> <span class='ocrx_word' id='word_1_83' title='bbox 646 1176 736 1209; x_wconf 90' lang='lat' dir='ltr'>male</span> <span class='ocrx_word' id='word_1_84' title='bbox 768 1176 944 1208; x_wconf 83' lang='lat' dir='ltr'>intellecto</span> <span class='ocrx_word' id='word_1_85' title='bbox 970 1177 1072 1206; x_wconf 80' lang='lat' dir='ltr'>etex</span> 
     </span>
     <span class='ocr_line' id='line_1_18' title="bbox 374 1226 1068 1266; baseline -0.004 -8"><span class='ocrx_word' id='word_1_86' title='bbox 374 1228 427 1259; x_wconf 86' lang='lat' dir='ltr'>his</span> <span class='ocrx_word' id='word_1_87' title='bbox 452 1228 583 1259; x_wconf 82' lang='lat' dir='ltr'>Horatii</span> <span class='ocrx_word' id='word_1_88' title='bbox 606 1226 726 1258; x_wconf 83' lang='lat' dir='ltr'>verbis</span> <span class='ocrx_word' id='word_1_89' title='bbox 752 1226 980 1266; x_wconf 85' lang='lat' dir='ltr'>desumptum</span> <span class='ocrx_word' id='word_1_90' title='bbox 1005 1226 1068 1256; x_wconf 88' lang='lat' dir='ltr'>est.</span> 
     </span>
     <span class='ocr_line' id='line_1_19' title="bbox 378 1273 1067 1313; baseline -0.004 -5"><span class='ocrx_word' id='word_1_91' title='bbox 378 1276 567 1309; x_wconf 85' lang='lat' dir='ltr'>Mirabilius</span> <span class='ocrx_word' id='word_1_92' title='bbox 604 1278 657 1308; x_wconf 89' lang='lat' dir='ltr'>est</span> <span class='ocrx_word' id='word_1_93' title='bbox 690 1276 773 1308; x_wconf 86' lang='lat' dir='ltr'>illud</span> <span class='ocrx_word' id='word_1_94' title='bbox 809 1275 906 1307; x_wconf 89' lang='lat' dir='ltr'>Plinii</span> <span class='ocrx_word' id='word_1_95' title='bbox 941 1275 978 1313; x_wconf 82' lang='lat'>7,</span> <span class='ocrx_word' id='word_1_96' title='bbox 1005 1273 1067 1306; x_wconf 77' lang='lat'>45:</span> 
     </span>
     <span class='ocr_line' id='line_1_20' title="bbox 377 1324 1070 1366; baseline -0.006 -8"><span class='ocrx_word' id='word_1_97' title='bbox 377 1327 536 1359; x_wconf 84' lang='lat' dir='ltr'>Caesaris</span> <span class='ocrx_word' id='word_1_98' title='bbox 560 1326 756 1366; x_wconf 76' lang='lat' dir='ltr'>Philippensi</span> <span class='ocrx_word' id='word_1_99' title='bbox 774 1325 902 1365; x_wconf 79' lang='lat' dir='ltr'>proelio</span> <span class='ocrx_word' id='word_1_100' title='bbox 924 1324 1070 1362; x_wconf 63' lang='lat' dir='ltr'>mov-blm,</span> 
     </span>
     <span class='ocr_line' id='line_1_21' title="bbox 374 1374 1072 1416; baseline -0.004 -10"><span class='ocrx_word' id='word_1_101' title='bbox 374 1376 456 1416; x_wconf 65' lang='lat' dir='ltr'>fuya</span> <span class='ocrx_word' id='word_1_102' title='bbox 474 1379 503 1406; x_wconf 78' lang='lat' dir='ltr'>et</span> <span class='ocrx_word' id='word_1_103' title='bbox 520 1376 630 1406; x_wconf 79' lang='lat' dir='ltr'>triduo</span> <span class='ocrx_word' id='word_1_104' title='bbox 646 1376 679 1406; x_wconf 71' lang='lat' dir='ltr'>in</span> <span class='ocrx_word' id='word_1_105' title='bbox 691 1375 816 1414; x_wconf 78' lang='lat' dir='ltr'>palude</span> <span class='ocrx_word' id='word_1_106' title='bbox 832 1374 959 1414; x_wconf 63' lang='lat' dir='ltr'>aegroti</span> <span class='ocrx_word' id='word_1_107' title='bbox 973 1377 1012 1411; x_wconf 72' lang='lat' dir='ltr'>et.</span> <span class='ocrx_word' id='word_1_108' title='bbox 1038 1376 1072 1404; x_wconf 82' lang='lat' dir='ltr'>ut</span> 
     </span>
     <span class='ocr_line' id='line_1_22' title="bbox 378 1425 1071 1465; baseline -0.006 -9"><span class='ocrx_word' id='word_1_109' title='bbox 378 1427 526 1465; x_wconf 72' lang='lat' dir='ltr'>fatentur</span> <span class='ocrx_word' id='word_1_110' title='bbox 540 1425 691 1465; x_wconf 60' lang='lat' dir='ltr'>Agrippa</span> <span class='ocrx_word' id='word_1_111' title='bbox 714 1428 743 1455; x_wconf 77' lang='lat' dir='ltr'>et</span> <span class='ocrx_word' id='word_1_112' title='bbox 762 1425 953 1460; x_wconf 78' lang='lat' dir='ltr'>Maecenas,</span> <span class='ocrx_word' id='word_1_113' title='bbox 980 1431 1071 1461; x_wconf 75' lang='lat' dir='ltr'>aqua</span> 
     </span>
     <span class='ocr_line' id='line_1_23' title="bbox 375 1473 1067 1514; baseline -0.003 -9"><span class='ocrx_word' id='word_1_114' title='bbox 375 1475 483 1506; x_wconf 72' lang='lat' dir='ltr'>subter</span> <span class='ocrx_word' id='word_1_115' title='bbox 516 1478 621 1506; x_wconf 79' lang='lat' dir='ltr'>cutem</span> <span class='ocrx_word' id='word_1_116' title='bbox 651 1475 728 1514; x_wconf 78' lang='lat' dir='ltr'>fusa</span> <span class='ocrx_word' id='word_1_117' title='bbox 763 1474 888 1513; x_wconf 63' lang='lat' dir='ltr'>turgidi</span> <span class='ocrx_word' id='word_1_118' title='bbox 926 1473 1067 1504; x_wconf 77' lang='lat' dir='ltr'>latebra.</span> 
     </span>
     <span class='ocr_line' id='line_1_24' title="bbox 376 1521 1070 1564; baseline -0.004 -9"><span class='ocrx_word' id='word_1_119' title='bbox 376 1524 444 1555; x_wconf 86' lang='lat' dir='ltr'>Sed</span> <span class='ocrx_word' id='word_1_120' title='bbox 471 1525 539 1555; x_wconf 86' lang='lat' dir='ltr'>hoc</span> <span class='ocrx_word' id='word_1_121' title='bbox 562 1532 703 1564; x_wconf 86' lang='lat' dir='ltr'>quoque</span> <span class='ocrx_word' id='word_1_122' title='bbox 730 1532 770 1554; x_wconf 82' lang='lat' dir='ltr'>ex</span> <span class='ocrx_word' id='word_1_123' title='bbox 790 1521 937 1563; x_wconf 84' lang='lat' dir='ltr'>epistola</span> <span class='ocrx_word' id='word_1_124' title='bbox 958 1521 1070 1553; x_wconf 72' lang='lat' dir='ltr'>aliove</span> 
     </span>
     <span class='ocr_line' id='line_1_25' title="bbox 375 1571 1072 1612; baseline -0.004 -8"><span class='ocrx_word' id='word_1_125' title='bbox 375 1573 490 1604; x_wconf 88' lang='lat' dir='ltr'>libello</span> <span class='ocrx_word' id='word_1_126' title='bbox 522 1573 576 1604; x_wconf 66' lang='lat' dir='ltr'>vel</span> <span class='ocrx_word' id='word_1_127' title='bbox 608 1573 713 1604; x_wconf 85' lang='lat' dir='ltr'>etiam</span> <span class='ocrx_word' id='word_1_128' title='bbox 739 1581 780 1603; x_wconf 85' lang='lat' dir='ltr'>ex</span> <span class='ocrx_word' id='word_1_129' title='bbox 805 1571 956 1611; x_wconf 83' lang='lat' dir='ltr'>Dialogis</span> <span class='ocrx_word' id='word_1_130' title='bbox 980 1572 1072 1612; x_wconf 89' lang='lat' dir='ltr'>peti-</span> 
     </span>
     <span class='ocr_line' id='line_1_26' title="bbox 376 1621 1070 1662; baseline -0.004 -8"><span class='ocrx_word' id='word_1_131' title='bbox 376 1626 451 1654; x_wconf 90' lang='lat' dir='ltr'>tum</span> <span class='ocrx_word' id='word_1_132' title='bbox 488 1623 638 1654; x_wconf 72' lang='lat' dir='ltr'>videtur.</span> <span class='ocrx_word' id='word_1_133' title='bbox 688 1622 900 1662; x_wconf 88' lang='lat' dir='ltr'>Neutiquam</span> <span class='ocrx_word' id='word_1_134' title='bbox 939 1621 1070 1652; x_wconf 77' lang='lat' dir='ltr'>Horatii</span> 
     </span>
     <span class='ocr_line' id='line_1_27' title="bbox 377 1670 1071 1712; baseline -0.006 -8"><span class='ocrx_word' id='word_1_135' title='bbox 377 1674 453 1704; x_wconf 90' lang='lat' dir='ltr'>erat</span> <span class='ocrx_word' id='word_1_136' title='bbox 470 1671 632 1712; x_wconf 82' lang='lat' dir='ltr'>evolgare</span> <span class='ocrx_word' id='word_1_137' title='bbox 651 1670 824 1702; x_wconf 87' lang='lat' dir='ltr'>eiusmodi</span> <span class='ocrx_word' id='word_1_138' title='bbox 848 1670 1071 1710; x_wconf 87' lang='lat' dir='ltr'>propositum</span> 
     </span>
     <span class='ocr_line' id='line_1_28' title="bbox 375 1718 1072 1760; baseline -0.006 -8"><span class='ocrx_word' id='word_1_139' title='bbox 375 1722 477 1752; x_wconf 80' lang='lat' dir='ltr'>amici</span> <span class='ocrx_word' id='word_1_140' title='bbox 494 1747 499 1759; x_wconf 81' lang='grc'>,</span> <span class='ocrx_word' id='word_1_141' title='bbox 527 1729 609 1751; x_wconf 80' lang='lat' dir='ltr'>cum</span> <span class='ocrx_word' id='word_1_142' title='bbox 630 1721 705 1760; x_wconf 87' lang='lat' dir='ltr'>ipse</span> <span class='ocrx_word' id='word_1_143' title='bbox 722 1728 792 1750; x_wconf 87' lang='lat' dir='ltr'>una</span> <span class='ocrx_word' id='word_1_144' title='bbox 809 1728 891 1750; x_wconf 85' lang='lat' dir='ltr'>cum</span> <span class='ocrx_word' id='word_1_145' title='bbox 909 1718 1072 1750; x_wconf 90' lang='lat' dir='ltr'>omnibus</span> 
     </span>
     <span class='ocr_line' id='line_1_29' title="bbox 376 1767 1071 1811; baseline -0.006 -9"><span class='ocrx_word' id='word_1_146' title='bbox 376 1772 508 1811; x_wconf 84' lang='lat' dir='ltr'>optime</span> <span class='ocrx_word' id='word_1_147' title='bbox 535 1771 641 1801; x_wconf 79' lang='lat' dir='ltr'>sciret</span> <span class='ocrx_word' id='word_1_148' title='bbox 665 1768 746 1800; x_wconf 88' lang='lat' dir='ltr'>nihil</span> <span class='ocrx_word' id='word_1_149' title='bbox 781 1768 928 1808; x_wconf 82' lang='lat' dir='ltr'>perfecti</span> <span class='ocrx_word' id='word_1_150' title='bbox 956 1767 999 1798; x_wconf 85' lang='lat' dir='ltr'>ab</span> <span class='ocrx_word' id='word_1_151' title='bbox 1030 1776 1071 1798; x_wconf 92' lang='lat' dir='ltr'>eo</span> 
     </span>
     <span class='ocr_line' id='line_1_30' title="bbox 378 1818 1070 1860; baseline -0.006 -9"><span class='ocrx_word' id='word_1_152' title='bbox 378 1820 575 1860; x_wconf 80' lang='lat' dir='ltr'>exspectari</span> <span class='ocrx_word' id='word_1_153' title='bbox 599 1827 723 1858; x_wconf 68' lang='lat' dir='ltr'>posse,</span> <span class='ocrx_word' id='word_1_154' title='bbox 752 1820 873 1857; x_wconf 80' lang='lat' dir='ltr'>atque,</span> <span class='ocrx_word' id='word_1_155' title='bbox 901 1818 938 1848; x_wconf 83' lang='lat' dir='ltr'>ut</span> <span class='ocrx_word' id='word_1_156' title='bbox 954 1825 1070 1856; x_wconf 89' lang='lat' dir='ltr'>neque</span> 
     </span>
     <span class='ocr_line' id='line_1_31' title="bbox 378 1867 1071 1910; baseline -0.004 -10"><span class='ocrx_word' id='word_1_157' title='bbox 378 1870 553 1910; x_wconf 80' lang='lat' dir='ltr'>poeticam</span> <span class='ocrx_word' id='word_1_158' title='bbox 591 1869 665 1899; x_wconf 87' lang='lat' dir='ltr'>eius</span> <span class='ocrx_word' id='word_1_159' title='bbox 690 1867 891 1898; x_wconf 73' lang='lat' dir='ltr'>facultatem</span> <span class='ocrx_word' id='word_1_160' title='bbox 914 1875 1071 1906; x_wconf 85' lang='lat' dir='ltr'>unquam</span> 
     </span>
     <span class='ocr_line' id='line_1_32' title="bbox 376 1916 1070 1957; baseline -0.004 -8"><span class='ocrx_word' id='word_1_161' title='bbox 376 1918 511 1955; x_wconf 81' lang='lat' dir='ltr'>laudat,</span> <span class='ocrx_word' id='word_1_162' title='bbox 539 1918 585 1948; x_wconf 90' lang='lat' dir='ltr'>ita</span> <span class='ocrx_word' id='word_1_163' title='bbox 612 1926 679 1948; x_wconf 86' lang='lat' dir='ltr'>neo</span> <span class='ocrx_word' id='word_1_164' title='bbox 706 1917 844 1957; x_wconf 86' lang='lat' dir='ltr'>poterat</span> <span class='ocrx_word' id='word_1_165' title='bbox 865 1916 1070 1956; x_wconf 83' lang='lat' dir='ltr'>praedicare</span> 
     </span>
     <span class='ocr_line' id='line_1_33' title="bbox 379 1964 1072 2006; baseline -0.004 -8"><span class='ocrx_word' id='word_1_166' title='bbox 379 1967 591 1999; x_wconf 85' lang='lat' dir='ltr'>historicam.</span> <span class='ocrx_word' id='word_1_167' title='bbox 639 1967 688 1997; x_wconf 80' lang='lat' dir='ltr'>Ac</span> <span class='ocrx_word' id='word_1_168' title='bbox 712 1966 898 2006; x_wconf 75' lang='lat' dir='ltr'>praeterea</span> <span class='ocrx_word' id='word_1_169' title='bbox 921 1964 977 1996; x_wconf 63' lang='lat' dir='ltr'>vel</span> <span class='ocrx_word' id='word_1_170' title='bbox 995 1974 1072 1996; x_wconf 89' lang='lat' dir='ltr'>ma-</span> 
     </span>
     <span class='ocr_line' id='line_1_34' title="bbox 377 2014 1072 2056; baseline -0.004 -8"><span class='ocrx_word' id='word_1_171' title='bbox 377 2017 469 2048; x_wconf 78' lang='lat' dir='ltr'>xime</span> <span class='ocrx_word' id='word_1_172' title='bbox 493 2014 725 2056; x_wconf 81' lang='lat' dir='ltr'>improbabile</span> <span class='ocrx_word' id='word_1_173' title='bbox 750 2017 804 2045; x_wconf 82' lang='lat' dir='ltr'>est</span> <span class='ocrx_word' id='word_1_174' title='bbox 821 2015 1014 2046; x_wconf 77' lang='lat' dir='ltr'>Maecenati</span> <span class='ocrx_word' id='word_1_175' title='bbox 1039 2015 1072 2045; x_wconf 92' lang='lat' dir='ltr'>in</span> 
     </span>
     <span class='ocr_line' id='line_1_35' title="bbox 378 2064 1073 2105; baseline -0.004 -8"><span class='ocrx_word' id='word_1_176' title='bbox 378 2068 535 2097; x_wconf 82' lang='lat' dir='ltr'>mentem</span> <span class='ocrx_word' id='word_1_177' title='bbox 558 2066 680 2096; x_wconf 69' lang='lat' dir='ltr'>venire</span> <span class='ocrx_word' id='word_1_178' title='bbox 705 2065 861 2105; x_wconf 83' lang='lat' dir='ltr'>potuisse</span> <span class='ocrx_word' id='word_1_179' title='bbox 891 2064 1073 2095; x_wconf 83' lang='lat' dir='ltr'>historiam</span> 
     </span>
     <span class='ocr_line' id='line_1_36' title="bbox 379 2114 1074 2155; baseline -0.003 -9"><span class='ocrx_word' id='word_1_180' title='bbox 379 2124 499 2146; x_wconf 87' lang='lat' dir='ltr'>rerum</span> <span class='ocrx_word' id='word_1_181' title='bbox 534 2117 713 2155; x_wconf 73' lang='lat' dir='ltr'>gestarum</span> <span class='ocrx_word' id='word_1_182' title='bbox 747 2114 891 2154; x_wconf 76' lang='lat' dir='ltr'>Augusti</span> <span class='ocrx_word' id='word_1_183' title='bbox 927 2122 1074 2154; x_wconf 87' lang='lat' dir='ltr'>compo—</span> 
     </span>
     <span class='ocr_line' id='line_1_37' title="bbox 379 2165 1074 2204; baseline -0.003 -9"><span class='ocrx_word' id='word_1_184' title='bbox 379 2174 486 2203; x_wconf 80' lang='lat' dir='ltr'>nere,</span> <span class='ocrx_word' id='word_1_185' title='bbox 523 2165 556 2194; x_wconf 91' lang='lat' dir='ltr'>in</span> <span class='ocrx_word' id='word_1_186' title='bbox 587 2172 656 2204; x_wconf 90' lang='lat' dir='ltr'>qua</span> <span class='ocrx_word' id='word_1_187' title='bbox 679 2172 786 2194; x_wconf 79' lang='lat' dir='ltr'>verax</span> <span class='ocrx_word' id='word_1_188' title='bbox 810 2172 889 2195; x_wconf 85' lang='lat' dir='ltr'>esse</span> <span class='ocrx_word' id='word_1_189' title='bbox 914 2172 984 2194; x_wconf 92' lang='lat' dir='ltr'>non</span> <span class='ocrx_word' id='word_1_190' title='bbox 1008 2171 1074 2203; x_wconf 83' lang='lat' dir='ltr'>po—</span> 
     </span>
     <span class='ocr_line' id='line_1_38' title="bbox 379 2212 1074 2254; baseline -0.003 -9"><span class='ocrx_word' id='word_1_191' title='bbox 379 2216 490 2252; x_wconf 79' lang='lat' dir='ltr'>terat,</span> <span class='ocrx_word' id='word_1_192' title='bbox 529 2213 635 2245; x_wconf 82' lang='lat' dir='ltr'>salsus</span> <span class='ocrx_word' id='word_1_193' title='bbox 659 2214 763 2254; x_wconf 87' lang='lat' dir='ltr'>atque</span> <span class='ocrx_word' id='word_1_194' title='bbox 789 2212 949 2244; x_wconf 86' lang='lat' dir='ltr'>adulator</span> <span class='ocrx_word' id='word_1_195' title='bbox 974 2221 1074 2244; x_wconf 89' lang='lat' dir='ltr'>com—</span> 
     </span>
     <span class='ocr_line' id='line_1_39' title="bbox 379 2262 1073 2305; baseline -0.004 -10"><span class='ocrx_word' id='word_1_196' title='bbox 379 2273 504 2305; x_wconf 78' lang='lat' dir='ltr'>parere</span> <span class='ocrx_word' id='word_1_197' title='bbox 530 2265 625 2294; x_wconf 85' lang='lat' dir='ltr'>certe</span> <span class='ocrx_word' id='word_1_198' title='bbox 650 2262 802 2294; x_wconf 84' lang='lat' dir='ltr'>nolebat.</span> <span class='ocrx_word' id='word_1_199' title='bbox 846 2263 999 2301; x_wconf 85' lang='lat' dir='ltr'>(Errasse</span> <span class='ocrx_word' id='word_1_200' title='bbox 1017 2271 1073 2293; x_wconf 81' lang='lat' dir='ltr'>me</span> 
     </span>
     <span class='ocr_line' id='line_1_40' title="bbox 380 2311 1079 2353; baseline -0.004 -9"><span class='ocrx_word' id='word_1_201' title='bbox 380 2314 414 2344; x_wconf 90' lang='lat' dir='ltr'>in</span> <span class='ocrx_word' id='word_1_202' title='bbox 432 2314 485 2344; x_wconf 81' lang='lat' dir='ltr'>his</span> <span class='ocrx_word' id='word_1_203' title='bbox 502 2314 601 2353; x_wconf 89' lang='lat' dir='ltr'>putat</span> <span class='ocrx_word' id='word_1_204' title='bbox 616 2311 870 2351; x_wconf 75' lang='lat' dir='ltr'>Dillenburger⁷</span> <span class='ocrx_word' id='word_1_205' title='bbox 906 2311 980 2351; x_wconf 87' lang='lat' dir='ltr'>ipse</span> <span class='ocrx_word' id='word_1_206' title='bbox 998 2320 1079 2351; x_wconf 92' lang='lat' dir='ltr'>pro-</span> 
     </span>
     <span class='ocr_line' id='line_1_41' title="bbox 381 2360 1076 2403; baseline -0.004 -10"><span class='ocrx_word' id='word_1_207' title='bbox 381 2364 459 2403; x_wconf 77' lang='lat' dir='ltr'>pter</span> <span class='ocrx_word' id='word_1_208' title='bbox 484 2362 628 2392; x_wconf 86' lang='lat' dir='ltr'>nimiam</span> <span class='ocrx_word' id='word_1_209' title='bbox 653 2362 799 2392; x_wconf 82' lang='lat' dir='ltr'>sortasse</span> <span class='ocrx_word' id='word_1_210' title='bbox 831 2361 935 2391; x_wconf 80' lang='lat' dir='ltr'>animi</span> <span class='ocrx_word' id='word_1_211' title='bbox 972 2360 1076 2391; x_wconf 87' lang='lat' dir='ltr'>boni-</span> 
     </span>
     <span class='ocr_line' id='line_1_42' title="bbox 380 2411 1074 2448; baseline -0.004 -5"><span class='ocrx_word' id='word_1_212' title='bbox 380 2414 489 2443; x_wconf 82' lang='lat' dir='ltr'>tatem</span> <span class='ocrx_word' id='word_1_213' title='bbox 502 2419 677 2448; x_wconf 67' lang='lat' dir='ltr'>asserens,</span> <span class='ocrx_word' id='word_1_214' title='bbox 697 2419 715 2441; x_wconf 87' lang='lat' dir='ltr'>a</span> <span class='ocrx_word' id='word_1_215' title='bbox 729 2411 929 2441; x_wconf 78' lang='lat' dir='ltr'>Maecenate</span> <span class='ocrx_word' id='word_1_216' title='bbox 949 2418 1074 2441; x_wconf 72' lang='lat' dir='ltr'>«vere»</span> 
     </span>
     <span class='ocr_line' id='line_1_43' title="bbox 380 2459 1076 2501; baseline -0.006 -8"><span class='ocrx_word' id='word_1_217' title='bbox 380 2462 500 2501; x_wconf 88' lang='lat' dir='ltr'>utique</span> <span class='ocrx_word' id='word_1_218' title='bbox 547 2460 703 2500; x_wconf 82' lang='lat' dir='ltr'>potuisse</span> <span class='ocrx_word' id='word_1_219' title='bbox 748 2459 852 2490; x_wconf 73' lang='lat' dir='ltr'>scribi</span> <span class='ocrx_word' id='word_1_220' title='bbox 899 2460 1076 2490; x_wconf 71' lang='lat' dir='ltr'>Octaviani</span> 
     </span>
     <span class='ocr_line' id='line_1_44' title="bbox 382 2509 1077 2542; baseline -0.003 -1"><span class='ocrx_word' id='word_1_221' title='bbox 382 2511 577 2542; x_wconf 80' lang='lat' dir='ltr'>historiam.</span> <span class='ocrx_word' id='word_1_222' title='bbox 618 2509 750 2539; x_wconf 84' lang='lat' dir='ltr'>Verum</span> <span class='ocrx_word' id='word_1_223' title='bbox 768 2517 838 2539; x_wconf 88' lang='lat' dir='ltr'>non</span> <span class='ocrx_word' id='word_1_224' title='bbox 855 2509 938 2539; x_wconf 83' lang='lat' dir='ltr'>satis</span> <span class='ocrx_word' id='word_1_225' title='bbox 954 2517 1077 2539; x_wconf 70' lang='lat' dir='ltr'>reeor—</span> 
     </span>
     <span class='ocr_line' id='line_1_45' title="bbox 382 2557 1078 2597; baseline -0.003 -6"><span class='ocrx_word' id='word_1_226' title='bbox 382 2561 484 2591; x_wconf 81' lang='lat' dir='ltr'>datus</span> <span class='ocrx_word' id='word_1_227' title='bbox 509 2560 582 2596; x_wconf 81' lang='lat' dir='ltr'>est,</span> <span class='ocrx_word' id='word_1_228' title='bbox 609 2557 684 2589; x_wconf 84' lang='lat' dir='ltr'>fieri</span> <span class='ocrx_word' id='word_1_229' title='bbox 708 2557 801 2589; x_wconf 91' lang='lat' dir='ltr'>nullo</span> <span class='ocrx_word' id='word_1_230' title='bbox 819 2557 925 2588; x_wconf 82' lang='lat' dir='ltr'>inodo</span> <span class='ocrx_word' id='word_1_231' title='bbox 942 2558 1078 2597; x_wconf 85' lang='lat' dir='ltr'>potuis·-</span> 
     </span>
     <span class='ocr_line' id='line_1_46' title="bbox 384 2607 1077 2647; baseline -0.004 -7"><span class='ocrx_word' id='word_1_232' title='bbox 384 2618 434 2647; x_wconf 80' lang='lat' dir='ltr'>se,</span> <span class='ocrx_word' id='word_1_233' title='bbox 462 2610 499 2639; x_wconf 88' lang='lat' dir='ltr'>ut</span> <span class='ocrx_word' id='word_1_234' title='bbox 522 2607 631 2639; x_wconf 88' lang='lat' dir='ltr'>libere</span> <span class='ocrx_word' id='word_1_235' title='bbox 657 2608 762 2647; x_wconf 87' lang='lat' dir='ltr'>atque</span> <span class='ocrx_word' id='word_1_236' title='bbox 787 2607 923 2637; x_wconf 76' lang='lat' dir='ltr'>sincere</span> <span class='ocrx_word' id='word_1_237' title='bbox 941 2607 1077 2637; x_wconf 74' lang='lat' dir='ltr'>descri—</span> 
     </span>
     <span class='ocr_line' id='line_1_47' title="bbox 386 2657 1077 2688; baseline -0.003 0"><span class='ocrx_word' id='word_1_238' title='bbox 386 2658 469 2688; x_wconf 82' lang='lat' dir='ltr'>bere</span> <span class='ocrx_word' id='word_1_239' title='bbox 494 2666 534 2688; x_wconf 88' lang='lat' dir='ltr'>ac</span> <span class='ocrx_word' id='word_1_240' title='bbox 558 2657 680 2688; x_wconf 88' lang='lat' dir='ltr'>notare</span> <span class='ocrx_word' id='word_1_241' title='bbox 706 2657 896 2688; x_wconf 85' lang='lat' dir='ltr'>Maecenati</span> <span class='ocrx_word' id='word_1_242' title='bbox 929 2664 1077 2686; x_wconf 75' lang='lat' dir='ltr'>conces-</span> 
     </span>
     <span class='ocr_line' id='line_1_48' title="bbox 384 2705 1075 2739; baseline -0.001 -1"><span class='ocrx_word' id='word_1_243' title='bbox 384 2717 462 2739; x_wconf 81' lang='lat' dir='ltr'>sum</span> <span class='ocrx_word' id='word_1_244' title='bbox 498 2709 592 2739; x_wconf 84' lang='lat' dir='ltr'>esset</span> <span class='ocrx_word' id='word_1_245' title='bbox 625 2707 799 2738; x_wconf 82' lang='lat' dir='ltr'>Octaviani</span> <span class='ocrx_word' id='word_1_246' title='bbox 836 2705 1075 2737; x_wconf 79' lang='lat' dir='ltr'>infidelitatem</span> 
     </span>
     <span class='ocr_line' id='line_1_49' title="bbox 386 2756 1076 2793; baseline -0.001 -6"><span class='ocrx_word' id='word_1_247' title='bbox 386 2756 555 2788; x_wconf 63' lang='lat' dir='ltr'>adversus</span> <span class='ocrx_word' id='word_1_248' title='bbox 573 2757 739 2788; x_wconf 87' lang='lat' dir='ltr'>Senatum</span> <span class='ocrx_word' id='word_1_249' title='bbox 752 2756 958 2793; x_wconf 81' lang='lat' dir='ltr'>Romanuin,</span> <span class='ocrx_word' id='word_1_250' title='bbox 978 2756 1076 2787; x_wconf 84' lang='lat' dir='ltr'>euius</span> 
     </span>
    </p>
   </div>
   <div class='ocr_carea' id='block_1_8' title="bbox 1094 681 1099 1385">
    <p class='ocr_par' dir='ltr' id='par_1_8' title="bbox 1094 681 1099 1385">
     <span class='ocr_line' id='line_1_50' title="bbox 1094 681 1099 1385; baseline 0 0"><span class='ocrx_word' id='word_1_251' title='bbox 1094 681 1099 1385; x_wconf 95' lang='lat' dir='ltr'> </span> 
     </span>
    </p>
   </div>
   <div class='ocr_carea' id='block_1_9' title="bbox 1119 684 1835 2795">
    <p class='ocr_par' dir='ltr' id='par_1_9' title="bbox 1119 684 1819 1364">
     <span class='ocr_line' id='line_1_51' title="bbox 1122 684 1817 723; baseline 0.001 -10"><span class='ocrx_word' id='word_1_252' title='bbox 1122 684 1241 723; x_wconf 86' lang='lat' dir='ltr'>partes</span> <span class='ocrx_word' id='word_1_253' title='bbox 1265 691 1282 713; x_wconf 93' lang='lat' dir='ltr'>a</span> <span class='ocrx_word' id='word_1_254' title='bbox 1308 691 1347 713; x_wconf 87' lang='lat' dir='ltr'>se</span> <span class='ocrx_word' id='word_1_255' title='bbox 1373 684 1556 723; x_wconf 84' lang='lat' dir='ltr'>susceptas</span> <span class='ocrx_word' id='word_1_256' title='bbox 1595 692 1672 714; x_wconf 85' lang='lat' dir='ltr'>esse</span> <span class='ocrx_word' id='word_1_257' title='bbox 1707 684 1817 715; x_wconf 86' lang='lat' dir='ltr'>simu—</span> 
     </span>
     <span class='ocr_line' id='line_1_52' title="bbox 1122 731 1816 774; baseline 0.001 -11"><span class='ocrx_word' id='word_1_258' title='bbox 1122 731 1226 770; x_wconf 79' lang='lat' dir='ltr'>larat,</span> <span class='ocrx_word' id='word_1_259' title='bbox 1253 733 1424 771; x_wconf 79' lang='lat' dir='ltr'>insignem</span> <span class='ocrx_word' id='word_1_260' title='bbox 1451 733 1483 763; x_wconf 93' lang='lat' dir='ltr'>in</span> <span class='ocrx_word' id='word_1_261' title='bbox 1501 733 1709 764; x_wconf 77' lang='lat' dir='ltr'>Ciceronem</span> <span class='ocrx_word' id='word_1_262' title='bbox 1734 742 1816 774; x_wconf 81' lang='lat' dir='ltr'>per—</span> 
     </span>
     <span class='ocr_line' id='line_1_53' title="bbox 1122 781 1819 822; baseline 0.003 -11"><span class='ocrx_word' id='word_1_263' title='bbox 1122 781 1262 820; x_wconf 87' lang='lat' dir='ltr'>fidiam,</span> <span class='ocrx_word' id='word_1_264' title='bbox 1300 782 1538 821; x_wconf 81' lang='lat' dir='ltr'>importunam</span> <span class='ocrx_word' id='word_1_265' title='bbox 1563 784 1667 822; x_wconf 86' lang='lat' dir='ltr'>atque</span> <span class='ocrx_word' id='word_1_266' title='bbox 1692 783 1819 814; x_wconf 87' lang='lat' dir='ltr'>imma-</span> 
     </span>
     <span class='ocr_line' id='line_1_54' title="bbox 1122 831 1815 871; baseline 0.001 -10"><span class='ocrx_word' id='word_1_267' title='bbox 1122 831 1250 861; x_wconf 87' lang='lat' dir='ltr'>nemin</span> <span class='ocrx_word' id='word_1_268' title='bbox 1264 831 1480 870; x_wconf 81' lang='lat' dir='ltr'>proscriptos</span> <span class='ocrx_word' id='word_1_269' title='bbox 1494 832 1686 870; x_wconf 72' lang='lat' dir='ltr'>saevitiam,</span> <span class='ocrx_word' id='word_1_270' title='bbox 1704 840 1815 871; x_wconf 88' lang='lat' dir='ltr'>usque</span> 
     </span>
     <span class='ocr_line' id='line_1_55' title="bbox 1122 878 1816 921; baseline 0.003 -12"><span class='ocrx_word' id='word_1_271' title='bbox 1122 879 1165 910; x_wconf 85' lang='lat' dir='ltr'>ad</span> <span class='ocrx_word' id='word_1_272' title='bbox 1195 878 1513 911; x_wconf 78' lang='lat' dir='ltr'>celebratissimum</span> <span class='ocrx_word' id='word_1_273' title='bbox 1541 879 1645 911; x_wconf 86' lang='lat' dir='ltr'>illud:</span> <span class='ocrx_word' id='word_1_274' title='bbox 1688 882 1816 921; x_wconf 77' lang='lat' dir='ltr'>«Surge</span> 
     </span>
     <span class='ocr_line' id='line_1_56' title="bbox 1122 928 1818 969; baseline 0.001 -10"><span class='ocrx_word' id='word_1_275' title='bbox 1122 928 1266 959; x_wconf 85' lang='lat' dir='ltr'>tandem</span> <span class='ocrx_word' id='word_1_276' title='bbox 1301 928 1497 959; x_wconf 74' lang='lat' dir='ltr'>carnifexin</span> <span class='ocrx_word' id='word_1_277' title='bbox 1549 938 1664 969; x_wconf 85' lang='lat' dir='ltr'>neque</span> <span class='ocrx_word' id='word_1_278' title='bbox 1704 930 1818 969; x_wconf 79' lang='lat' dir='ltr'>magis</span> 
     </span>
     <span class='ocr_line' id='line_1_57' title="bbox 1121 976 1816 1018; baseline 0.003 -11"><span class='ocrx_word' id='word_1_279' title='bbox 1121 978 1354 1009; x_wconf 75' lang='lat' dir='ltr'>astutissimas</span> <span class='ocrx_word' id='word_1_280' title='bbox 1403 976 1477 1009; x_wconf 85' lang='lat' dir='ltr'>illas</span> <span class='ocrx_word' id='word_1_281' title='bbox 1523 979 1632 1017; x_wconf 73' lang='lat' dir='ltr'>artes,</span> <span class='ocrx_word' id='word_1_282' title='bbox 1689 978 1816 1018; x_wconf 86' lang='lat' dir='ltr'>quibus</span> 
     </span>
     <span class='ocr_line' id='line_1_58' title="bbox 1120 1026 1816 1068; baseline 0.003 -11"><span class='ocrx_word' id='word_1_283' title='bbox 1120 1026 1299 1067; x_wconf 85' lang='lat' dir='ltr'>paullatim</span> <span class='ocrx_word' id='word_1_284' title='bbox 1334 1027 1612 1059; x_wconf 85' lang='lat' dir='ltr'>dominationem</span> <span class='ocrx_word' id='word_1_285' title='bbox 1641 1029 1816 1068; x_wconf 83' lang='lat' dir='ltr'>acquisie—</span> 
     </span>
     <span class='ocr_line' id='line_1_59' title="bbox 1121 1075 1815 1117; baseline 0.001 -10"><span class='ocrx_word' id='word_1_286' title='bbox 1121 1078 1176 1107; x_wconf 88' lang='lat' dir='ltr'>rat</span> <span class='ocrx_word' id='word_1_287' title='bbox 1209 1075 1288 1114; x_wconf 89' lang='lat' dir='ltr'>ille,</span> <span class='ocrx_word' id='word_1_288' title='bbox 1326 1085 1392 1107; x_wconf 88' lang='lat' dir='ltr'>nec</span> <span class='ocrx_word' id='word_1_289' title='bbox 1427 1076 1580 1117; x_wconf 86' lang='lat' dir='ltr'>denique</span> <span class='ocrx_word' id='word_1_290' title='bbox 1616 1078 1710 1109; x_wconf 87' lang='lat' dir='ltr'>artes</span> <span class='ocrx_word' id='word_1_291' title='bbox 1735 1086 1815 1109; x_wconf 83' lang='lat' dir='ltr'>suas</span> 
     </span>
     <span class='ocr_line' id='line_1_60' title="bbox 1121 1125 1816 1167; baseline 0.001 -11"><span class='ocrx_word' id='word_1_292' title='bbox 1121 1127 1281 1166; x_wconf 84' lang='lat' dir='ltr'>proprias</span> <span class='ocrx_word' id='word_1_293' title='bbox 1298 1128 1334 1157; x_wconf 85' lang='lat' dir='ltr'>et</span> <span class='ocrx_word' id='word_1_294' title='bbox 1347 1125 1487 1157; x_wconf 84' lang='lat' dir='ltr'>consilia</span> <span class='ocrx_word' id='word_1_295' title='bbox 1502 1127 1687 1167; x_wconf 88' lang='lat' dir='ltr'>prudentia</span> <span class='ocrx_word' id='word_1_296' title='bbox 1701 1126 1816 1166; x_wconf 76' lang='lat' dir='ltr'>plena,</span> 
     </span>
     <span class='ocr_line' id='line_1_61' title="bbox 1121 1174 1817 1215; baseline 0.003 -10"><span class='ocrx_word' id='word_1_297' title='bbox 1121 1174 1248 1215; x_wconf 86' lang='lat' dir='ltr'>quibus</span> <span class='ocrx_word' id='word_1_298' title='bbox 1274 1176 1348 1215; x_wconf 87' lang='lat' dir='ltr'>ipse</span> <span class='ocrx_word' id='word_1_299' title='bbox 1374 1175 1530 1207; x_wconf 79' lang='lat' dir='ltr'>ferocem</span> <span class='ocrx_word' id='word_1_300' title='bbox 1555 1177 1715 1207; x_wconf 84' lang='lat' dir='ltr'>Caesaris</span> <span class='ocrx_word' id='word_1_301' title='bbox 1740 1176 1817 1207; x_wconf 87' lang='lat' dir='ltr'>ani—</span> 
     </span>
     <span class='ocr_line' id='line_1_62' title="bbox 1120 1224 1816 1257; baseline 0.001 -2"><span class='ocrx_word' id='word_1_302' title='bbox 1120 1233 1219 1256; x_wconf 88' lang='lat' dir='ltr'>mum</span> <span class='ocrx_word' id='word_1_303' title='bbox 1232 1224 1276 1255; x_wconf 84' lang='lat' dir='ltr'>ad</span> <span class='ocrx_word' id='word_1_304' title='bbox 1288 1225 1598 1257; x_wconf 80' lang='lat' dir='ltr'>mansuetudinem</span> <span class='ocrx_word' id='word_1_305' title='bbox 1611 1228 1646 1256; x_wconf 88' lang='lat' dir='ltr'>et</span> <span class='ocrx_word' id='word_1_306' title='bbox 1658 1224 1816 1257; x_wconf 85' lang='lat' dir='ltr'>clemen—</span> 
     </span>
     <span class='ocr_line' id='line_1_63' title="bbox 1119 1274 1816 1314; baseline 0.001 -10"><span class='ocrx_word' id='word_1_307' title='bbox 1119 1274 1203 1305; x_wconf 88' lang='lat' dir='ltr'>tiam</span> <span class='ocrx_word' id='word_1_308' title='bbox 1245 1274 1377 1306; x_wconf 88' lang='lat' dir='ltr'>sensim</span> <span class='ocrx_word' id='word_1_309' title='bbox 1416 1274 1639 1314; x_wconf 80' lang='lat' dir='ltr'>traduxerat.)</span> <span class='ocrx_word' id='word_1_310' title='bbox 1671 1293 1706 1296; x_wconf 96' lang='lat'><strong>—</strong></span> <span class='ocrx_word' id='word_1_311' title='bbox 1748 1274 1816 1305; x_wconf 76' lang='lat' dir='ltr'>Cir.</span> 
     </span>
     <span class='ocr_line' id='line_1_64' title="bbox 1120 1320 1812 1364; baseline 0 -10"><span class='ocrx_word' id='word_1_312' title='bbox 1120 1332 1214 1354; x_wconf 91' lang='lat' dir='ltr'>nunc</span> <span class='ocrx_word' id='word_1_313' title='bbox 1250 1320 1429 1355; x_wconf 82' lang='lat' dir='ltr'>Frandsen</span> <span class='ocrx_word' id='word_1_314' title='bbox 1457 1325 1632 1355; x_wconf 78' lang='lat' dir='ltr'>Maecenas</span> <span class='ocrx_word' id='word_1_315' title='bbox 1672 1332 1707 1364; x_wconf 91' lang='lat' dir='ltr'>p.</span> <span class='ocrx_word' id='word_1_316' title='bbox 1740 1323 1812 1355; x_wconf 75' lang='lat'>468.</span> 
     </span>
    </p>

    <p class='ocr_par' dir='ltr' id='par_1_10' title="bbox 1121 1372 1820 2095">
     <span class='ocr_line' id='line_1_65' title="bbox 1166 1372 1819 1414; baseline 0 -11"><span class='ocrx_word' id='word_1_317' title='bbox 1166 1372 1216 1403; x_wconf 82' lang='grc' dir='ltr'>Μ.</span> <span class='ocrx_word' id='word_1_318' title='bbox 1258 1373 1437 1414; x_wconf 77' lang='lat' dir='ltr'>ductaque]</span> <span class='ocrx_word' id='word_1_319' title='bbox 1480 1375 1568 1405; x_wconf 74' lang='lat' dir='ltr'>Nota</span> <span class='ocrx_word' id='word_1_320' title='bbox 1593 1382 1652 1413; x_wconf 80' lang='lat' dir='ltr'>que</span> <span class='ocrx_word' id='word_1_321' title='bbox 1673 1391 1692 1395; x_wconf 96' lang='lat'><em>-</em></span> <span class='ocrx_word' id='word_1_322' title='bbox 1713 1391 1731 1396; x_wconf 95' lang='lat'>-</span> <span class='ocrx_word' id='word_1_323' title='bbox 1758 1382 1819 1412; x_wconf 78' lang='lat' dir='ltr'>que</span> 
     </span>
     <span class='ocr_line' id='line_1_66' title="bbox 1121 1421 1818 1462; baseline 0 -9"><span class='ocrx_word' id='word_1_324' title='bbox 1121 1431 1190 1453; x_wconf 90' lang='lat' dir='ltr'>non</span> <span class='ocrx_word' id='word_1_325' title='bbox 1215 1421 1281 1453; x_wconf 87' lang='lat' dir='ltr'>sibi</span> <span class='ocrx_word' id='word_1_326' title='bbox 1304 1423 1547 1462; x_wconf 84' lang='lat' dir='ltr'>respondere,</span> <span class='ocrx_word' id='word_1_327' title='bbox 1574 1425 1612 1454; x_wconf 85' lang='lat' dir='ltr'>ut</span> <span class='ocrx_word' id='word_1_328' title='bbox 1635 1421 1727 1455; x_wconf 86' lang='lat' dir='ltr'>alibi.</span> <span class='ocrx_word' id='word_1_329' title='bbox 1755 1423 1818 1454; x_wconf 85' lang='lat' dir='ltr'>sed</span> 
     </span>
     <span class='ocr_line' id='line_1_67' title="bbox 1122 1472 1816 1504; baseline -0.001 -1"><span class='ocrx_word' id='word_1_330' title='bbox 1122 1472 1375 1503; x_wconf 86' lang='lat' dir='ltr'>sententiarum</span> <span class='ocrx_word' id='word_1_331' title='bbox 1416 1481 1546 1503; x_wconf 82' lang='lat' dir='ltr'>nexum</span> <span class='ocrx_word' id='word_1_332' title='bbox 1585 1472 1678 1503; x_wconf 88' lang='lat' dir='ltr'>hunc</span> <span class='ocrx_word' id='word_1_333' title='bbox 1715 1480 1816 1504; x_wconf 86' lang='lat' dir='ltr'>esse:</span> 
     </span>
     <span class='ocr_line' id='line_1_68' title="bbox 1123 1520 1819 1562; baseline 0 -10"><span class='ocrx_word' id='word_1_334' title='bbox 1123 1522 1185 1552; x_wconf 87' lang='lat' dir='ltr'>«Et</span> <span class='ocrx_word' id='word_1_335' title='bbox 1201 1522 1295 1552; x_wconf 82' lang='lat' dir='ltr'>certe</span> <span class='ocrx_word' id='word_1_336' title='bbox 1321 1520 1447 1552; x_wconf 85' lang='lat' dir='ltr'>melius</span> <span class='ocrx_word' id='word_1_337' title='bbox 1465 1521 1627 1552; x_wconf 75' lang='lat' dir='ltr'>dicentur</span> <span class='ocrx_word' id='word_1_338' title='bbox 1642 1539 1661 1544; x_wconf 91' lang='lat'>-</span> <span class='ocrx_word' id='word_1_339' title='bbox 1676 1539 1695 1544; x_wconf 93' lang='lat'><em>—</em></span> <span class='ocrx_word' id='word_1_340' title='bbox 1711 1530 1819 1562; x_wconf 86' lang='lat' dir='ltr'>proe-</span> 
     </span>
     <span class='ocr_line' id='line_1_69' title="bbox 1121 1570 1816 1611; baseline 0 -10"><span class='ocrx_word' id='word_1_341' title='bbox 1121 1570 1163 1601; x_wconf 89' lang='lat' dir='ltr'>lia</span> <span class='ocrx_word' id='word_1_342' title='bbox 1193 1571 1432 1611; x_wconf 88' lang='lat' dir='ltr'>triumphique</span> <span class='ocrx_word' id='word_1_343' title='bbox 1462 1573 1551 1601; x_wconf 87' lang='lat' dir='ltr'>oet.»</span> <span class='ocrx_word' id='word_1_344' title='bbox 1583 1589 1618 1592; x_wconf 97' lang='lat'><strong>—</strong></span> <span class='ocrx_word' id='word_1_345' title='bbox 1646 1580 1709 1610; x_wconf 78' lang='lat' dir='ltr'>per</span> <span class='ocrx_word' id='word_1_346' title='bbox 1734 1570 1816 1611; x_wconf 71' lang='lat' dir='ltr'>rias]</span> 
     </span>
     <span class='ocr_line' id='line_1_70' title="bbox 1122 1619 1820 1660; baseline 0.001 -10"><span class='ocrx_word' id='word_1_347' title='bbox 1122 1629 1141 1650; x_wconf 89' lang='lat' dir='ltr'>a</span> <span class='ocrx_word' id='word_1_348' title='bbox 1158 1621 1259 1660; x_wconf 86' lang='lat' dir='ltr'>porta</span> <span class='ocrx_word' id='word_1_349' title='bbox 1276 1619 1477 1660; x_wconf 89' lang='lat' dir='ltr'>triumphali</span> <span class='ocrx_word' id='word_1_350' title='bbox 1494 1629 1558 1660; x_wconf 91' lang='lat' dir='ltr'>per</span> <span class='ocrx_word' id='word_1_351' title='bbox 1572 1621 1714 1651; x_wconf 83' lang='lat' dir='ltr'>Sacram</span> <span class='ocrx_word' id='word_1_352' title='bbox 1726 1621 1820 1651; x_wconf 84' lang='lat' dir='ltr'>viam</span> 
     </span>
     <span class='ocr_line' id='line_1_71' title="bbox 1122 1668 1819 1709; baseline 0.001 -10"><span class='ocrx_word' id='word_1_353' title='bbox 1122 1668 1167 1699; x_wconf 87' lang='lat' dir='ltr'>ad</span> <span class='ocrx_word' id='word_1_354' title='bbox 1203 1668 1423 1709; x_wconf 90' lang='lat' dir='ltr'>Capitolium.</span> <span class='ocrx_word' id='word_1_355' title='bbox 1483 1669 1664 1701; x_wconf 86' lang='lat' dir='ltr'>Manifesto</span> <span class='ocrx_word' id='word_1_356' title='bbox 1700 1670 1819 1700; x_wconf 81' lang='lat' dir='ltr'>autem</span> 
     </span>
     <span class='ocr_line' id='line_1_72' title="bbox 1123 1717 1820 1759; baseline 0.001 -11"><span class='ocrx_word' id='word_1_357' title='bbox 1123 1718 1211 1749; x_wconf 83' lang='lat' dir='ltr'>haec</span> <span class='ocrx_word' id='word_1_358' title='bbox 1234 1718 1436 1749; x_wconf 90' lang='lat' dir='ltr'>referuntur</span> <span class='ocrx_word' id='word_1_359' title='bbox 1459 1718 1504 1749; x_wconf 89' lang='lat' dir='ltr'>ad</span> <span class='ocrx_word' id='word_1_360' title='bbox 1527 1718 1700 1759; x_wconf 85' lang='lat' dir='ltr'>triplicem</span> <span class='ocrx_word' id='word_1_361' title='bbox 1723 1717 1820 1749; x_wconf 87' lang='lat' dir='ltr'>illum</span> 
     </span>
     <span class='ocr_line' id='line_1_73' title="bbox 1123 1766 1819 1807; baseline 0.001 -10"><span class='ocrx_word' id='word_1_362' title='bbox 1123 1767 1353 1807; x_wconf 74' lang='lat' dir='ltr'>triumphum,</span> <span class='ocrx_word' id='word_1_363' title='bbox 1372 1766 1618 1806; x_wconf 80' lang='lat' dir='ltr'>Delmaticum,</span> <span class='ocrx_word' id='word_1_364' title='bbox 1637 1769 1819 1799; x_wconf 74' lang='lat' dir='ltr'>Actiacum</span> 
     </span>
     <span class='ocr_line' id='line_1_74' title="bbox 1124 1815 1815 1848; baseline -0.001 -1"><span class='ocrx_word' id='word_1_365' title='bbox 1124 1818 1158 1847; x_wconf 87' lang='lat' dir='ltr'>et</span> <span class='ocrx_word' id='word_1_366' title='bbox 1182 1815 1455 1848; x_wconf 79' lang='lat' dir='ltr'>Alexandrinum</span> <span class='ocrx_word' id='word_1_367' title='bbox 1484 1825 1606 1848; x_wconf 83' lang='lat' dir='ltr'>mense</span> <span class='ocrx_word' id='word_1_368' title='bbox 1643 1816 1758 1847; x_wconf 80' lang='lat' dir='ltr'>Sextili</span> <span class='ocrx_word' id='word_1_369' title='bbox 1785 1825 1815 1847; x_wconf 91' lang='lat' dir='ltr'>a.</span> 
     </span>
     <span class='ocr_line' id='line_1_75' title="bbox 1123 1866 1818 1897; baseline 0 -1"><span class='ocrx_word' id='word_1_370' title='bbox 1123 1867 1197 1897; x_wconf 70' lang='lat'>7255.</span> <span class='ocrx_word' id='word_1_371' title='bbox 1235 1874 1255 1896; x_wconf 88' lang='lat' dir='ltr'>a</span> <span class='ocrx_word' id='word_1_372' title='bbox 1280 1866 1431 1897; x_wconf 86' lang='lat' dir='ltr'>Caesare</span> <span class='ocrx_word' id='word_1_373' title='bbox 1457 1875 1499 1897; x_wconf 79' lang='lat' dir='ltr'>ex</span> <span class='ocrx_word' id='word_1_374' title='bbox 1523 1867 1661 1897; x_wconf 85' lang='lat' dir='ltr'>Oriente</span> <span class='ocrx_word' id='word_1_375' title='bbox 1686 1866 1818 1897; x_wconf 72' lang='lat' dir='ltr'>reduce</span> 
     </span>
     <span class='ocr_line' id='line_1_76' title="bbox 1124 1915 1819 1955; baseline 0 -10"><span class='ocrx_word' id='word_1_376' title='bbox 1124 1916 1254 1946; x_wconf 83' lang='lat' dir='ltr'>actum.</span> <span class='ocrx_word' id='word_1_377' title='bbox 1291 1915 1430 1954; x_wconf 66' lang='lat' dir='ltr'>Deciis,</span> <span class='ocrx_word' id='word_1_378' title='bbox 1452 1924 1517 1955; x_wconf 89' lang='lat' dir='ltr'>per</span> <span class='ocrx_word' id='word_1_379' title='bbox 1536 1924 1622 1955; x_wconf 86' lang='lat' dir='ltr'>quas</span> <span class='ocrx_word' id='word_1_380' title='bbox 1637 1915 1819 1946; x_wconf 82' lang='lat' dir='ltr'>duceban-</span> 
     </span>
     <span class='ocr_line' id='line_1_77' title="bbox 1124 1963 1818 2004; baseline 0 -10"><span class='ocrx_word' id='word_1_381' title='bbox 1124 1966 1180 1995; x_wconf 85' lang='lat' dir='ltr'>tur</span> <span class='ocrx_word' id='word_1_382' title='bbox 1208 1964 1423 2004; x_wconf 88' lang='lat' dir='ltr'>triumphati,</span> <span class='ocrx_word' id='word_1_383' title='bbox 1454 1963 1598 1995; x_wconf 88' lang='lat' dir='ltr'>consule</span> <span class='ocrx_word' id='word_1_384' title='bbox 1620 1964 1818 1996; x_wconf 81' lang='lat' dir='ltr'>Ambrosch</span> 
     </span>
     <span class='ocr_line' id='line_1_78' title="bbox 1124 2012 1820 2054; baseline -0.001 -9"><span class='ocrx_word' id='word_1_385' title='bbox 1124 2014 1259 2045; x_wconf 75' lang='lat' dir='ltr'>Studien</span> <span class='ocrx_word' id='word_1_386' title='bbox 1281 2014 1306 2044; x_wconf 96' lang='grc' dir='ltr'>Ι.</span> <span class='ocrx_word' id='word_1_387' title='bbox 1327 2022 1360 2054; x_wconf 86' lang='lat' dir='ltr'>p.</span> <span class='ocrx_word' id='word_1_388' title='bbox 1378 2014 1430 2044; x_wconf 81' lang='lat'>79.</span> <span class='ocrx_word' id='word_1_389' title='bbox 1458 2015 1664 2054; x_wconf 84' lang='lat' dir='ltr'>excerptum</span> <span class='ocrx_word' id='word_1_390' title='bbox 1692 2024 1711 2045; x_wconf 88' lang='lat' dir='ltr'>a</span> <span class='ocrx_word' id='word_1_391' title='bbox 1731 2012 1820 2045; x_wconf 67' lang='lat' dir='ltr'>Lai)-</span> 
     </span>
     <span class='ocr_line' id='line_1_79' title="bbox 1123 2064 1219 2095; baseline -0.021 0"><span class='ocrx_word' id='word_1_392' title='bbox 1123 2064 1219 2095; x_wconf 80' lang='lat' dir='ltr'>kero,</span> 
     </span>
    </p>

    <p class='ocr_par' dir='ltr' id='par_1_11' title="bbox 1125 2113 1835 2795">
     <span class='ocr_line' id='line_1_80' title="bbox 1170 2113 1805 2154; baseline 0.003 -11"><span class='ocrx_word' id='word_1_393' title='bbox 1170 2114 1220 2144; x_wconf 61' lang='lat'>012.</span> <span class='ocrx_word' id='word_1_394' title='bbox 1246 2113 1331 2144; x_wconf 83' lang='lat' dir='ltr'>colla</span> <span class='ocrx_word' id='word_1_395' title='bbox 1345 2113 1536 2154; x_wconf 70' lang='lat' dir='ltr'>minacium]</span> <span class='ocrx_word' id='word_1_396' title='bbox 1563 2114 1718 2154; x_wconf 89' lang='lat' dir='ltr'>Seriptor</span> <span class='ocrx_word' id='word_1_397' title='bbox 1731 2114 1805 2145; x_wconf 91' lang='lat' dir='ltr'>Con</span> 
     </span>
     <span class='ocr_line' id='line_1_81' title="bbox 1126 2162 1821 2203; baseline 0.001 -10"><span class='ocrx_word' id='word_1_398' title='bbox 1126 2162 1224 2194; x_wconf 86' lang='lat' dir='ltr'>solat.</span> <span class='ocrx_word' id='word_1_399' title='bbox 1254 2162 1299 2193; x_wconf 90' lang='lat' dir='ltr'>ad</span> <span class='ocrx_word' id='word_1_400' title='bbox 1326 2164 1397 2194; x_wconf 91' lang='lat' dir='ltr'>Liv.</span> <span class='ocrx_word' id='word_1_401' title='bbox 1428 2164 1512 2203; x_wconf 79' lang='lat' dir='ltr'>Aug.</span> <span class='ocrx_word' id='word_1_402' title='bbox 1544 2163 1628 2195; x_wconf 63' lang='lat'>273:</span> <span class='ocrx_word' id='word_1_403' title='bbox 1654 2164 1821 2203; x_wconf 73' lang='lat' dir='ltr'>Aspiciam</span> 
     </span>
     <span class='ocr_line' id='line_1_82' title="bbox 1126 2212 1820 2252; baseline 0.003 -10"><span class='ocrx_word' id='word_1_404' title='bbox 1126 2221 1240 2252; x_wconf 65' lang='lat' dir='ltr'>reglum</span> <span class='ocrx_word' id='word_1_405' title='bbox 1269 2212 1403 2243; x_wconf 74' lang='lat' dir='ltr'>liventia</span> <span class='ocrx_word' id='word_1_406' title='bbox 1437 2213 1522 2243; x_wconf 83' lang='lat' dir='ltr'>eolla</span> <span class='ocrx_word' id='word_1_407' title='bbox 1556 2214 1678 2244; x_wconf 79' lang='lat' dir='ltr'>catenis</span> <span class='ocrx_word' id='word_1_408' title='bbox 1701 2214 1820 2244; x_wconf 83' lang='lat' dir='ltr'>Dura-</span> 
     </span>
     <span class='ocr_line' id='line_1_83' title="bbox 1126 2262 1820 2300; baseline 0.003 -9"><span class='ocrx_word' id='word_1_409' title='bbox 1126 2270 1186 2300; x_wconf 81' lang='lat' dir='ltr'>que</span> <span class='ocrx_word' id='word_1_410' title='bbox 1214 2271 1275 2300; x_wconf 77' lang='lat' dir='ltr'>per</span> <span class='ocrx_word' id='word_1_411' title='bbox 1297 2270 1413 2292; x_wconf 71' lang='lat' dir='ltr'>saevas</span> <span class='ocrx_word' id='word_1_412' title='bbox 1434 2262 1568 2293; x_wconf 51' lang='lat' dir='ltr'>¹vincula</span> <span class='ocrx_word' id='word_1_413' title='bbox 1590 2271 1680 2293; x_wconf 67' lang='lat' dir='ltr'>newa</span> <span class='ocrx_word' id='word_1_414' title='bbox 1700 2271 1820 2293; x_wconf 64' lang='lat' dir='ltr'>ortanus</span> 
     </span>
     <span class='ocr_line' id='line_1_84' title="bbox 1125 2311 1819 2352; baseline 0.001 -11"><span class='ocrx_word' id='word_1_415' title='bbox 1125 2311 1167 2342; x_wconf 82' lang='lat' dir='ltr'>Et</span> <span class='ocrx_word' id='word_1_416' title='bbox 1200 2312 1331 2341; x_wconf 79' lang='lat' dir='ltr'>tandem</span> <span class='ocrx_word' id='word_1_417' title='bbox 1365 2311 1508 2352; x_wconf 35' lang='lat' dir='ltr'>[rep-idos</span> <span class='ocrx_word' id='word_1_418' title='bbox 1544 2312 1672 2342; x_wconf 71' lang='lat' dir='ltr'>voltus:</span> <span class='ocrx_word' id='word_1_419' title='bbox 1721 2312 1819 2351; x_wconf 77' lang='lat' dir='ltr'>inque</span> 
     </span>
     <span class='ocr_line' id='line_1_85' title="bbox 1127 2360 1819 2400; baseline 0.003 -10"><span class='ocrx_word' id='word_1_420' title='bbox 1127 2360 1184 2390; x_wconf 82' lang='lat' dir='ltr'>illa</span> <span class='ocrx_word' id='word_1_421' title='bbox 1205 2360 1351 2400; x_wconf 77' lang='lat' dir='ltr'>ferocum</span> <span class='ocrx_word' id='word_1_422' title='bbox 1374 2361 1487 2391; x_wconf 64' lang='lat' dir='ltr'>Invitis</span> <span class='ocrx_word' id='word_1_423' title='bbox 1502 2360 1659 2391; x_wconf 81' lang='lat' dir='ltr'>lacrimas</span> <span class='ocrx_word' id='word_1_424' title='bbox 1675 2361 1819 2392; x_wconf 81' lang='lat' dir='ltr'>decidere</span> 
     </span>
     <span class='ocr_line' id='line_1_86' title="bbox 1126 2409 1821 2449; baseline 0.001 -10"><span class='ocrx_word' id='word_1_425' title='bbox 1126 2419 1187 2439; x_wconf 76' lang='lat' dir='ltr'>ora</span> <span class='ocrx_word' id='word_1_426' title='bbox 1219 2410 1319 2449; x_wconf 64' lang='lat' dir='ltr'>(lenis.</span> <span class='ocrx_word' id='word_1_427' title='bbox 1370 2409 1514 2448; x_wconf 74' lang='lat' dir='ltr'>Spiritus</span> <span class='ocrx_word' id='word_1_428' title='bbox 1554 2409 1606 2440; x_wconf 82' lang='lat' dir='ltr'>ille</span> <span class='ocrx_word' id='word_1_429' title='bbox 1639 2410 1757 2440; x_wconf 54' lang='lat' dir='ltr'>minax</span> <span class='ocrx_word' id='word_1_430' title='bbox 1790 2413 1821 2440; x_wconf 79' lang='lat' dir='ltr'>et</span> 
     </span>
     <span class='ocr_line' id='line_1_87' title="bbox 1126 2458 1818 2499; baseline -0.006 -10"><span class='ocrx_word' id='word_1_431' title='bbox 1126 2459 1229 2490; x_wconf 79' lang='lat' dir='ltr'>Drusi</span> <span class='ocrx_word' id='word_1_432' title='bbox 1262 2462 1364 2489; x_wconf 77' lang='lat' dir='ltr'>merle</span> <span class='ocrx_word' id='word_1_433' title='bbox 1404 2458 1562 2498; x_wconf 79' lang='lat' dir='ltr'>superbus</span> <span class='ocrx_word' id='word_1_434' title='bbox 1597 2458 1751 2499; x_wconf 80' lang='lat' dir='ltr'>Carnifici</span> <span class='ocrx_word' id='word_1_435' title='bbox 1784 2459 1818 2489; x_wconf 72' lang='lat' dir='ltr'>in.</span> 
     </span>
     <span class='ocr_line' id='line_1_88' title="bbox 1125 2508 1819 2539; baseline -0.001 0"><span class='ocrx_word' id='word_1_436' title='bbox 1125 2511 1248 2539; x_wconf 79' lang='lat' dir='ltr'>maesto</span> <span class='ocrx_word' id='word_1_437' title='bbox 1264 2516 1398 2538; x_wconf 78' lang='lat' dir='ltr'>carcere</span> <span class='ocrx_word' id='word_1_438' title='bbox 1414 2508 1541 2538; x_wconf 79' lang='lat' dir='ltr'>dandus</span> <span class='ocrx_word' id='word_1_439' title='bbox 1557 2508 1628 2538; x_wconf 79' lang='lat' dir='ltr'>erit.</span> <span class='ocrx_word' id='word_1_440' title='bbox 1650 2525 1685 2529; x_wconf 81' lang='lat'>-—</span> <span class='ocrx_word' id='word_1_441' title='bbox 1712 2508 1819 2538; x_wconf 66' lang='lat' dir='ltr'>noina—</span> 
     </span>
     <span class='ocr_line' id='line_1_89' title="bbox 1125 2557 1816 2598; baseline -0.007 -9"><span class='ocrx_word' id='word_1_442' title='bbox 1125 2558 1229 2598; x_wconf 61' lang='grc' dir='ltr'>θέωνι]</span> <span class='ocrx_word' id='word_1_443' title='bbox 1267 2559 1477 2597; x_wconf 87' lang='lat' dir='ltr'>«antequam</span> <span class='ocrx_word' id='word_1_444' title='bbox 1512 2557 1638 2588; x_wconf 79' lang='lat' dir='ltr'>devicti</span> <span class='ocrx_word' id='word_1_445' title='bbox 1663 2558 1816 2588; x_wconf 84' lang='lat' dir='ltr'>essent.»</span> 
     </span>
     <span class='ocr_line' id='line_1_90' title="bbox 1127 2605 1818 2639; baseline -0.003 -1"><span class='ocrx_word' id='word_1_446' title='bbox 1127 2608 1256 2639; x_wconf 83' lang='lat' dir='ltr'>Firinat</span> <span class='ocrx_word' id='word_1_447' title='bbox 1288 2607 1393 2638; x_wconf 89' lang='lat' dir='ltr'>etiam</span> <span class='ocrx_word' id='word_1_448' title='bbox 1425 2607 1564 2637; x_wconf 79' lang='lat' dir='ltr'>Servius</span> <span class='ocrx_word' id='word_1_449' title='bbox 1588 2606 1608 2636; x_wconf 93' lang='lat' dir='ltr'>l.</span> <span class='ocrx_word' id='word_1_450' title='bbox 1634 2605 1656 2636; x_wconf 98' lang='lat' dir='ltr'>l.</span> <span class='ocrx_word' id='word_1_451' title='bbox 1682 2606 1818 2637; x_wconf 72' lang='lat' dir='ltr'>Minati-</span> 
     </span>
     <span class='ocr_line' id='line_1_91' title="bbox 1126 2655 1817 2697; baseline -0.001 -10"><span class='ocrx_word' id='word_1_452' title='bbox 1126 2657 1207 2687; x_wconf 79' lang='lat' dir='ltr'>tium</span> <span class='ocrx_word' id='word_1_453' title='bbox 1251 2665 1362 2697; x_wconf 85' lang='lat' dir='ltr'>prope</span> <span class='ocrx_word' id='word_1_454' title='bbox 1408 2655 1602 2687; x_wconf 86' lang='lat' dir='ltr'>absurdum</span> <span class='ocrx_word' id='word_1_455' title='bbox 1641 2657 1736 2686; x_wconf 81' lang='lat' dir='ltr'>esset</span> <span class='ocrx_word' id='word_1_456' title='bbox 1774 2655 1817 2686; x_wconf 88' lang='lat' dir='ltr'>de</span> 
     </span>
     <span class='ocr_line' id='line_1_92' title="bbox 1128 2704 1818 2746; baseline 0 -10"><span class='ocrx_word' id='word_1_457' title='bbox 1128 2705 1270 2746; x_wconf 80' lang='lat' dir='ltr'>regibus</span> <span class='ocrx_word' id='word_1_458' title='bbox 1294 2706 1329 2736; x_wconf 93' lang='lat' dir='ltr'>in</span> <span class='ocrx_word' id='word_1_459' title='bbox 1354 2704 1442 2736; x_wconf 87' lang='lat' dir='ltr'>collo</span> <span class='ocrx_word' id='word_1_460' title='bbox 1460 2705 1628 2736; x_wconf 86' lang='lat' dir='ltr'>catenatis</span> <span class='ocrx_word' id='word_1_461' title='bbox 1644 2706 1749 2744; x_wconf 87' lang='lat' dir='ltr'>atque</span> <span class='ocrx_word' id='word_1_462' title='bbox 1767 2705 1818 2736; x_wconf 89' lang='lat' dir='ltr'>sic</span> 
     </span>
     <span class='ocr_line' id='line_1_93' title="bbox 1127 2750 1835 2795; baseline -0.003 -9"><span class='ocrx_word' id='word_1_463' title='bbox 1127 2756 1160 2786; x_wconf 92' lang='lat' dir='ltr'>in</span> <span class='ocrx_word' id='word_1_464' title='bbox 1178 2755 1355 2795; x_wconf 88' lang='lat' dir='ltr'>triumpho</span> <span class='ocrx_word' id='word_1_465' title='bbox 1373 2754 1497 2786; x_wconf 89' lang='lat' dir='ltr'>ductis.</span> <span class='ocrx_word' id='word_1_466' title='bbox 1525 2753 1592 2785; x_wconf 85' lang='lat' dir='ltr'>Csr.</span> <span class='ocrx_word' id='word_1_467' title='bbox 1608 2750 1835 2785; x_wconf 82' lang='lat' dir='ltr'>Bentleiu1n.&#39;</span> 
     </span>
    </p>
   </div>
  </div>
 </body>
</html>
