1997 3219
710 190 785 222 Lm.
813 190 866 221 iv.
916 189 952 220 C.
983 189 1034 220 ix.
1542 187 1621 228 593

357 296 602 350 Duramque
636 292 757 336 callot
788 293 1036 349 pauperiem
1067 293 1148 348 pati

363 375 574 430 l'eiusque
607 374 688 416 leto
721 373 925 431 flagitium
956 374 1096 420 timet,
1571 374 1624 413 50

413 457 503 497 Non
536 454 603 497 ille
635 469 712 511 pro
743 455 853 498 caris
885 455 1033 497 amicis

470 539 549 577 Aut
578 535 714 591 patria
746 535 916 577 timidus
948 535 1100 590 perire.

275 668 327 699 52.
349 667 469 707 peribit
492 668 533 705 B,
562 667 704 706 Cruquii
729 665 810 697 duo.

191 784 334 825 quidem
353 784 509 822 timebit,
536 792 761 824 nequaquam
785 783 885 815 time-
935 791 1017 814 nem
1042 784 1212 814 Graecam
1238 791 1306 813 non
1331 782 1413 814 satis
1438 783 1627 823 perspicie-

189 833 239 864 bit
263 836 416 865 mortem
440 842 503 874 pro
528 834 650 865 amicis
674 835 709 864 et
732 842 795 874 pro
819 841 883 874 pa-
933 831 1035 869 bant,
1072 832 1290 872 scripserunt
1323 831 1455 863 timidas
1484 832 1623 870 pet-ihil,

190 884 252 915 tria
289 885 491 924 oppetere.»
551 883 614 921 Qui
651 883 883 914 constructio-
933 883 970 913 ut
986 880 1165 912 habebant
1183 880 1252 912 <luo
1270 880 1380 912 Codd.
1400 881 1553 921 Cruquii.

666 1095 1161 1134 EXCURSUS.

274 1197 316 1228 M.
355 1195 480 1227 Lollius
515 1194 635 1227 consul
674 1205 704 1227 a.
732 1205 766 1228 u.
792 1205 822 1227 c.
854 1195 928 1227 733.
995 1194 1115 1227 Vellei.
1151 1196 1188 1234 2,
1227 1195 1291 1227 97:
1333 1195 1374 1235 (a.
1409 1204 1442 1227 u.
1477 1203 1506 1226 c.
1539 1194 1626 1234 738.)

186 1252 328 1292 Accepta
361 1255 406 1283 esc
441 1252 472 1282 in
503 1252 685 1283 Germania
713 1252 822 1282 clades
854 1251 911 1282 sub
944 1251 1051 1292 legyato
1073 1252 1120 1283 M.
1146 1251 1271 1290 Lollio,
1307 1252 1436 1283 homine
1461 1251 1493 1282 in
1517 1251 1629 1282 omnia

185 1307 344 1347 pecuniae
367 1316 468 1346 quam
492 1310 577 1338 recte
599 1307 741 1347 faciendi
765 1307 934 1346 cupidiore
957 1309 986 1337 el
1008 1307 1094 1338 inter
1116 1315 1279 1338 summam
1300 1307 1458 1338 vitiorum
1480 1307 1630 1338 dissima-

187 1363 343 1394 lationem
376 1362 593 1394 vitiosissimo.
642 1363 767 1394 Postea
802 1364 920 1393 tamen
955 1361 1159 1394 moderator
1193 1362 1355 1393 iuventae
1391 1362 1429 1394 C.
1462 1362 1626 1400 Caesari,

188 1419 360 1459 Agrippae
396 1417 486 1457 filio,
523 1418 666 1458 Augusti
703 1418 821 1458 nepoti
853 1426 894 1448 ac
917 1416 987 1448 filio
1011 1417 1175 1458 adoptivo
1200 1418 1233 1448 in
1258 1417 1435 1449 Orientem
1460 1417 1570 1449 misso
1594 1425 1625 1448 a.

188 1483 221 1504 u.
249 1482 279 1505 c.
305 1474 380 1505 75⁴.
408 1473 450 1505 ab
476 1475 630 1514 Augusto
666 1473 805 1504 additus
840 1472 948 1504 fidem
983 1472 1102 1504 datam
1137 1481 1219 1504 cum
1253 1473 1368 1504 minus
1395 1472 1630 1513 praestitisset

192 1530 306 1569 (Tacit.
332 1532 420 1560 Ann.
447 1528 484 1567 3,
510 1528 599 1569 48),
631 1529 764 1569 perfida
797 1532 827 1559 et
856 1529 956 1568 plena
988 1529 1114 1560 subdoli
1147 1538 1186 1560 ac
1218 1528 1341 1560 versuti
1365 1528 1468 1559 animi
1492 1527 1628 1559 consilia

182 1594 246 1624 per
278 1585 436 1616 Parthum
471 1585 619 1616 indicata
651 1585 786 1616 Caesari
819 1584 916 1625 fama
948 1585 1116 1626 volgavi&
1151 1585 1244 1615 cuias
1273 1592 1363 1615 mors
1393 1584 1484 1615 inlra
1503 1591 1630 1623 paucos

187 1641 254 1672 dies
276 1641 439 1681 fortuita,
477 1649 521 1671 an
543 1640 736 1671 voluntaria
764 1640 886 1680 faerit,
923 1641 1060 1681 ignoro,
1096 1641 1133 1671 ut
1157 1641 1203 1672 ait
1226 1639 1346 1671 Vellei.
1372 1640 1409 1678 ⁶2,
1437 1639 1511 1671 ⁴02.
1538 1638 1624 1671 Plin.

188 1696 228 1727 H.
254 1696 294 1727 N.
321 1695 361 1735 9,
387 1695 446 1734 35,
472 1695 536 1727 58:
574 1696 715 1727 Lolliam
736 1696 947 1735 Paullinam,
985 1704 1069 1735 quae
1091 1695 1156 1736 fail
1179 1695 1251 1727 Caii
1269 1695 1434 1735 principis
1455 1698 1623 1734 matrona,

186 1760 226 1782 ne
247 1751 332 1782 serio
355 1752 485 1790 quidem
508 1755 567 1782 aul
599 1752 747 1783 sollemni
769 1752 1050 1783 caerimoniarum
1071 1752 1183 1790 aliquo
1205 1754 1397 1790 apparatu,
1428 1750 1483 1782 sed
1504 1751 1631 1782 medio-

187 1807 294 1838 crium.
325 1807 426 1837 eliam
458 1807 659 1845 sponsalium
690 1816 815 1846 coena,
854 1808 921 1838 vidi
955 1808 1144 1848 smaragdis
1165 1807 1424 1848 marqarilisque
1455 1809 1626 1846 opertam,

191 1862 320 1893 alterno
342 1865 434 1893 leucia
466 1862 684 1902 sumentibus,
720 1866 785 1894 lolo
808 1863 936 1902 capite,
974 1863 1141 1902 crinibus,
1178 1863 1289 1902 spira,
1326 1862 1485 1901 auribus,
1521 1862 1626 1902 collo,

194 1918 365 1949 monilibus
398 1918 592 1958 digitisque,
622 1922 729 1957 'quae
761 1926 891 1948 summa
924 1918 1192 1958 quadringenlies
1225 1918 1304 1950 H.S.
1343 1918 1503 1958 (3649852
1538 1917 1626 1949 Flor.

188 1974 297 2006 Rhen.
324 1974 474 2005 5265239
499 1974 618 2004 Franc.
646 1972 755 2012 Πρὶν.)
781 1972 974 2013 colligebat,
1006 1973 1080 2011 ipsa
1103 1973 1271 2013 confestim
1291 1976 1418 2013 parata
1440 1982 1628 2012 mancupa-

191 2030 310 2061 tionem
343 2029 462 2060 tabulis
489 2028 646 2068 probare.
694 2029 760 2059 Nec
793 2028 879 2058 dona
899 2028 1034 2068 prodigi
1054 2028 1216 2067 principis
1237 2028 1393 2068 fuerant,
1430 2029 1484 2059 sed
1517 2028 1628 2059 avitae

191 2094 283 2124 opes,
304 2085 557 2125 provinciarum
579 2085 697 2115 scilicet
721 2084 834 2123 spoliis
852 2087 987 2123 partae.
1035 2084 1094 2114 Hic
1117 2087 1162 2115 est
1186 2084 1385 2123 rapinarum
1408 2084 1532 2122 emitas,
1569 2084 1628 2114 hoc

190 2141 277 2181 fuit,
304 2150 408 2180 quare
430 2141 476 2172 M.
503 2141 624 2171 Lollius
647 2140 829 2180 infamatus
852 2148 967 2179 regum
998 2139 1186 2170 maneribus
1210 2139 1242 2170 in
1265 2142 1331 2170 loto
1355 2139 1496 2177 oriente,
1522 2139 1627 2170 inter-

192 2197 280 2228 dicta
309 2196 456 2227 amicilia
488 2205 510 2226 a
539 2196 618 2227 Caio
648 2195 809 2234 Caesare,
846 2195 982 2235 Augusti
1010 2195 1101 2235 filio,
1136 2203 1295 2226 venenum
1322 2194 1440 2225 biberet
1456 2195 1506 2234 .(a.
1534 2203 1567 2225 u.
1594 2202 1623 2225 c.

191 2252 297 2291 753.),
323 2255 358 2283 ut
375 2252 477 2291 neptis
491 2252 559 2283 eius
581 2251 846 2292 quadrinqenlies
859 2252 898 2282 H.
917 2252 951 2282 S.
971 2254 1086 2290 operta
1100 2253 1302 2290 spectaretur
1317 2251 1361 2280 ad
1376 2250 1537 2281 lucernas
1565 2250 1626 2288 (De

190 2306 293 2338 Lollia
307 2306 457 2338 Paullina
471 2307 512 2338 cf.
524 2308 619 2342 Suet,
658 2306 762 2347 Calig.
777 2307 830 2338 25.
846 2308 924 2338 Tac.
941 2309 1028 2338 Ann.
1044 2307 1095 2344 Η,
1112 2307 1141 2337 4.
1156 2307 1208 2338 ⁶22.
1230 2307 1290 2337 Dio
1304 2306 1356 2344 59,
1374 2304 1627 2344 s12.60‚3⁶2.>—

190 2360 315 2393 Lollius
339 2362 394 2393 hic
412 2371 453 2393 ex
478 2363 516 2394 iis
534 2364 598 2400 cst,
618 2362 745 2402 quibus
779 2370 887 2393 unum
905 2361 1086 2393 dumtaxat
1101 2370 1243 2393 carmen
1260 2361 1436 2402 inscripsit
1452 2360 1624 2397 lloratius,

190 2418 280 2448 sicut
302 2418 497 2458 Agrippae,
536 2418 652 2449 Asinio
678 2416 840 2456 Pollioni,
878 2418 999 2458 Crispo
1024 2416 1188 2456 Salustio,
1226 2416 1296 2448 lulo
1331 2416 1496 2453 Antonio,
1533 2416 1626 2447 Cen-

191 2473 331 2510 sorino,
367 2474 485 2513 utpote
523 2473 738 2513 principibus
773 2474 919 2504 civitatis
954 2473 1058 2511 xiris,
1099 2474 1157 2513 qui
1193 2473 1257 2513 ipsi
1293 2480 1434 2513 quoquo
1470 2472 1625 2511 Augusto

191 2527 284 2559 haud
310 2526 503 2567 negligendi
529 2530 649 2566 crant,
684 2528 884 2568 quibusque
909 2530 1045 2567 gratum
1070 2530 1326 2569 acceptumque
1352 2536 1431 2559 esse
1457 2526 1623 2565 debebat,

191 2583 250 2615 ubi
284 2584 451 2615 leonianae
480 2584 595 2624 fidicen
641 2583 735 2622 lyrae
771 2584 996 2615 lionoriiicam
1043 2592 1165 2615 eorum
1211 2584 1425 2615 mentionem
1471 2582 1621 2613 lecisset.

191 2640 303 2680 Atque
339 2639 388 2676 si,
426 2640 462 2669 ut
497 2639 542 2669 ait
573 2637 746 2676 Velleius,
784 2647 921 2671 summa
956 2641 1030 2671 arto
1066 2638 1119 2671 ille
1155 2640 1235 2671 vitia
1270 2647 1332 2670 sua
1358 2636 1622 2675 dissimulabat,

193 2694 318 2726 eadem
352 2693 493 2726 latuisse
529 2694 706 2726 Horatium
742 2695 885 2727 minime
923 2696 1049 2727 mirum
1084 2697 1148 2727 est.
1208 2694 1378 2733 Quocirca
1403 2693 1458 2724 hic
1483 2701 1623 2734 quoque

192 2749 396 2781 adulationis
420 2750 552 2781 crimen
578 2759 596 2780 a
622 2752 722 2790 po'eta
749 2749 848 2791 longe
874 2753 1048 2783 remotum
1072 2752 1211 2783 maneat
1235 2757 1381 2782 necesse
1407 2750 1481 2780 est:
1518 2757 1624 2788 quam

308 2810 426 2838 lloiur
451 2818 521 2838 voti.
547 2810 566 2838 Ι.
609 2818 658 2839 nn⁴
684 2819 784 2840 ›uini‹
810 2811 853 2839 ΙΙΙ.
1327 2811 1361 2838 3⁸
