1997 3219
320 242 401 283 496
604 241 605 244 ’
827 245 996 277 HORATll
1024 246 1245 279 CARMINUM

545 354 757 409 virginum
789 354 953 410 culpae.

1016 354 1255 410 Vigilansne
1287 354 1406 410 ploro

545 436 681 491 Turpe
713 435 1010 483 commissum,
1045 449 1096 477 an
1128 434 1239 476 vitiis
1270 441 1483 476 carentem

713 515 837 558 Ludit
866 515 1006 571 imago

545 622 675 670 Vana,
709 634 820 677 quae
852 628 984 676 porta¹
1005 620 1171 676 fugiens
1204 620 1366 662 eburna

545 701 763 743 Somnium
795 701 943 743 ducit?
979 699 1184 742 Meliusne
1216 699 1368 742 fluctus

546 782 610 823 Ire
642 795 718 837 per
748 781 895 837 longos
927 781 1022 829 fuit,
1057 794 1108 822 an
1141 787 1335 823 recentes

715 862 900 918 Carpere
931 861 1059 903 flores
1072 862 1092 901 ⁵?

546 968 588 1009 Si
623 968 719 1023 quis
752 967 946 1009 infamem
977 966 1075 1007 inihi
1107 981 1218 1008 nunc
1249 967 1474 1010 iuvencum
1713 968 1763 1007 425

546 1047 683 1090 Dedat
713 1047 867 1097 iratae,
900 1046 1091 1089 lacerare
1122 1046 1233 1089 ferro
1266 1054 1307 1089 et

547 1129 758 1183 Frangere
790 1127 925 1170 enitar
956 1127 1083 1169 modo
1117 1127 1292 1169 multum
1324 1129 1447 1170 amati

410 1260 462 1292 38.
492 1259 634 1300 Virqinis
664 1257 855 1291 Markland.
886 1276 920 1279 —
947 1258 998 1289 39.
1025 1258 1103 1289 vitio
1134 1257 1243 1289 Bentl.
1275 1259 1363 1290 coni.
1394 1278 1427 1281 --
1455 1259 1507 1292 4⁴.
1536 1269 1636 1299 quam
1660 1261 1723 1292 Sa-

370 1309 498 1341 nadon.
528 1327 562 1330 —
589 1307 641 1340 43.
665 1308 801 1340 recentis
823 1307 858 1338 T.
889 1326 923 1329 —
944 1306 997 1339 46.
1023 1307 1132 1338 Dedat
1155 1307 1280 1339 iratae!
1305 1309 1469 1340 Lacera're
1492 1308 1669 1349 distinguit
1690 1309 1719 1340 J.

372 1377 406 1381 —
433 1362 461 1390 et
485 1367 543 1390 om
568 1358 604 1390 C.

327 1476 399 1508 ae?
439 1475 548 1507 Codd.
583 1474 725 1506 Hertzb.
761 1483 841 1506 cum
872 1474 1014 1505 Lachm.

324 1525 441 1567 vernat.)

368 1575 421 1606 38.
466 1574 654 1614 Vir-qimam]
707 1572 829 1604 «laeso
871 1572 1015 1613 pudori,

326 1632 431 1664 quam
449 1632 625 1655 summam
640 1623 859 1654 committere
873 1622 1021 1662 possunt

326 1672 463 1713 culpam
498 1672 683 1712 virgines.»
730 1671 835 1703 Multo
866 1670 1020 1710 exquisi—

326 1722 392 1753 tior
426 1722 459 1752 in
494 1721 561 1752 hoe
594 1730 627 1751 v.
663 1722 697 1752 et
726 1721 760 1751 in
789 1729 822 1751 v.
852 1720 942 1750 vitiis
965 1720 1019 1751 est

327 1779 421 1801 num.
440 1769 530 1810 plur.
551 1778 657 1810 quam
674 1768 865 1801 Marklandi
879 1768 1021 1808 viminis

327 1821 361 1850 et
396 1817 540 1850 Bentleii
574 1818 665 1849 vitio.
713 1816 797 1848 Illud
832 1817 926 1848 enim
956 1824 1021 1856 per

327 1867 683 1899 communicationem
730 1874 811 1897 cum
857 1864 1020 1897 omnibus

326 1916 517 1956 virginibus
547 1915 665 1947 neseio
698 1914 877 1955 quomodo
909 1914 1020 1954 magis

327 1965 566 1996 verecundam
583 1964 691 1996 habet
707 1964 862 2005 speciem
879 1964 912 1994 in
925 1962 1022 2003 puel-

328 2013 380 2045 lae
418 2023 500 2051 ore,
542 2014 609 2044 hoc
633 2014 752 2044 autem
782 2011 904 2053 plural.
936 2012 1023 2042 viciis

327 2063 455 2094 x'itatur
484 2063 585 2094 nimis
615 2063 735 2103 aperta
768 2062 877 2102 stupri
915 2061 1022 2100 signi—

330 2113 460 2151 ficatio,
502 2121 609 2152 quam
633 2112 813 2143 notionem
837 2110 1021 2151 singularis

329 2162 437 2193 habet
468 2161 653 2202 aliquoties
683 2160 775 2201 apud
805 2160 1019 2191 Terentium.

331 2210 487 2251 (Adelph.
514 2210 551 2249 3,
579 2211 616 2249 sl,
643 2210 673 2241 9.
701 2210 736 2247 3,
764 2210 802 2247 ¹2,
832 2209 897 2248 v¹¹0.)

373 2260 426 2292 44.
453 2259 505 2291 42.
539 2259 793 2299 porta-eburna]
826 2258 950 2298 Odyss.
984 2267 1020 2295 τ,

330 2310 409 2341 562:
430 2308 539 2340 Δοιαὶ
555 2306 627 2354 γάρ
642 2317 681 2339 τε
695 2305 809 2339 πύλαι
824 2303 1023 2349 ἀ,ιιενηνῶν

332 2358 426 2389 εἰσὶν
462 2353 635 2402 ὀνείρων·
684 2355 732 2388 Af
759 2356 830 2397 μὲν
860 2353 931 2401 γὰρ
962 2366 1023 2387 κε-

331 2405 465 2453 ράεσσι
504 2403 747 2445 τετεύχαται,
804 2405 846 2436 αἱ
883 2404 911 2436 δ’
945 2404 1024 2437 ἕλε’-

332 2468 463 2498 φαντι·
490 2456 571 2489 Τῶν
596 2458 634 2489 οἳ
654 2457 724 2498 μέν
747 2456 777 2487 κ’
795 2452 935 2487 ἔλθωσι
962 2452 1024 2487 διὰ

333 2505 491 2553 πριστοῦ
527 2505 754 2546 ἐλέφαντος,
801 2505 849 2536 Οἳ
879 2502 909 2550 ξ)
946 2504 1025 2537 ἑλε-

333 2558 535 2602 (ραίρονται
546 2580 554 2593 ,
580 2552 655 2587 ε’πε
672 2551 869 2600 ἀκράαντα
885 2555 1024 2599 φέρον-

335 2615 416 2646 τες·
454 2606 499 2637 Οἳ
531 2603 569 2636 δὲ
605 2602 666 2636 διὰ
700 2601 842 2645 ξεστῶν
878 2602 1024 2648 κεράων

334 2652 475 2687 ἔλθωσι
489 2652 626 2699 θύραζε
640 2678 648 2692 ,
674 2649 762 2699 Oi‘g‘z’
780 2647 901 2693 ῗτυμα
918 2654 1025 2697 κραί-

337 2714 460 2742 νουσι,
485 2702 633 2749 βροτῶν
657 2697 720 2734 ὅτε
735 2703 799 2734 κέν
815 2712 870 2741 τις
887 2701 1022 2743 ἴδηται.

337 2754 426 2791 Virg.
451 2755 534 2784 Aen.
562 2753 599 2791 6,
631 2751 704 2784 894.
734 2770 768 2774 --
797 2748 1025 2792 «Φάντασμα

337 2803 473 2839 nutem,
514 2802 641 2842 inmyo,
683 2809 772 2841 quae
804 2800 923 2840 rapide
956 2800 1026 2840 (fu-

1067 1474 1171 1515 meus)
1197 1475 1265 1506 exit
1290 1484 1331 1506 ex
1347 1474 1455 1507 altera
1474 1478 1549 1506 utra
1570 1477 1686 1516 porta,
1711 1485 1766 1507 se-

1069 1531 1151 1554 cum
1168 1524 1256 1555 ducit
1274 1523 1354 1555 illud
1370 1525 1549 1563 somnizmz,
1573 1524 1664 1565 quod
1684 1534 1763 1556 cum

1069 1573 1221 1604 maxime
1246 1573 1365 1604 ridere
1390 1573 1491 1606 nobis
1514 1574 1709 1605 videmiun»

1112 1621 1164 1653 42.
1192 1621 1244 1653 43.
1270 1623 1445 1662 Meliusne]
1470 1622 1672 1661 «Quomodo
1690 1624 1766 1654 tan-

1072 1671 1154 1702 dem
1180 1670 1308 1702 factum
1335 1673 1404 1710 est,
1430 1673 1468 1703 ut
1490 1673 1605 1703 melius
1630 1671 1765 1711 (iucun—

1071 1719 1158 1759 dius)
1185 1719 1340 1751 dementi
1370 1721 1453 1752 mihi
1476 1721 1655 1752 videretur
1679 1730 1762 1751 nare

1070 1777 1134 1809 per
1156 1768 1283 1799 fluctus
1315 1777 1421 1809 quam
1452 1779 1493 1801 ex
1524 1769 1641 1801 vernis
1666 1770 1764 1800 flori—

1071 1817 1138 1849 bus
1162 1817 1309 1849 corollas
1335 1820 1495 1856 nectere,
1523 1819 1556 1850 in
1581 1827 1649 1858 quo
1667 1821 1764 1858 grato

1072 1875 1178 1907 opere
1204 1869 1372 1907 occupata
1401 1875 1498 1898 eram
1511 1868 1548 1898 ἢ»
1580 1885 1614 1889 —
1641 1867 1764 1907 lonyos]

1072 1925 1114 1947 ex
1131 1916 1304 1947 Phoenice
1322 1916 1354 1946 in
1374 1916 1526 1947 Cretam.
1566 1916 1695 1947 Mosch.
1722 1918 1762 1954 Ξ),

1073 1965 1156 1997 1153:
1183 1962 1303 2006 τόσην
1327 1959 1401 1995 ἅλα
1422 1961 1703 2009 μετρήσασθαι.

1114 2014 1166 2045 45.
1194 2014 1230 2045 Si
1254 2014 1336 2055 quis]
1362 2014 1437 2045 Non
1468 2016 1521 2045 est
1544 2013 1762 2053 exclamatio,

1073 2065 1109 2094 ut
1143 2064 1176 2094 in
1223 2062 1340 2094 multis
1384 2062 1472 2094 Edd.
1520 2062 1762 2103 distinguitur:

1072 2113 1108 2143 Si
1122 2130 1140 2135 -—
1156 2130 1174 2135 -
1190 2130 1208 2135 -
1225 2113 1333 2143 iratae
1347 2113 1357 2143 l
1372 2137 1380 2149 ,
1417 2112 1481 2143 sed
1517 2109 1701 2156 πρότασις
1730 2121 1762 2143 V.

1072 2162 1190 2193 enitar.
1232 2180 1266 2183 -
1292 2161 1466 2200 infamem]
1497 2161 1765 2193 «detestandum

1072 2212 1216 2252 propter
1233 2210 1299 2241 hoc
1323 2210 1454 2250 ipsum,
1481 2210 1575 2250 quod
1592 2210 1765 2251 pudorem

1074 2260 1156 2291 mihi
1182 2261 1367 2299 erepturus
1392 2260 1480 2291 est.»

1117 2309 1169 2340 47.
1197 2309 1249 2341 48.
1276 2309 1402 2347 enitar]
1427 2308 1611 2340 «omnihus
1635 2307 1766 2340 viribus

1075 2357 1264 2389 conabor.»
1286 2375 1320 2379 —
1338 2358 1478 2388 mullum
1495 2358 1612 2397 amati]
1639 2358 1765 2389 «Cuius

1074 2408 1125 2439 ori
1149 2407 1254 2438 flores
1277 2407 1374 2446 virgo
1399 2406 1625 2444 admoverat,
1667 2407 1766 2437 cuius

1075 2464 1204 2488 cornua
1221 2456 1322 2487 sertis
1340 2456 1511 2493 cinxerat,
1531 2456 1628 2487 cuius
1645 2456 1767 2496 pecto—

1074 2515 1111 2537 ra
1147 2504 1310 2536 manibus
1345 2504 1541 2545 plauserat;
1587 2505 1636 2535 sic
1672 2505 1765 2535 enim

1075 2554 1250 2586 Ovidius.»
1286 2554 1500 2584 Toiinmrns.
1541 2569 1577 2575 —-
1612 2552 1766 2591 monstri]

1074 2603 1190 2635 Altera
1215 2602 1316 2634 lectio
1341 2603 1431 2633 tauri
1457 2604 1510 2633 est
1534 2610 1575 2633 ex
1600 2602 1703 2641 gloss.
1732 2602 1766 2632 et

1075 2662 1117 2684 ex
1140 2661 1172 2683 v.
1200 2652 1252 2683 72.

1117 2702 1244 2733 50-52.
1271 2700 1454 2739 [mpudens]
1471 2697 1646 2739 Κλίμακα
1661 2697 1764 2729 huius

1074 2749 1307 2792 repetitioniS,
1334 2757 1425 2789 quae
1449 2747 1581 2779 facilius
1603 2746 1762 2785 sentitur,

1075 2808 1179 2840 quani
1205 2798 1322 2830 verbis
1348 2798 1550 2838 exponitur,
1584 2797 1628 2826 ita
1654 2795 1764 2836 expli-
