1997 3219
522 319 756 362 Diiudicata
790 318 858 360 lito
890 318 1177 374 relinqueret,

1990 92 1997 112 k

1990 128 1997 145 A

293 217 373 256 382
803 217 969 248 UORATH
995 216 1216 248 ‹JAaMiNUM

1691 414 1702 437 )
1720 414 1730 437 )

577 400 771 442 Tendens
804 399 1061 441 Venafranos
1093 399 1134 440 in
1166 413 1291 454 agros

629 482 708 521 Aut
738 479 1124 522 Lacedaemonium
1161 480 1397 521 Tarentum.

381 586 432 618 54..
460 587 669 617 Disiudicata
691 597 713 628 γ
737 594 792 626 ap.
820 564 960 617 Kirchn,
987 594 1021 626 p.
1049 585 1100 617 36.
1131 604 1165 608 —
1192 586 1245 617 55.
1273 586 1427 626 uenasros
1451 587 1485 616 T.

339 680 390 709 55.
431 680 484 710 56.
529 679 749 720 Venafranos]
800 669 991 710 Venafrum
1044 680 1117 709 tum
1136 678 1324 710 serebatur.
1362 678 1482 715 OdssAE,
1502 679 1538 715 6,
1560 678 1609 708 tl.
1638 678 1735 709 Uter-

295 731 493 760 extremum
527 729 559 759 in
584 729 860 769 septentrionem
886 730 992 760 Cam-
1043 736 1112 768 que
1148 729 1265 759 autem
1300 729 1431 758 tractus
1466 727 1734 757 amoenissimus

295 778 418 818 paniae
435 777 615 818 oppidum.
636 796 669 799 —
684 777 990 818 Lacedaemonimn]
1016 764 1018 826 'l
1044 779 1129 808 erat.

294 830 317 858 A
346 826 534 859 Phalantho
565 827 842 859 Lacedaemonio
868 827 992 859 condi-
1016 834 1019 849 ⁵

757 1104 1246 1141 Exc'URSUS

922 1192 1106 1222 Antei&

382 1294 411 1322 et
435 1291 583 1330 etveinplo
616 1290 791 1331 trahentis]
828 1290 917 1321 Cum
953 1290 1008 1321 hic
1044 1289 1142 1322 loeus
1177 1298 1218 1321 ex
1255 1289 1509 1323 difficilioribus
1534 1292 1593 1328 sit,
1633 1290 1738 1321 etiam

297 1345 425 1386 Regelii
450 1348 484 1378 et
513 1345 770 1385 Dillenburgeri
795 1346 1102 1386 interpretationes
1126 1353 1304 1386 apponere
1328 1347 1434 1379 iuvat.
1462 1348 1595 1378 REGEL:
1625 1345 1739 1376 «Alias

298 1401 442 1442 quidem
479 1400 640 1442 exemplo
675 1401 779 1432 trahit
814 1401 1007 1441 perniciem
1032 1401 1080 1439 is,
1121 1402 1180 1441 qui
1204 1402 1372 1442 perniciei
1407 1404 1532 1434 auctor
1567 1404 1642 1438 est;
1684 1401 1739 1431 hie

298 1459 417 1488 autem
443 1455 705 1497 intelligendum
732 1465 810 1488 esse
835 1465 934 1493 eum,
974 1457 1032 1497 qui
1066 1459 1184 1488 mente
1219 1458 1412 1498 perniciem
1437 1456 1600 1498 exemplo
1627 1457 1739 1488 trahat

298 1513 344 1544 ad
378 1514 557 1554 posteros,
599 1513 682 1544 Satis
718 1511 874 1543 declarat
909 1513 1068 1552 opposita
1103 1513 1295 1551 sententia,
1343 1513 1380 1543 Si
1413 1522 1478 1543 non
1506 1513 1633 1552 ρονίνθί
1671 1514 1737 1542 cet.

300 1567 531 1599 Praevidebat
555 1567 723 1607 Regulus,
766 1568 793 1598 si
819 1567 1079 1598 redimerentur
1102 1568 1250 1608 captivi,
1291 1567 1452 1608 exemplo
1477 1567 1670 1608 perniciem
1696 1567 1739 1598 ad

299 1626 460 1664 posteros
497 1624 727 1663 propagatum
763 1623 825 1660 iri;
874 1624 947 1663 ipse
987 1623 1089 1663 igitur
1127 1623 1388 1663 quodammodo
1429 1623 1644 1664 propagabat
1683 1621 1740 1653 tali

299 1678 460 1720 exemplo
486 1678 679 1718 perniciem
715 1678 758 1709 ad
793 1679 972 1719 posteros,
1010 1687 1092 1709 cum
1127 1679 1257 1709 oritura
1283 1679 1363 1710 inde
1388 1678 1478 1710 mala
1503 1678 1737 1719 praediceret.

300 1736 404 1766 Recte
430 1734 640 1765 sententiam
666 1734 838 1774 expressit
861 1734 993 1764 Acron:
1032 1733 1086 1764 «in
1111 1733 1307 1765 futurorum
1331 1734 1525 1775 perniciem
1548 1742 1739 1774 processu-

300 1799 398 1827 rum,
439 1790 467 1821 si
500 1789 566 1820 tale
592 1788 830 1819 deduceretur
866 1788 937 1827 (Ed.
966 1789 1052 1819 Veu.
1081 1788 1184 1820 448⁴:
1222 1789 1408 1830 duceretur)
1444 1788 1644 1830 exemplum
1670 1790 1738 1820 Ro-

299 1845 411 1876 manis
438 1854 505 1875 non
530 1844 778 1885 pereuntibus,
806 1845 864 1884 qui
889 1845 964 1884 capi
990 1846 1186 1884 poterant.»
1234 1846 1506 1876 DILLENBURGER:
1546 1845 1656 1876 «Vera
1682 1845 1739 1875 est

301 1899 410 1931 Codd.
429 1900 620 1939 scriptura2
648 1900 869 1939 participium
894 1901 1012 1930 tamen
1037 1900 1194 1931 trahentis
1219 1908 1286 1931 non
1306 1902 1378 1931 est:
1406 1901 1461 1939 (μιί
1477 1899 1646 1938 trahebat,
1673 1899 1738 1931 sed

300 1956 357 1994 qui
380 1955 534 1986 traheret.
583 1953 731 1994 Regulus
767 1955 876 1992 enim,
915 1955 942 1986 si
977 1955 1101 1995 captivi
1130 1956 1167 1986 ut
1191 1954 1450 1986 redimerentur
1478 1956 1671 1991 suasisset,
1713 1955 1741 1985 si

302 2011 585 2051 obtemperasset
620 2011 816 2041 amicorum
851 2019 891 2040 ac
927 2011 1031 2041 totius
1057 2010 1128 2041 sere
1155 2010 1301 2041 civitatis
1326 2010 1510 2051 precihus,
1548 2010 1740 2051 perniciem

303 2068 376 2107 ipse
401 2074 464 2097 suo
489 2064 650 2105 exemplo
675 2066 708 2096 in
734 2065 885 2096 suturam
910 2066 1063 2096 aetatem
1079 2065 1264 2104 traxisset,
1291 2065 1334 2096 ad
1352 2066 1525 2106 ignaviam
1543 2066 1738 2097 evocasset.

304 2122 425 2162 Incipit
450 2122 550 2160 igitur
573 2130 591 2151 a
616 2130 670 2152 vv.
704 2124 732 2152 et
762 2121 911 2160 evemplo
940 2121 1098 2152 trahentis
1129 2121 1355 2162 hypothetica
1382 2130 1488 2161 quam
1513 2121 1633 2153 dicunt
1657 2129 1741 2152 sen-

303 2177 430 2214 tentia,
458 2185 573 2216 neque
598 2175 631 2207 id
657 2178 775 2207 movet
799 2175 1058 2214 difficultatem,
1086 2176 1179 2216 quod
1206 2175 1355 2207 alterum
1372 2177 1593 2216 participium
1619 2177 1742 2207 dissen-

303 2233 410 2263 tientis
444 2234 497 2263 est
531 2241 594 2272 pro
632 2244 646 2259 «
660 2232 717 2271 qui
742 2231 1016 2270 dissentiebat»,
1056 2231 1160 2262 modo
1186 2232 1431 2270 recordemur,
1474 2232 1505 2262 in
1533 2230 1586 2262 illo
1612 2240 1740 2271 genere

304 2287 564 2318 enuntiatorum
599 2287 807 2317 coniunctivi
844 2287 937 2318 modi
974 2286 1090 2318 locum
1126 2286 1170 2317 ab
1206 2286 1392 2318 indicativo
1422 2295 1528 2327 saepo
1561 2287 1737 2327 occupari.

305 2343 411 2374 Cuius
447 2343 494 2373 rei
532 2340 691 2382 exempla
727 2342 810 2372 satis
846 2343 1020 2382 congessit
1052 2343 1178 2382 Zumpt
1206 2343 1279 2373 Lat.
1308 2344 1365 2373 Gr.
1393 2341 1423 2382 ἓ.
1450 2342 1548 2373 519.»
1607 2343 1742 2382 (Fateor

305 2401 440 2434 tamen,
469 2398 557 2428 lianc
582 2397 904 2437 interpretationem
929 2398 1030 2428 nimis
1055 2397 1280 2429 artificiosam
1304 2397 1388 2429 milii
1414 2397 1548 2436 videri.)
