1997 3219
792 193 868 224 [ΑΒ.
897 193 950 224 ΙΙΙ.
1000 194 1036 223 (Σ.
1068 192 1103 222 V.

1579 192 1660 231 :37ss

506 295 547 335 Si
583 301 742 350 pugnat
773 295 972 338 extricata
1005 295 1150 338 densis

557 375 692 417 Cerva
724 374 880 432 plagis,
914 377 993 418 erit
1024 376 1090 418 ilie
1123 376 1264 422 sortis,

442 480 521 530 Qui
553 480 726 535 perfidis
759 495 805 523 se
847 481 1028 523 credidit
1056 481 1270 524 hostibus,

443 562 488 602 Et
519 561 647 603 Marte
686 563 851 603 Poenos
882 569 1070 617 proteret
1100 561 1251 608 altero,

502 642 581 691 Qui
613 641 701 683 lora
732 642 935 684 restrictis
967 641 1134 684 lacertis
1606 644 1657 682 :355

553 722 694 764 Sensit
725 722 837 764 iners
870 722 1090 778 timuitque
1124 729 1313 764 mortem.

444 826 538 869 liic.
572 825 685 868 unde
716 827 843 868 vitam
877 833 1066 869 sumeret
1099 827 1279 869 inscius.

303 957 363 986 Vv.
392 956 426 987 31
446 956 542 988 -34,
570 958 603 987 in
629 958 651 988 B
677 957 815 988 desunt.
838 975 872 979 —
892 956 944 988 33.
966 957 1086 988 dedidit
1109 956 1284 989 Bentleius
1301 958 1390 989 coni.
1415 976 1449 980 -
1469 957 1615 998 34.p1·o—

259 1006 333 1037 teri!
358 1006 392 1037 T.
423 1025 457 1028 —
484 1006 536 1037 36.
564 1006 615 1037 37.
643 1009 779 1038 mortem
807 1006 912 1045 Hinc,
948 1007 1034 1038 uncle
1060 1008 1164 1038 vitam
1192 1011 1332 1039 sumeret
1366 1008 1476 1047 aptius
1508 1009 1614 1040 Bent-

258 1053 362 1086 ieius:
398 1055 480 1086 Hinc
512 1056 621 1093 coni,
658 1056 768 1095 aptius
797 1064 878 1086 cum
906 1054 1034 1097 βκλμχ
1066 1058 1101 1087 et
1123 1065 1196 1088 var.
1223 1055 1302 1088 lect.
1329 1067 1374 1088 ιω
1408 1057 1502 1097 (item
1535 1059 1615 1089 Pot—

259 1104 346 1134 tierii
373 1105 407 1142 ⁴,
439 1104 476 1142 4,
504 1106 543 1142 5
570 1105 607 1143 6,
636 1105 691 1142 ΗΔ,
721 1105 778 1143 46,
806 1106 885 1145 471).
911 1106 977 1137 Mei
1001 1105 1170 1137 BbSTcd:
1197 1106 1256 1137 Hic
1278 1124 1297 1129 -
1320 1125 1338 1129 -
1361 1107 1504 1140 inscius:
1534 1108 1567 1139 in
1592 1108 1613 1137 S

257 1153 494 1194 adscriptum:
524 1153 585 1185 «ai.
612 1155 763 1194 aptius»;
791 1153 872 1185 nihil
897 1154 941 1186 de
966 1155 1033 1186 hoe
1058 1154 1164 1186 dubio
1189 1154 1266 1187 loco
1292 1156 1477 1196 Cruquius,

213 1273 270 1312 qui
302 1273 447 1312 propter
475 1272 648 1312 ignaviam
673 1270 783 1303 semel
808 1271 909 1303 dete-

213 1322 323 1353 riores
348 1323 430 1352 sunt
454 1321 567 1352 facti.»
596 1339 631 1343 —
665 1321 784 1361 Curat]
813 1330 908 1353 «non

214 1370 303 1408 volt,
338 1379 454 1410 neque
478 1371 609 1411 potest,
641 1371 721 1410 quia
745 1371 908 1411 pristinas

214 1428 296 1451 suas
320 1420 412 1451 vires
437 1419 588 1451 amisit.»
636 1418 750 1459 N'irgil.
779 1421 839 1451 Ge.
868 1421 906 1458 ⁴,

213 1469 253 1501 39
270 1479 276 1500 2
302 1470 369 1501 Nec
385 1469 523 1508 repetita
533 1470 622 1508 sequi
639 1473 730 1501 curet
743 1470 910 1509 Proserpi—

212 1528 257 1550 na
280 1522 432 1549 matrem.
459 1536 494 1540 —
514 1518 738 1559 deterioribus]
757 1518 906 1551 dativus.

214 1568 421 1599 «Decet-iores
444 1567 531 1598 fiunt
561 1576 602 1598 ex
627 1567 749 1606 bonis,
782 1569 910 1607 peiores

212 1626 253 1648 ex
280 1616 414 1649 malis.»
440 1617 560 1648 Senon.
608 1618 714 1648 Recte
738 1618 905 1649 Vossius:

211 1668 255 1698 So
277 1667 391 1697 wahre
410 1666 555 1707 Tayend,
579 1667 678 1697 ward
693 1667 739 1698 sie
754 1667 909 1707 aesalscht

211 1716 347 1753 einmal,
387 1716 448 1746 Nie
475 1716 566 1746 sucht
593 1716 637 1747 sie
659 1716 832 1747 Heimkehr
866 1725 909 1747 zu

211 1765 271 1795 den.
291 1765 493 1796 Entarteten.
521 1765 746 1796 Daret-toribus
768 1773 832 1806 pro
848 1765 910 1796 ab·

211 1813 316 1845 latix-0
340 1823 418 1854 gen.
445 1816 560 1845 neutr.
586 1814 721 1854 (udat-ch
747 1815 910 1855 Ger-inqe-

210 1864 297 1903 res»)
308 1863 472 1904 explicari
483 1863 575 1895 nullo
586 1865 688 1905 pacto
698 1866 813 1905 potest
825 1872 907 1896 cum

212 1912 384 1944 Liibkero.
423 1913 543 1952 Reponi
567 1915 685 1944 autem
712 1914 905 1952 «renovari,

213 1962 369 2001 pensari,
397 1962 550 1993 restitui»
568 1987 574 1994 .
601 1964 638 1993 ut
654 1961 753 1994 Silius
770 1963 800 2000 5,
819 1962 882 1993 533
899 1972 905 1992 :

211 2013 337 2040 cessata
373 2020 530 2049 reponere
567 2011 706 2042 avebant
751 2011 907 2050 Tempora

213 2060 311 2090 caede
326 2060 436 2090 viram
452 2069 492 2091 ac
509 2060 608 2090 mullo
622 2068 762 2099 pensare
777 2068 906 2091 eruore.

255 2108 289 2139 34
302 2133 306 2138 .
319 2109 371 2139 32.
387 2110 479 2140 «Non
492 2109 601 2148 magis
610 2117 712 2140 cerva
725 2108 811 2140 felici
823 2117 907 2140 casu

212 2166 230 2188 o
249 2157 382 2189 retibus
408 2158 568 2199 expedita
598 2158 747 2198 fugaque
770 2159 907 2189 servata

213 2208 334 2247 postea
352 2207 552 2247 aggreditur
565 2209 782 2246 venatorem,
801 2215 907 2247 quam

212 2256 308 2288 sortis
332 2264 487 2296 unquam
512 2257 575 2287 erit
601 2256 672 2294 ille,
714 2257 772 2296 qui
797 2254 908 2288 semel

212 2304 372 2336 hostibus
394 2314 473 2337 sese
492 2305 663 2343 dedidit;»
688 2305 742 2337 vei
761 2305 908 2337 inversis

213 2353 400 2386 membris:
427 2355 506 2394 «qui
524 2354 633 2386 semel
653 2357 777 2395 captus
794 2356 859 2392 est,
880 2354 907 2386 is

213 2412 281 2434 non
294 2404 403 2443 inagis
415 2402 603 2435 bellicosus
614 2405 679 2436 erit
689 2413 794 2445 quam
805 2413 907 2435 cerva

213 2454 302 2483 cetu
329 2470 362 2474 —--
387 2453 507 2493 μιαρᾶς]
531 2454 694 2494 uProprie
714 2454 836 2494 plassae
860 2452 909 2484 su—

212 2510 286 2538 nes,
302 2501 430 2542 quibus
445 2502 529 2533 retia
545 2502 768 2534 tenduntur.»
784 2503 904 2533 Senon.

255 2550 307 2581 33.
333 2560 366 2581 se
385 2551 532 2591 credidit]
559 2551 703 2591 Egregie
721 2552 909 2592 opponitur

213 2608 243 2629 v.
266 2600 424 2640 perfidis,
451 2601 487 2630 ut
511 2599 572 2630 Od.
601 2600 636 2635 3,
662 2600 723 2638 27,
742 2601 799 2632 25:
837 2602 908 2632 Eu-

212 2657 290 2687 rope
324 2649 453 2680 niveum
483 2648 592 2679 doloso
627 2649 771 2680 Credidit
808 2652 907 2680 tauro

212 2697 308 2728 catus.
337 2699 407 2729 Cic.
427 2698 469 2729 asi
489 2698 581 2728 Fani.
603 2697 640 2735 li,
667 2699 705 2734 7,
725 2698 766 2729 3:
794 2708 907 2738 quem-

214 2747 391 2777 admodum
408 2756 465 2777 nos
479 2773 483 2781 ‚
504 2747 618 2777 rit-lori
635 2756 666 2778 se
682 2748 904 2783 erediderunt.

959 1271 992 1303 id
1019 1274 1090 1310 est,
1130 1271 1279 1304 «nullam
1304 1274 1446 1305 omnino
1477 1274 1656 1305 condicio-

959 1329 1042 1352 nem
1086 1322 1197 1362 pacti⁷
1249 1321 1394 1354 arbitrio
1435 1332 1472 1355 se
1512 1324 1655 1355 victoris

959 1371 1252 1408 commiserunt»;
1294 1380 1363 1412 quo
1400 1373 1477 1412 ipso
1506 1382 1539 1403 v.
1570 1381 1655 1404 usus

959 1421 1013 1451 est
1037 1420 1169 1452 Caesar
1192 1421 1228 1451 B.
1249 1420 1287 1452 C.
1316 1421 1328 1451 4
1348 1446 1354 1460 ,
1381 1420 1445 1453 74:
1474 1422 1656 1462 imperato-

957 1469 1006 1500 ris
1031 1470 1130 1510 fidem
1161 1473 1348 1509 quaerunt,
1388 1474 1514 1503 rectene
1543 1481 1576 1503 se
1608 1472 1655 1503 illi

958 1519 1022 1549 sint
1059 1519 1276 1551 covmnissurt.
1348 1520 1493 1552 Bentleii
1536 1522 1655 1553 dedidit

959 1576 1086 1609 prosae
1112 1568 1201 1600 foret
1224 1569 1403 1601 orationis.

1001 1617 1117 1649 34-36.
1136 1618 1426 1659 Marte--altemJ
1445 1619 1507 1651 «Et
1523 1620 1555 1651 in
1573 1619 1656 1651 alte-

958 1675 1035 1698 ram
1052 1666 1312 1707 expeditionem
1328 1667 1473 1708 profecti
1497 1670 1656 1709 proster—

958 1717 1054 1754 nent,
1073 1715 1302 1748 debellabunt
1317 1718 1489 1749 Poenos.»
1514 1736 1549 1740 —
1569 1718 1653 1759 lora]

959 1765 1052 1797 iliad.
1071 1776 1120 1804 cp,
1146 1766 1205 1797 30:
1233 1763 1334 1808 Δῆσε
1355 1764 1385 1797 δ’
1403 1762 1552 1798 ὀπίσσω
1577 1771 1655 1805 χεῖ-

958 1825 1027 1860 ρας
1049 1812 1295 1856 ἐϋτμήτοισιν
1319 1814 1465 1857 ἱμᾶσιν.
1494 1835 1529 1839 -
1556 1818 1653 1857 iners]

959 1864 1083 1896 salust.
1109 1866 1180 1904 lug.
1209 1864 1266 1897 44:
1304 1866 1468 1897 exercitus
1482 1884 1500 1889 -
1516 1884 1534 1889 -
1551 1867 1652 1901 iners.

958 1914 1102 1945 imbellis
1130 1914 1202 1945 lam
1220 1915 1371 1946 Naevius
1387 1914 1469 1946 Bell.
1487 1916 1604 1947 Punic.
1623 1917 1651 1947 i⁴

958 1963 1051 2004 apud
1076 1963 1230 1995 Mac-roh.
1257 1964 1326 1995 Sat.
1353 1964 1390 2002 6,
1418 1965 1454 1995 5:
1482 1965 1655 1996 Silvia-eloe

957 2012 1107 2043 homones
1129 2013 1290 2052 duellique
1314 2013 1442 2044 inertes.

1002 2061 1054 2092 37.
1081 2060 1133 2092 38.
1162 2061 1238 2102 Hic]
1263 2070 1345 2093 cum
1366 2062 1651 2102 indignationem

958 2111 1160 2150 contemptu
1193 2109 1236 2141 de
1268 2110 1433 2142 omnibus
1465 2111 1650 2148 militibus,

958 2159 1016 2200 qui
1035 2159 1078 2190 ita
1097 2168 1134 2190 se
1152 2159 1243 2191 hosti
1266 2159 1502 2190 tradiderunt:
1531 2162 1653 2201 «Igna-

958 2216 1022 2239 vus
1047 2207 1141 2239 idem
1166 2208 1228 2239 iste
1255 2209 1357 2240 nimis
1382 2209 1521 2248 ignarus
1545 2210 1651 2241 vitan]

959 2259 1092 2288 tantum
1123 2257 1255 2288 sortiter
1285 2258 1473 2298 pugnando
1498 2260 1649 2294 servari,

958 2307 1033 2346 ipse
1056 2315 1120 2346 pro
1143 2316 1181 2338 se
1206 2307 1237 2337 in
1261 2307 1350 2338 iusto
1375 2307 1465 2350 bello
1487 2316 1504 2338 a
1525 2307 1652 2348 populo

959 2355 1115 2386 Romano
1150 2357 1316 2396 suscepto
1350 2365 1473 2396 paoem
1505 2366 1652 2397 compo—

958 2404 1047 2443 suit,
1079 2413 1169 2445 quae
1195 2406 1313 2436 tamen
1339 2404 1392 2436 lex
1418 2405 1477 2436 suit
1501 2406 1652 2436 servitu-

959 2453 1036 2484 tis.»
1069 2455 1194 2486 Pacem
1211 2456 1329 2485 autem
1348 2463 1428 2485 cum
1447 2455 1545 2485 hoste
1566 2454 1650 2485 inire

960 2511 1026 2533 non
1055 2511 1145 2534 unus
1173 2502 1297 2543 aliquis
1324 2505 1459 2544 poterat
1484 2504 1648 2543 privatus.

958 2551 1020 2583 sed
1053 2551 1234 2583 dumtaxat
1258 2554 1290 2583 S.
1325 2554 1356 2583 P.
1390 2553 1428 2590 Q.
1460 2553 1521 2583 R:
1563 2561 1651 2592 qua-

957 2603 1101 2641 propter
1125 2600 1198 2639 ine,
1225 2603 1395 2641 quantum
1421 2602 1452 2632 in
1478 2601 1552 2641 ipso
1577 2602 1648 2639 suit,

958 2650 1073 2691 popuii
1104 2652 1247 2682 Romani
1278 2652 1497 2682 maiestatem
1529 2651 1649 2682 minuit

957 2708 997 2729 ao
1022 2699 1211 2740 perduellis
1237 2709 1364 2731 nornen
1390 2701 1462 2730 iure
1481 2702 1646 2730 meretur.

961 2764 995 2770 —
1012 2748 1142 2789 inscius]
1161 2750 1207 2780 Ex
1227 2758 1321 2780 mera
1341 2750 1530 2788 ignorantia
1545 2758 1648 2780 vera«-
