<?xml version="1.0" encoding="UTF-8"?>
<!DOCTYPE html PUBLIC "-//W3C//DTD XHTML 1.0 Transitional//EN"
    "http://www.w3.org/TR/xhtml1/DTD/xhtml1-transitional.dtd">
<html xmlns="http://www.w3.org/1999/xhtml" xml:lang="en" lang="en">
 <head>
  <title>
</title>
<meta http-equiv="Content-Type" content="text/html;charset=utf-8" />
  <meta name='ocr-system' content='tesseract 3.04.00' />
  <meta name='ocr-capabilities' content='ocr_page ocr_carea ocr_par ocr_line ocrx_word'/>
</head>
<body>
  <div class='ocr_page' id='page_1' title='image "./qhoratiusflaccus01horauoft/qhoratiusflaccus01horauoft_0333.png"; bbox 0 0 1997 3219; ppageno 0'>
   <div class='ocr_carea' id='block_1_1' title="bbox 683 189 825 220">
    <p class='ocr_par' dir='ltr' id='par_1_1' title="bbox 683 189 825 220">
     <span class='ocr_line' id='line_1_1' title="bbox 683 189 825 220; baseline -0.007 0"><span class='ocrx_word' id='word_1_1' title='bbox 683 189 758 220; x_wconf 68' lang='lat' dir='ltr'>Lm.</span> <span class='ocrx_word' id='word_1_2' title='bbox 788 189 825 219; x_wconf 81' lang='lat'>11.</span> 
     </span>
    </p>
   </div>
   <div class='ocr_carea' id='block_1_2' title="bbox 874 187 1020 219">
    <p class='ocr_par' dir='ltr' id='par_1_2' title="bbox 874 187 1020 219">
     <span class='ocr_line' id='line_1_2' title="bbox 874 187 1020 219; baseline -0.007 0"><span class='ocrx_word' id='word_1_3' title='bbox 874 190 910 219; x_wconf 73' lang='grc' dir='ltr'>(Σ.</span> <span class='ocrx_word' id='word_1_4' title='bbox 938 187 1020 219; x_wconf 75' lang='lat' dir='ltr'>Xlll.</span> 
     </span>
    </p>
   </div>
   <div class='ocr_carea' id='block_1_3' title="bbox 516 287 1207 346">
    <p class='ocr_par' dir='ltr' id='par_1_3' title="bbox 516 287 1207 346">
     <span class='ocr_line' id='line_1_3' title="bbox 516 287 1207 346; baseline -0.006 -13"><span class='ocrx_word' id='word_1_5' title='bbox 516 292 557 333; x_wconf 91' lang='lat' dir='ltr'>ln</span> <span class='ocrx_word' id='word_1_6' title='bbox 590 291 748 333; x_wconf 82' lang='lat' dir='ltr'>domini</span> <span class='ocrx_word' id='word_1_7' title='bbox 780 297 906 346; x_wconf 84' lang='lat' dir='ltr'>caput</span> <span class='ocrx_word' id='word_1_8' title='bbox 937 287 1207 331; x_wconf 79' lang='lat' dir='ltr'><strong>immerentis.</strong></span> 
     </span>
    </p>
   </div>
   <div class='ocr_carea' id='block_1_4' title="bbox 401 390 1445 452">
    <p class='ocr_par' dir='ltr' id='par_1_4' title="bbox 401 390 1445 452">
     <span class='ocr_line' id='line_1_4' title="bbox 401 390 1445 452; baseline -0.007 -14"><span class='ocrx_word' id='word_1_9' title='bbox 401 395 511 447; x_wconf 84' lang='lat' dir='ltr'>Quid</span> <span class='ocrx_word' id='word_1_10' title='bbox 543 396 726 452; x_wconf 87' lang='lat' dir='ltr'>quisquc</span> <span class='ocrx_word' id='word_1_11' title='bbox 756 395 876 439; x_wconf 79' lang='lat' dir='ltr'>vitet,</span> <span class='ocrx_word' id='word_1_12' title='bbox 911 393 1126 451; x_wconf 84' lang='lat' dir='ltr'>nunquam</span> <span class='ocrx_word' id='word_1_13' title='bbox 1156 391 1312 434; x_wconf 85' lang='lat' dir='ltr'>homini</span> <span class='ocrx_word' id='word_1_14' title='bbox 1344 390 1445 433; x_wconf 88' lang='lat' dir='ltr'>satis</span> 
     </span>
    </p>
   </div>
   <div class='ocr_carea' id='block_1_5' title="bbox 401 474 1365 529">
    <p class='ocr_par' dir='ltr' id='par_1_5' title="bbox 401 474 1365 529">
     <span class='ocr_line' id='line_1_5' title="bbox 401 474 1365 529; baseline -0.005 -12"><span class='ocrx_word' id='word_1_15' title='bbox 401 476 579 518; x_wconf 84' lang='lat' dir='ltr'>Cautum</span> <span class='ocrx_word' id='word_1_16' title='bbox 612 484 676 518; x_wconf 78' lang='lat' dir='ltr'>est</span> <span class='ocrx_word' id='word_1_17' title='bbox 707 476 747 516; x_wconf 88' lang='lat' dir='ltr'>in</span> <span class='ocrx_word' id='word_1_18' title='bbox 778 475 924 517; x_wconf 84' lang='lat' dir='ltr'>horas:</span> <span class='ocrx_word' id='word_1_19' title='bbox 958 474 1097 516; x_wconf 74' lang='lat' dir='ltr'>navita</span> <span class='ocrx_word' id='word_1_20' title='bbox 1126 475 1365 529; x_wconf 74' lang='lat' dir='ltr'>Bosporum</span> 
     </span>
    </p>
   </div>
   <div class='ocr_carea' id='block_1_6' title="bbox 456 549 1610 612">
    <p class='ocr_par' dir='ltr' id='par_1_6' title="bbox 456 549 1610 612">
     <span class='ocr_line' id='line_1_6' title="bbox 456 549 1610 612; baseline -0.008 -14"><span class='ocrx_word' id='word_1_21' title='bbox 456 558 624 598; x_wconf 75' lang='lat' dir='ltr'>Poenus</span> <span class='ocrx_word' id='word_1_22' title='bbox 657 555 944 612; x_wconf 78' lang='lat' dir='ltr'>perhorrescit</span> <span class='ocrx_word' id='word_1_23' title='bbox 974 568 1114 610; x_wconf 84' lang='lat' dir='ltr'>neque</span> <span class='ocrx_word' id='word_1_24' title='bbox 1145 552 1253 595; x_wconf 86' lang='lat' dir='ltr'>ultra</span> <span class='ocrx_word' id='word_1_25' title='bbox 1559 549 1610 590; x_wconf 68' lang='lat' dir='ltr'>‘lo</span> 
     </span>
    </p>
   </div>
   <div class='ocr_carea' id='block_1_7' title="bbox 518 634 1131 681">
    <p class='ocr_par' dir='ltr' id='par_1_7' title="bbox 518 634 1131 681">
     <span class='ocr_line' id='line_1_7' title="bbox 518 634 1131 681; baseline -0.005 -3"><span class='ocrx_word' id='word_1_26' title='bbox 518 636 654 678; x_wconf 77' lang='lat' dir='ltr'>Caeca</span> <span class='ocrx_word' id='word_1_27' title='bbox 687 636 801 678; x_wconf 86' lang='lat' dir='ltr'>timet</span> <span class='ocrx_word' id='word_1_28' title='bbox 831 634 1000 677; x_wconf 77' lang='lat' dir='ltr'>aliunde</span> <span class='ocrx_word' id='word_1_29' title='bbox 1032 634 1131 681; x_wconf 79' lang='lat' dir='ltr'>sata,</span> 
     </span>
    </p>
   </div>
   <div class='ocr_carea' id='block_1_8' title="bbox 405 739 1183 795">
    <p class='ocr_par' dir='ltr' id='par_1_8' title="bbox 405 739 1183 795">
     <span class='ocr_line' id='line_1_8' title="bbox 405 739 1183 795; baseline -0.003 -14"><span class='ocrx_word' id='word_1_30' title='bbox 405 740 521 782; x_wconf 83' lang='lat' dir='ltr'>Miles</span> <span class='ocrx_word' id='word_1_31' title='bbox 553 740 724 795; x_wconf 77' lang='lat' dir='ltr'>sagittas</span> <span class='ocrx_word' id='word_1_32' title='bbox 756 748 797 782; x_wconf 86' lang='lat' dir='ltr'>et</span> <span class='ocrx_word' id='word_1_33' title='bbox 827 739 1011 782; x_wconf 87' lang='lat' dir='ltr'>celerem</span> <span class='ocrx_word' id='word_1_34' title='bbox 1042 739 1183 795; x_wconf 78' lang='lat' dir='ltr'>fugam</span> 
     </span>
    </p>
   </div>
   <div class='ocr_carea' id='block_1_9' title="bbox 404 817 1234 867">
    <p class='ocr_par' dir='ltr' id='par_1_9' title="bbox 404 817 1234 867">
     <span class='ocr_line' id='line_1_9' title="bbox 404 817 1234 867; baseline -0.004 -5"><span class='ocrx_word' id='word_1_35' title='bbox 404 819 569 867; x_wconf 75' lang='lat' dir='ltr'>Parthi,</span> <span class='ocrx_word' id='word_1_36' title='bbox 602 827 773 862; x_wconf 85' lang='lat' dir='ltr'>catenas</span> <span class='ocrx_word' id='word_1_37' title='bbox 805 818 982 861; x_wconf 86' lang='lat' dir='ltr'>Parthus</span> <span class='ocrx_word' id='word_1_38' title='bbox 1014 825 1056 860; x_wconf 82' lang='lat' dir='ltr'>et</span> <span class='ocrx_word' id='word_1_39' title='bbox 1085 817 1234 860; x_wconf 89' lang='lat' dir='ltr'>Italum</span> 
     </span>
    </p>
   </div>
   <div class='ocr_carea' id='block_1_10' title="bbox 459 898 1094 955">
    <p class='ocr_par' dir='ltr' id='par_1_10' title="bbox 459 898 1094 955">
     <span class='ocr_line' id='line_1_10' title="bbox 459 898 1094 955; baseline -0.005 -13"><span class='ocrx_word' id='word_1_40' title='bbox 459 899 622 948; x_wconf 77' lang='lat' dir='ltr'>Robur3</span> <span class='ocrx_word' id='word_1_41' title='bbox 657 899 734 942; x_wconf 89' lang='lat' dir='ltr'>sed</span> <span class='ocrx_word' id='word_1_42' title='bbox 764 899 995 955; x_wconf 87' lang='lat' dir='ltr'>improvisa</span> <span class='ocrx_word' id='word_1_43' title='bbox 1025 898 1094 941; x_wconf 89' lang='lat' dir='ltr'>leti</span> 
     </span>
    </p>
   </div>
   <div class='ocr_carea' id='block_1_11' title="bbox 271 1010 1021 1052">
    <p class='ocr_par' dir='ltr' id='par_1_11' title="bbox 271 1010 1021 1052">
     <span class='ocr_line' id='line_1_11' title="bbox 271 1010 1021 1052; baseline -0.004 -7"><span class='ocrx_word' id='word_1_44' title='bbox 271 1015 319 1045; x_wconf 75' lang='lat'>¹7.</span> <span class='ocrx_word' id='word_1_45' title='bbox 346 1012 491 1052; x_wconf 79' lang='lat' dir='ltr'>celerem]</span> <span class='ocrx_word' id='word_1_46' title='bbox 517 1012 667 1043; x_wconf 76' lang='lat' dir='ltr'>reducem</span> <span class='ocrx_word' id='word_1_47' title='bbox 691 1010 833 1042; x_wconf 80' lang='lat' dir='ltr'>Bentleii</span> <span class='ocrx_word' id='word_1_48' title='bbox 858 1011 1021 1052; x_wconf 84' lang='lat' dir='ltr'>suspicio.</span> 
     </span>
    </p>
   </div>
   <div class='ocr_carea' id='block_1_12' title="bbox 177 1106 879 2772">
    <p class='ocr_par' dir='ltr' id='par_1_12' title="bbox 177 1106 874 1593">
     <span class='ocr_line' id='line_1_12' title="bbox 179 1106 872 1155; baseline -0.004 -13"><span class='ocrx_word' id='word_1_49' title='bbox 179 1111 296 1155; x_wconf 68' lang='grc' dir='ltr'>ανήρ,</span> <span class='ocrx_word' id='word_1_50' title='bbox 322 1108 502 1149; x_wconf 74' lang='grc' dir='ltr'><strong><em>Σιδώνιος</em></strong></span> <span class='ocrx_word' id='word_1_51' title='bbox 523 1106 707 1150; x_wconf 79' lang='grc' dir='ltr'><strong><em>κάπηλος.</em></strong></span> <span class='ocrx_word' id='word_1_52' title='bbox 729 1127 764 1131; x_wconf 96' lang='grc'><strong>-</strong></span> <span class='ocrx_word' id='word_1_53' title='bbox 789 1109 872 1140; x_wconf 90' lang='lat' dir='ltr'>Bos-</span> 
     </span>
     <span class='ocr_line' id='line_1_13' title="bbox 177 1154 872 1201; baseline -0.004 -9"><span class='ocrx_word' id='word_1_54' title='bbox 177 1161 306 1201; x_wconf 78' lang='lat' dir='ltr'>porum]</span> <span class='ocrx_word' id='word_1_55' title='bbox 332 1160 516 1191; x_wconf 79' lang='lat' dir='ltr'>Thracium</span> <span class='ocrx_word' id='word_1_56' title='bbox 542 1159 638 1189; x_wconf 85' lang='lat' dir='ltr'><strong>Ponti</strong></span> <span class='ocrx_word' id='word_1_57' title='bbox 663 1159 802 1197; x_wconf 81' lang='lat' dir='ltr'>fretum,</span> <span class='ocrx_word' id='word_1_58' title='bbox 828 1154 872 1189; x_wconf 84' lang='grc' dir='ltr'>τὸ</span> 
     </span>
     <span class='ocr_line' id='line_1_14' title="bbox 180 1205 873 1250; baseline -0.004 -10"><span class='ocrx_word' id='word_1_59' title='bbox 180 1205 435 1250; x_wconf 69' lang='grc' dir='ltr'>Βυζαντιακὸν</span> <span class='ocrx_word' id='word_1_60' title='bbox 451 1205 578 1248; x_wconf 80' lang='grc' dir='ltr'><em>στόμα</em></span> <span class='ocrx_word' id='word_1_61' title='bbox 592 1230 600 1243; x_wconf 83' lang='grc'>,</span> <span class='ocrx_word' id='word_1_62' title='bbox 625 1206 745 1247; x_wconf 81' lang='lat' dir='ltr'>rapido</span> <span class='ocrx_word' id='word_1_63' title='bbox 763 1215 873 1247; x_wconf 86' lang='lat' dir='ltr'>aqua-</span> 
     </span>
     <span class='ocr_line' id='line_1_15' title="bbox 181 1254 869 1297; baseline -0.006 -7"><span class='ocrx_word' id='word_1_64' title='bbox 181 1268 258 1290; x_wconf 86' lang='lat' dir='ltr'>rum</span> <span class='ocrx_word' id='word_1_65' title='bbox 299 1266 404 1289; x_wconf 78' lang='lat' dir='ltr'>cursu</span> <span class='ocrx_word' id='word_1_66' title='bbox 443 1259 477 1288; x_wconf 76' lang='lat' dir='ltr'>ct</span> <span class='ocrx_word' id='word_1_67' title='bbox 521 1254 681 1297; x_wconf 85' lang='lat' dir='ltr'>procellis</span> <span class='ocrx_word' id='word_1_68' title='bbox 730 1255 869 1286; x_wconf 78' lang='lat' dir='ltr'><strong>infame.</strong></span> 
     </span>
     <span class='ocr_line' id='line_1_16' title="bbox 181 1305 874 1344; baseline -0.006 -5"><span class='ocrx_word' id='word_1_69' title='bbox 181 1308 242 1339; x_wconf 70' lang='lat' dir='ltr'>od.</span> <span class='ocrx_word' id='word_1_70' title='bbox 269 1308 308 1344; x_wconf 75' lang='lat'>23,</span> <span class='ocrx_word' id='word_1_71' title='bbox 336 1306 376 1341; x_wconf 71' lang='lat'>4,</span> <span class='ocrx_word' id='word_1_72' title='bbox 403 1306 466 1337; x_wconf 85' lang='lat'>30:</span> <span class='ocrx_word' id='word_1_73' title='bbox 507 1305 724 1336; x_wconf 75' lang='lat' dir='ltr'>Insanienlem</span> <span class='ocrx_word' id='word_1_74' title='bbox 758 1305 874 1335; x_wconf 78' lang='lat' dir='ltr'>navita</span> 
     </span>
     <span class='ocr_line' id='line_1_17' title="bbox 180 1353 874 1396; baseline -0.006 -8"><span class='ocrx_word' id='word_1_75' title='bbox 180 1358 363 1396; x_wconf 74' lang='lat' dir='ltr'>Bosporum</span> <span class='ocrx_word' id='word_1_76' title='bbox 390 1355 538 1386; x_wconf 78' lang='lat' dir='ltr'>Tentabo.</span> <span class='ocrx_word' id='word_1_77' title='bbox 579 1353 731 1394; x_wconf 76' lang='lat' dir='ltr'>(Bospori</span> <span class='ocrx_word' id='word_1_78' title='bbox 761 1354 874 1385; x_wconf 77' lang='lat' dir='ltr'>Aestus</span> 
     </span>
     <span class='ocr_line' id='line_1_18' title="bbox 181 1403 873 1444; baseline -0.006 -6"><span class='ocrx_word' id='word_1_79' title='bbox 181 1409 214 1438; x_wconf 85' lang='lat' dir='ltr'>et</span> <span class='ocrx_word' id='word_1_80' title='bbox 251 1406 386 1444; x_wconf 72' lang='lat' dir='ltr'>Bospori</span> <span class='ocrx_word' id='word_1_81' title='bbox 426 1406 542 1436; x_wconf 80' lang='lat' dir='ltr'>Portas</span> <span class='ocrx_word' id='word_1_82' title='bbox 577 1403 748 1435; x_wconf 85' lang='lat' dir='ltr'>eiusmodi</span> <span class='ocrx_word' id='word_1_83' title='bbox 793 1405 873 1434; x_wconf 88' lang='lat' dir='ltr'>sunt</span> 
     </span>
     <span class='ocr_line' id='line_1_19' title="bbox 180 1453 870 1492; baseline -0.004 -6"><span class='ocrx_word' id='word_1_84' title='bbox 180 1454 476 1487; x_wconf 73' lang='lat' dir='ltr'>Scholasticorum</span> <span class='ocrx_word' id='word_1_85' title='bbox 502 1453 736 1490; x_wconf 83' lang='lat' dir='ltr'>coniecturae,</span> <span class='ocrx_word' id='word_1_86' title='bbox 767 1461 870 1492; x_wconf 86' lang='lat' dir='ltr'>quae,</span> 
     </span>
     <span class='ocr_line' id='line_1_20' title="bbox 180 1501 870 1543; baseline -0.003 -9"><span class='ocrx_word' id='word_1_87' title='bbox 180 1503 357 1543; x_wconf 87' lang='lat' dir='ltr'>quomodo</span> <span class='ocrx_word' id='word_1_88' title='bbox 390 1511 493 1533; x_wconf 79' lang='lat' dir='ltr'>nenio</span> <span class='ocrx_word' id='word_1_89' title='bbox 529 1502 703 1533; x_wconf 86' lang='lat' dir='ltr'>coniicere</span> <span class='ocrx_word' id='word_1_90' title='bbox 729 1501 870 1540; x_wconf 88' lang='lat' dir='ltr'>debeat,</span> 
     </span>
     <span class='ocr_line' id='line_1_21' title="bbox 181 1551 606 1593; baseline -0.005 -10"><span class='ocrx_word' id='word_1_91' title='bbox 181 1553 312 1593; x_wconf 83' lang='lat' dir='ltr'>optime</span> <span class='ocrx_word' id='word_1_92' title='bbox 338 1551 606 1590; x_wconf 83' lang='lat' dir='ltr'>demonstrant.)</span> 
     </span>
    </p>

    <p class='ocr_par' dir='ltr' id='par_1_13' title="bbox 179 1598 878 2227">
     <span class='ocr_line' id='line_1_22' title="bbox 227 1598 872 1639; baseline 0 -8"><span class='ocrx_word' id='word_1_93' title='bbox 227 1602 277 1631; x_wconf 74' lang='grc'>45.</span> <span class='ocrx_word' id='word_1_94' title='bbox 317 1601 366 1631; x_wconf 80' lang='grc'>-16,</span> <span class='ocrx_word' id='word_1_95' title='bbox 406 1600 493 1630; x_wconf 79' lang='lat' dir='ltr'>ultra</span> <span class='ocrx_word' id='word_1_96' title='bbox 509 1617 528 1622; x_wconf 94' lang='lat'>-</span> <span class='ocrx_word' id='word_1_97' title='bbox 543 1617 560 1622; x_wconf 98' lang='lat'>-</span> <span class='ocrx_word' id='word_1_98' title='bbox 577 1599 725 1639; x_wconf 72' lang='lat' dir='ltr'>aliunde]</span> <span class='ocrx_word' id='word_1_99' title='bbox 751 1598 872 1631; x_wconf 84' lang='lat' dir='ltr'>relicto</span> 
     </span>
     <span class='ocr_line' id='line_1_23' title="bbox 179 1648 870 1689; baseline -0.001 -9"><span class='ocrx_word' id='word_1_100' title='bbox 179 1648 338 1680; x_wconf 67' lang='lat' dir='ltr'>videlicet</span> <span class='ocrx_word' id='word_1_101' title='bbox 372 1650 549 1689; x_wconf 86' lang='lat' dir='ltr'>Bosporo,</span> <span class='ocrx_word' id='word_1_102' title='bbox 591 1649 624 1679; x_wconf 91' lang='lat' dir='ltr'>in</span> <span class='ocrx_word' id='word_1_103' title='bbox 657 1650 765 1679; x_wconf 86' lang='lat' dir='ltr'>Ponto</span> <span class='ocrx_word' id='word_1_104' title='bbox 795 1648 870 1687; x_wconf 66' lang='lat' dir='ltr'>vel,</span> 
     </span>
     <span class='ocr_line' id='line_1_24' title="bbox 180 1698 873 1737; baseline -0.003 -7"><span class='ocrx_word' id='word_1_105' title='bbox 180 1698 238 1730; x_wconf 88' lang='lat' dir='ltr'>ubi</span> <span class='ocrx_word' id='word_1_106' title='bbox 257 1707 310 1729; x_wconf 68' lang='lat' dir='ltr'>rex</span> <span class='ocrx_word' id='word_1_107' title='bbox 321 1699 453 1735; x_wconf 81' lang='lat' dir='ltr'>ertitur,</span> <span class='ocrx_word' id='word_1_108' title='bbox 473 1698 506 1729; x_wconf 91' lang='lat' dir='ltr'>in</span> <span class='ocrx_word' id='word_1_109' title='bbox 524 1698 611 1729; x_wconf 87' lang='lat' dir='ltr'>mari</span> <span class='ocrx_word' id='word_1_110' title='bbox 624 1700 762 1737; x_wconf 76' lang='lat' dir='ltr'>Aegaeo</span> <span class='ocrx_word' id='word_1_111' title='bbox 779 1699 814 1728; x_wconf 89' lang='lat' dir='ltr'>et</span> <span class='ocrx_word' id='word_1_112' title='bbox 830 1706 873 1728; x_wconf 81' lang='lat' dir='ltr'>ex</span> 
     </span>
     <span class='ocr_line' id='line_1_25' title="bbox 180 1745 873 1788; baseline -0.003 -10"><span class='ocrx_word' id='word_1_113' title='bbox 180 1747 242 1778; x_wconf 83' lang='lat' dir='ltr'>alia</span> <span class='ocrx_word' id='word_1_114' title='bbox 261 1747 374 1787; x_wconf 82' lang='lat' dir='ltr'>aliqua</span> <span class='ocrx_word' id='word_1_115' title='bbox 393 1748 502 1787; x_wconf 87' lang='lat' dir='ltr'>parte.</span> <span class='ocrx_word' id='word_1_116' title='bbox 552 1745 788 1788; x_wconf 76' lang='grc' dir='ltr'><em>Ταυτυλογία</em></span> <span class='ocrx_word' id='word_1_117' title='bbox 803 1755 873 1777; x_wconf 87' lang='lat' dir='ltr'>non</span> 
     </span>
     <span class='ocr_line' id='line_1_26' title="bbox 181 1795 873 1836; baseline 0 -10"><span class='ocrx_word' id='word_1_118' title='bbox 181 1799 245 1826; x_wconf 71' lang='lat' dir='ltr'>est.</span> <span class='ocrx_word' id='word_1_119' title='bbox 284 1813 317 1818; x_wconf 90' lang='lat'>—</span> <span class='ocrx_word' id='word_1_120' title='bbox 357 1795 479 1836; x_wconf 79' lang='lat' dir='ltr'>Caeca]</span> <span class='ocrx_word' id='word_1_121' title='bbox 528 1804 699 1835; x_wconf 78' lang='lat' dir='ltr'>«quorum</span> <span class='ocrx_word' id='word_1_122' title='bbox 745 1804 873 1826; x_wconf 87' lang='lat' dir='ltr'>causae</span> 
     </span>
     <span class='ocr_line' id='line_1_27' title="bbox 182 1843 875 1885; baseline -0.001 -9"><span class='ocrx_word' id='word_1_123' title='bbox 182 1847 418 1885; x_wconf 72' lang='lat' dir='ltr'>ignorantur.»</span> <span class='ocrx_word' id='word_1_124' title='bbox 455 1845 525 1875; x_wconf 82' lang='lat' dir='ltr'>Cic.</span> <span class='ocrx_word' id='word_1_125' title='bbox 555 1846 634 1884; x_wconf 82' lang='lat' dir='ltr'>Agr.</span> <span class='ocrx_word' id='word_1_126' title='bbox 662 1845 698 1882; x_wconf 72' lang='lat'>⁶2,</span> <span class='ocrx_word' id='word_1_127' title='bbox 726 1843 788 1876; x_wconf 67' lang='lat'>¹¹4:</span> <span class='ocrx_word' id='word_1_128' title='bbox 815 1853 875 1875; x_wconf 76' lang='lat' dir='ltr'>cur</span> 
     </span>
     <span class='ocr_line' id='line_1_28' title="bbox 180 1892 869 1925; baseline 0 -1"><span class='ocrx_word' id='word_1_129' title='bbox 180 1895 238 1924; x_wconf 76' lang='lat' dir='ltr'>hoc</span> <span class='ocrx_word' id='word_1_130' title='bbox 262 1897 305 1925; x_wconf 75' lang='lat' dir='ltr'>cst</span> <span class='ocrx_word' id='word_1_131' title='bbox 329 1898 397 1924; x_wconf 80' lang='lat' dir='ltr'>tam</span> <span class='ocrx_word' id='word_1_132' title='bbox 421 1893 593 1924; x_wconf 79' lang='lat' dir='ltr'>obscurum</span> <span class='ocrx_word' id='word_1_133' title='bbox 609 1896 637 1924; x_wconf 82' lang='lat' dir='ltr'>et</span> <span class='ocrx_word' id='word_1_134' title='bbox 653 1902 786 1924; x_wconf 79' lang='lat' dir='ltr'>caecum</span> <span class='ocrx_word' id='word_1_135' title='bbox 799 1892 816 1924; x_wconf 73' lang='grc' dir='ltr'>ἶ)</span> <span class='ocrx_word' id='word_1_136' title='bbox 834 1911 869 1915; x_wconf 80' lang='lat'>——</span> 
     </span>
     <span class='ocr_line' id='line_1_29' title="bbox 182 1942 874 1983; baseline -0.001 -10"><span class='ocrx_word' id='word_1_137' title='bbox 182 1943 287 1983; x_wconf 74' lang='lat' dir='ltr'>timet]</span> <span class='ocrx_word' id='word_1_138' title='bbox 323 1942 461 1983; x_wconf 80' lang='lat' dir='ltr'>Syllaba</span> <span class='ocrx_word' id='word_1_139' title='bbox 497 1942 703 1983; x_wconf 86' lang='lat' dir='ltr'>producitur</span> <span class='ocrx_word' id='word_1_140' title='bbox 736 1943 768 1973; x_wconf 93' lang='lat' dir='ltr'>in</span> <span class='ocrx_word' id='word_1_141' title='bbox 805 1942 874 1974; x_wconf 87' lang='lat' dir='ltr'>arsi</span> 
     </span>
     <span class='ocr_line' id='line_1_30' title="bbox 186 1990 874 2031; baseline 0 -10"><span class='ocrx_word' id='word_1_142' title='bbox 186 2000 249 2022; x_wconf 83' lang='lat' dir='ltr'>nec</span> <span class='ocrx_word' id='word_1_143' title='bbox 274 2000 357 2022; x_wconf 74' lang='lat' dir='ltr'>vero</span> <span class='ocrx_word' id='word_1_144' title='bbox 393 1993 471 2031; x_wconf 87' lang='lat' dir='ltr'>post</span> <span class='ocrx_word' id='word_1_145' title='bbox 495 2000 597 2030; x_wconf 79' lang='lat' dir='ltr'>neque</span> <span class='ocrx_word' id='word_1_146' title='bbox 614 1992 735 2031; x_wconf 85' lang='lat' dir='ltr'>potest</span> <span class='ocrx_word' id='word_1_147' title='bbox 769 1990 874 2022; x_wconf 85' lang='lat' dir='ltr'>scribi</span> 
     </span>
     <span class='ocr_line' id='line_1_31' title="bbox 184 2040 876 2080; baseline 0 -10"><span class='ocrx_word' id='word_1_148' title='bbox 184 2041 335 2078; x_wconf 73' lang='lat' dir='ltr'>timetque</span> <span class='ocrx_word' id='word_1_149' title='bbox 350 2065 356 2075; x_wconf 83' lang='lat'><em>,</em></span> <span class='ocrx_word' id='word_1_150' title='bbox 383 2042 418 2070; x_wconf 88' lang='lat' dir='ltr'>ut</span> <span class='ocrx_word' id='word_1_151' title='bbox 436 2048 547 2079; x_wconf 82' lang='lat' dir='ltr'>nuper</span> <span class='ocrx_word' id='word_1_152' title='bbox 562 2040 742 2080; x_wconf 80' lang='lat' dir='ltr'>proposuit</span> <span class='ocrx_word' id='word_1_153' title='bbox 757 2041 876 2071; x_wconf 74' lang='lat' dir='ltr'>Axtius</span> 
     </span>
     <span class='ocr_line' id='line_1_32' title="bbox 184 2089 874 2129; baseline 0.001 -10"><span class='ocrx_word' id='word_1_154' title='bbox 184 2089 227 2119; x_wconf 84' lang='lat' dir='ltr'>ad</span> <span class='ocrx_word' id='word_1_155' title='bbox 264 2089 410 2119; x_wconf 75' lang='lat' dir='ltr'>Vestric.</span> <span class='ocrx_word' id='word_1_156' title='bbox 448 2097 525 2128; x_wconf 85' lang='lat' dir='ltr'>pag.</span> <span class='ocrx_word' id='word_1_157' title='bbox 562 2089 635 2119; x_wconf 69' lang='grc' dir='ltr'>ΗΞ.</span> <span class='ocrx_word' id='word_1_158' title='bbox 673 2098 874 2129; x_wconf 76' lang='lat' dir='ltr'>exponens:</span> 
     </span>
     <span class='ocr_line' id='line_1_33' title="bbox 184 2137 878 2176; baseline 0.003 -9"><span class='ocrx_word' id='word_1_159' title='bbox 184 2138 272 2167; x_wconf 77' lang='lat' dir='ltr'>lime!</span> <span class='ocrx_word' id='word_1_160' title='bbox 297 2138 384 2167; x_wconf 81' lang='lat' dir='ltr'>ultra</span> <span class='ocrx_word' id='word_1_161' title='bbox 407 2137 624 2176; x_wconf 76' lang='lat' dir='ltr'>aliundeque,</span> <span class='ocrx_word' id='word_1_162' title='bbox 658 2138 790 2169; x_wconf 87' lang='lat' dir='ltr'>ratione</span> <span class='ocrx_word' id='word_1_163' title='bbox 815 2138 878 2169; x_wconf 83' lang='lat' dir='ltr'>mi-</span> 
     </span>
     <span class='ocr_line' id='line_1_34' title="bbox 187 2187 450 2227; baseline -0.004 -9"><span class='ocrx_word' id='word_1_164' title='bbox 187 2188 278 2218; x_wconf 87' lang='lat' dir='ltr'>nime</span> <span class='ocrx_word' id='word_1_165' title='bbox 303 2187 450 2227; x_wconf 69' lang='lat' dir='ltr'>poetica.</span> 
     </span>
    </p>

    <p class='ocr_par' dir='ltr' id='par_1_14' title="bbox 186 2236 879 2772">
     <span class='ocr_line' id='line_1_35' title="bbox 233 2236 873 2277; baseline 0 -10"><span class='ocrx_word' id='word_1_166' title='bbox 233 2238 280 2267; x_wconf 71' lang='lat'>17.</span> <span class='ocrx_word' id='word_1_167' title='bbox 306 2237 413 2277; x_wconf 77' lang='lat' dir='ltr'>Miles]</span> <span class='ocrx_word' id='word_1_168' title='bbox 433 2237 490 2277; x_wconf 87' lang='lat' dir='ltr'>qui</span> <span class='ocrx_word' id='word_1_169' title='bbox 506 2236 618 2268; x_wconf 86' lang='lat' dir='ltr'>Parthi</span> <span class='ocrx_word' id='word_1_170' title='bbox 635 2237 749 2276; x_wconf 82' lang='lat' dir='ltr'>sugam</span> <span class='ocrx_word' id='word_1_171' title='bbox 764 2237 873 2274; x_wconf 72' lang='lat' dir='ltr'>timet,</span> 
     </span>
     <span class='ocr_line' id='line_1_36' title="bbox 186 2285 876 2326; baseline 0 -10"><span class='ocrx_word' id='word_1_172' title='bbox 186 2285 272 2316; x_wconf 74' lang='lat' dir='ltr'>alius</span> <span class='ocrx_word' id='word_1_173' title='bbox 309 2295 374 2316; x_wconf 89' lang='lat' dir='ltr'>non</span> <span class='ocrx_word' id='word_1_174' title='bbox 408 2287 542 2326; x_wconf 81' lang='lat' dir='ltr'>poterat</span> <span class='ocrx_word' id='word_1_175' title='bbox 573 2294 651 2317; x_wconf 84' lang='lat' dir='ltr'>esse</span> <span class='ocrx_word' id='word_1_176' title='bbox 677 2294 782 2326; x_wconf 82' lang='lat' dir='ltr'>quani</span> <span class='ocrx_word' id='word_1_177' title='bbox 808 2287 876 2316; x_wconf 76' lang='lat' dir='ltr'>lto-</span> 
     </span>
     <span class='ocr_line' id='line_1_37' title="bbox 188 2334 877 2375; baseline 0 -10"><span class='ocrx_word' id='word_1_178' title='bbox 188 2344 332 2369; x_wconf 74' lang='lat' dir='ltr'>manus.</span> <span class='ocrx_word' id='word_1_179' title='bbox 361 2335 392 2365; x_wconf 84' lang='lat' dir='ltr'>id</span> <span class='ocrx_word' id='word_1_180' title='bbox 418 2334 511 2375; x_wconf 79' lang='lat' dir='ltr'>quod</span> <span class='ocrx_word' id='word_1_181' title='bbox 537 2334 693 2366; x_wconf 82' lang='lat' dir='ltr'>consulto</span> <span class='ocrx_word' id='word_1_182' title='bbox 719 2344 787 2366; x_wconf 94' lang='lat' dir='ltr'>non</span> <span class='ocrx_word' id='word_1_183' title='bbox 812 2334 877 2365; x_wconf 86' lang='lat' dir='ltr'>ad-</span> 
     </span>
     <span class='ocr_line' id='line_1_38' title="bbox 186 2383 877 2420; baseline 0.003 -7"><span class='ocrx_word' id='word_1_184' title='bbox 186 2385 296 2420; x_wconf 76' lang='lat' dir='ltr'>ditur,</span> <span class='ocrx_word' id='word_1_185' title='bbox 323 2393 403 2415; x_wconf 70' lang='lat' dir='ltr'>cum</span> <span class='ocrx_word' id='word_1_186' title='bbox 432 2384 511 2415; x_wconf 86' lang='lat' dir='ltr'>insit</span> <span class='ocrx_word' id='word_1_187' title='bbox 538 2383 590 2415; x_wconf 67' lang='lat' dir='ltr'>xcl</span> <span class='ocrx_word' id='word_1_188' title='bbox 620 2385 651 2415; x_wconf 91' lang='lat' dir='ltr'>in</span> <span class='ocrx_word' id='word_1_189' title='bbox 677 2394 730 2415; x_wconf 90' lang='lat' dir='ltr'>vv.</span> <span class='ocrx_word' id='word_1_190' title='bbox 757 2385 877 2415; x_wconf 81' lang='lat' dir='ltr'>uatum</span> 
     </span>
     <span class='ocr_line' id='line_1_39' title="bbox 186 2433 878 2474; baseline 0.003 -11"><span class='ocrx_word' id='word_1_191' title='bbox 186 2434 296 2463; x_wconf 68' lang='lat' dir='ltr'>robur.</span> <span class='ocrx_word' id='word_1_192' title='bbox 358 2433 567 2464; x_wconf 77' lang='lat' dir='ltr'>Monendum</span> <span class='ocrx_word' id='word_1_193' title='bbox 612 2435 686 2464; x_wconf 81' lang='lat' dir='ltr'>erat</span> <span class='ocrx_word' id='word_1_194' title='bbox 735 2436 878 2474; x_wconf 78' lang='lat' dir='ltr'>propter</span> 
     </span>
     <span class='ocr_line' id='line_1_40' title="bbox 187 2482 874 2514; baseline -0.001 0"><span class='ocrx_word' id='word_1_195' title='bbox 187 2483 332 2514; x_wconf 81' lang='lat' dir='ltr'>Editoris</span> <span class='ocrx_word' id='word_1_196' title='bbox 361 2482 538 2514; x_wconf 75' lang='lat' dir='ltr'>Leidensis</span> <span class='ocrx_word' id='word_1_197' title='bbox 565 2482 810 2514; x_wconf 74' lang='lat' dir='ltr'>dubitationes.</span> <span class='ocrx_word' id='word_1_198' title='bbox 840 2501 874 2505; x_wconf 98' lang='lat'><strong>—</strong></span> 
     </span>
     <span class='ocr_line' id='line_1_41' title="bbox 186 2530 879 2572; baseline 0.003 -11"><span class='ocrx_word' id='word_1_199' title='bbox 186 2532 335 2572; x_wconf 62' lang='lat' dir='ltr'>saqn&#39;teasj</span> <span class='ocrx_word' id='word_1_200' title='bbox 364 2531 452 2562; x_wconf 75' lang='lat' dir='ltr'>Vero</span> <span class='ocrx_word' id='word_1_201' title='bbox 471 2530 609 2562; x_wconf 85' lang='lat' dir='ltr'>sublimi</span> <span class='ocrx_word' id='word_1_202' title='bbox 629 2532 777 2571; x_wconf 76' lang='lat' dir='ltr'>imagine</span> <span class='ocrx_word' id='word_1_203' title='bbox 795 2540 879 2563; x_wconf 87' lang='lat' dir='ltr'>eun-</span> 
     </span>
     <span class='ocr_line' id='line_1_42' title="bbox 187 2579 878 2620; baseline 0 -9"><span class='ocrx_word' id='word_1_204' title='bbox 187 2581 268 2612; x_wconf 81' lang='lat' dir='ltr'>dem</span> <span class='ocrx_word' id='word_1_205' title='bbox 292 2579 525 2611; x_wconf 81' lang='lat' dir='ltr'>israelitarum</span> <span class='ocrx_word' id='word_1_206' title='bbox 543 2581 704 2611; x_wconf 75' lang='lat' dir='ltr'>timorem</span> <span class='ocrx_word' id='word_1_207' title='bbox 722 2590 740 2611; x_wconf 82' lang='lat' dir='ltr'>a</span> <span class='ocrx_word' id='word_1_208' title='bbox 753 2581 878 2620; x_wconf 66' lang='lat' dir='ltr'>pltare-</span> 
     </span>
     <span class='ocr_line' id='line_1_43' title="bbox 187 2629 878 2669; baseline 0.001 -9"><span class='ocrx_word' id='word_1_209' title='bbox 187 2631 283 2661; x_wconf 72' lang='lat' dir='ltr'>aeratis</span> <span class='ocrx_word' id='word_1_210' title='bbox 310 2630 458 2668; x_wconf 72' lang='lat' dir='ltr'>Assyriis</span> <span class='ocrx_word' id='word_1_211' title='bbox 484 2630 555 2668; x_wconf 66' lang='lat'>(011.</span> <span class='ocrx_word' id='word_1_212' title='bbox 583 2631 622 2667; x_wconf 81' lang='lat'>3.</span> <span class='ocrx_word' id='word_1_213' title='bbox 649 2629 686 2666; x_wconf 76' lang='lat'>4,</span> <span class='ocrx_word' id='word_1_214' title='bbox 713 2630 779 2669; x_wconf 75' lang='lat'>³5.)</span> <span class='ocrx_word' id='word_1_215' title='bbox 817 2639 878 2661; x_wconf 81' lang='lat' dir='ltr'>ex-</span> 
     </span>
     <span class='ocr_line' id='line_1_44' title="bbox 188 2675 879 2724; baseline 0.001 -14"><span class='ocrx_word' id='word_1_216' title='bbox 188 2680 314 2720; x_wconf 68' lang='lat' dir='ltr'>pressit</span> <span class='ocrx_word' id='word_1_217' title='bbox 340 2680 505 2711; x_wconf 68' lang='lat' dir='ltr'>ieremias</span> <span class='ocrx_word' id='word_1_218' title='bbox 529 2680 571 2716; x_wconf 72' lang='lat'>³5,</span> <span class='ocrx_word' id='word_1_219' title='bbox 607 2679 659 2711; x_wconf 73' lang='lat'>¹4:</span> <span class='ocrx_word' id='word_1_220' title='bbox 693 2675 737 2710; x_wconf 81' lang='grc' dir='ltr'>ἸΙ</span> <span class='ocrx_word' id='word_1_221' title='bbox 758 2681 879 2724; x_wconf 72' lang='grc' dir='ltr'><strong><em>φαρέ-</em></strong></span> 
     </span>
     <span class='ocr_line' id='line_1_45' title="bbox 189 2725 875 2772; baseline 0.006 -15"><span class='ocrx_word' id='word_1_222' title='bbox 189 2737 256 2771; x_wconf 75' lang='grc' dir='ltr'>τρα</span> <span class='ocrx_word' id='word_1_223' title='bbox 279 2727 404 2760; x_wconf 79' lang='grc' dir='ltr'><em>αὐτῶν</em></span> <span class='ocrx_word' id='word_1_224' title='bbox 421 2727 472 2767; x_wconf 82' lang='grc' dir='ltr'>ὠς</span> <span class='ocrx_word' id='word_1_225' title='bbox 489 2725 612 2768; x_wconf 72' lang='grc' dir='ltr'><em>τάφος</em></span> <span class='ocrx_word' id='word_1_226' title='bbox 628 2725 875 2772; x_wconf 71' lang='grc' dir='ltr'>ἀνεῳγμένος.</span> 
     </span>
    </p>
   </div>
   <div class='ocr_carea' id='block_1_13' title="bbox 920 1109 1625 2771">
    <p class='ocr_par' dir='ltr' id='par_1_15' title="bbox 920 1109 1623 2280">
     <span class='ocr_line' id='line_1_46' title="bbox 925 1109 1614 1150; baseline 0.003 -10"><span class='ocrx_word' id='word_1_227' title='bbox 925 1127 960 1131; x_wconf 93' lang='grc'><strong>-</strong></span> <span class='ocrx_word' id='word_1_228' title='bbox 999 1109 1153 1150; x_wconf 83' lang='lat' dir='ltr'>celerem]</span> <span class='ocrx_word' id='word_1_229' title='bbox 1208 1109 1384 1142; x_wconf 84' lang='lat' dir='ltr'>Bentleius</span> <span class='ocrx_word' id='word_1_230' title='bbox 1415 1111 1614 1142; x_wconf 79' lang='lat' dir='ltr'>coniectans</span> 
     </span>
     <span class='ocr_line' id='line_1_47' title="bbox 920 1158 1613 1200; baseline 0.003 -11"><span class='ocrx_word' id='word_1_231' title='bbox 920 1159 1073 1190; x_wconf 78' lang='lat' dir='ltr'>reducem</span> <span class='ocrx_word' id='word_1_232' title='bbox 1110 1158 1227 1198; x_wconf 63' lang='lat' dir='ltr'>fugam</span> <span class='ocrx_word' id='word_1_233' title='bbox 1263 1161 1403 1200; x_wconf 81' lang='lat' dir='ltr'>poetam</span> <span class='ocrx_word' id='word_1_234' title='bbox 1441 1160 1613 1198; x_wconf 84' lang='lat' dir='ltr'>correxit,</span> 
     </span>
     <span class='ocr_line' id='line_1_48' title="bbox 923 1207 1616 1248; baseline 0.001 -9"><span class='ocrx_word' id='word_1_235' title='bbox 923 1217 990 1239; x_wconf 94' lang='lat' dir='ltr'>non</span> <span class='ocrx_word' id='word_1_236' title='bbox 1008 1207 1187 1246; x_wconf 83' lang='lat' dir='ltr'>librarios;</span> <span class='ocrx_word' id='word_1_237' title='bbox 1215 1216 1330 1248; x_wconf 87' lang='lat' dir='ltr'>neque</span> <span class='ocrx_word' id='word_1_238' title='bbox 1347 1209 1466 1240; x_wconf 89' lang='lat' dir='ltr'>tamen</span> <span class='ocrx_word' id='word_1_239' title='bbox 1489 1208 1616 1240; x_wconf 78' lang='grc' dir='ltr'><em>ἐπίθε-</em></span> 
     </span>
     <span class='ocr_line' id='line_1_49' title="bbox 922 1256 1616 1298; baseline 0.001 -10"><span class='ocrx_word' id='word_1_240' title='bbox 922 1267 989 1288; x_wconf 82' lang='grc' dir='ltr'>τον</span> <span class='ocrx_word' id='word_1_241' title='bbox 1020 1256 1103 1288; x_wconf 88' lang='lat' dir='ltr'>illud</span> <span class='ocrx_word' id='word_1_242' title='bbox 1132 1259 1186 1289; x_wconf 87' lang='lat' dir='ltr'>est</span> <span class='ocrx_word' id='word_1_243' title='bbox 1208 1258 1359 1289; x_wconf 89' lang='lat' dir='ltr'>otiosum</span> <span class='ocrx_word' id='word_1_244' title='bbox 1383 1258 1534 1298; x_wconf 87' lang='lat' dir='ltr'>ideoque</span> <span class='ocrx_word' id='word_1_245' title='bbox 1557 1267 1616 1288; x_wconf 91' lang='lat' dir='ltr'>re—</span> 
     </span>
     <span class='ocr_line' id='line_1_50' title="bbox 922 1306 1618 1347; baseline 0 -10"><span class='ocrx_word' id='word_1_246' title='bbox 922 1306 1228 1347; x_wconf 87' lang='lat' dir='ltr'>prehendendum.</span> <span class='ocrx_word' id='word_1_247' title='bbox 1266 1307 1390 1345; x_wconf 88' lang='lat' dir='ltr'><strong>«Tum,</strong></span> <span class='ocrx_word' id='word_1_248' title='bbox 1415 1315 1497 1338; x_wconf 88' lang='lat' dir='ltr'>cum</span> <span class='ocrx_word' id='word_1_249' title='bbox 1514 1307 1618 1338; x_wconf 84' lang='lat' dir='ltr'>mini-—</span> 
     </span>
     <span class='ocr_line' id='line_1_51' title="bbox 923 1356 1617 1396; baseline 0 -9"><span class='ocrx_word' id='word_1_250' title='bbox 923 1364 980 1387; x_wconf 89' lang='lat' dir='ltr'>me</span> <span class='ocrx_word' id='word_1_251' title='bbox 1005 1356 1210 1395; x_wconf 79' lang='lat' dir='ltr'>exspectant</span> <span class='ocrx_word' id='word_1_252' title='bbox 1236 1356 1399 1393; x_wconf 84' lang='lat' dir='ltr'>Romani,</span> <span class='ocrx_word' id='word_1_253' title='bbox 1425 1356 1542 1396; x_wconf 81' lang='lat' dir='ltr'>fugam</span> <span class='ocrx_word' id='word_1_254' title='bbox 1569 1357 1617 1387; x_wconf 90' lang='lat' dir='ltr'>si-</span> 
     </span>
     <span class='ocr_line' id='line_1_52' title="bbox 922 1405 1617 1445; baseline 0 -9"><span class='ocrx_word' id='word_1_255' title='bbox 922 1405 1091 1437; x_wconf 85' lang='lat' dir='ltr'>mulatam</span> <span class='ocrx_word' id='word_1_256' title='bbox 1116 1406 1306 1445; x_wconf 83' lang='lat' dir='ltr'>capessunt</span> <span class='ocrx_word' id='word_1_257' title='bbox 1330 1405 1462 1444; x_wconf 83' lang='lat' dir='ltr'>Parthi,</span> <span class='ocrx_word' id='word_1_258' title='bbox 1504 1406 1541 1436; x_wconf 88' lang='lat' dir='ltr'>ut</span> <span class='ocrx_word' id='word_1_259' title='bbox 1564 1405 1617 1436; x_wconf 91' lang='lat' dir='ltr'>in-</span> 
     </span>
     <span class='ocr_line' id='line_1_53' title="bbox 923 1454 1618 1495; baseline -0.001 -9"><span class='ocrx_word' id='word_1_260' title='bbox 923 1456 1024 1486; x_wconf 81' lang='lat' dir='ltr'>caute</span> <span class='ocrx_word' id='word_1_261' title='bbox 1041 1455 1234 1495; x_wconf 88' lang='lat' dir='ltr'>sequantur</span> <span class='ocrx_word' id='word_1_262' title='bbox 1251 1454 1386 1492; x_wconf 81' lang='lat' dir='ltr'>hostes,</span> <span class='ocrx_word' id='word_1_263' title='bbox 1414 1455 1477 1495; x_wconf 92' lang='lat' dir='ltr'>ipsi</span> <span class='ocrx_word' id='word_1_264' title='bbox 1500 1455 1618 1486; x_wconf 83' lang='lat' dir='ltr'>autem</span> 
     </span>
     <span class='ocr_line' id='line_1_54' title="bbox 924 1504 1617 1541; baseline -0.001 -6"><span class='ocrx_word' id='word_1_265' title='bbox 924 1504 1040 1536; x_wconf 88' lang='lat' dir='ltr'>denuo</span> <span class='ocrx_word' id='word_1_266' title='bbox 1076 1505 1176 1535; x_wconf 84' lang='lat' dir='ltr'>tenso</span> <span class='ocrx_word' id='word_1_267' title='bbox 1211 1512 1313 1541; x_wconf 82' lang='lat' dir='ltr'>arcu,</span> <span class='ocrx_word' id='word_1_268' title='bbox 1353 1505 1472 1535; x_wconf 87' lang='lat' dir='ltr'>&#39;statim</span> <span class='ocrx_word' id='word_1_269' title='bbox 1505 1504 1617 1535; x_wconf 87' lang='lat' dir='ltr'>versis</span> 
     </span>
     <span class='ocr_line' id='line_1_55' title="bbox 924 1552 1618 1593; baseline 0 -10"><span class='ocrx_word' id='word_1_270' title='bbox 924 1554 1024 1593; x_wconf 88' lang='lat' dir='ltr'>equis</span> <span class='ocrx_word' id='word_1_271' title='bbox 1058 1552 1249 1583; x_wconf 89' lang='lat' dir='ltr'>redeuntes</span> <span class='ocrx_word' id='word_1_272' title='bbox 1279 1553 1412 1584; x_wconf 86' lang='lat' dir='ltr'>maiore</span> <span class='ocrx_word' id='word_1_273' title='bbox 1445 1561 1527 1584; x_wconf 89' lang='lat' dir='ltr'>cum</span> <span class='ocrx_word' id='word_1_274' title='bbox 1551 1553 1618 1584; x_wconf 90' lang='lat' dir='ltr'>im-</span> 
     </span>
     <span class='ocr_line' id='line_1_56' title="bbox 922 1602 1617 1643; baseline 0 -10"><span class='ocrx_word' id='word_1_275' title='bbox 922 1604 1006 1643; x_wconf 89' lang='lat' dir='ltr'>petu</span> <span class='ocrx_word' id='word_1_276' title='bbox 1031 1602 1065 1633; x_wconf 90' lang='lat' dir='ltr'>in</span> <span class='ocrx_word' id='word_1_277' title='bbox 1089 1610 1150 1633; x_wconf 91' lang='lat' dir='ltr'>eos</span> <span class='ocrx_word' id='word_1_278' title='bbox 1174 1602 1386 1633; x_wconf 79' lang='lat' dir='ltr'>incursent.»</span> <span class='ocrx_word' id='word_1_279' title='bbox 1421 1602 1520 1639; x_wconf 81' lang='lat' dir='ltr'>Quod</span> <span class='ocrx_word' id='word_1_280' title='bbox 1537 1610 1617 1633; x_wconf 86' lang='lat' dir='ltr'>cum</span> 
     </span>
     <span class='ocr_line' id='line_1_57' title="bbox 923 1650 1617 1692; baseline -0.003 -8"><span class='ocrx_word' id='word_1_281' title='bbox 923 1653 1055 1684; x_wconf 85' lang='lat' dir='ltr'>scirent</span> <span class='ocrx_word' id='word_1_282' title='bbox 1088 1652 1252 1689; x_wconf 83' lang='lat' dir='ltr'>Romani,</span> <span class='ocrx_word' id='word_1_283' title='bbox 1289 1652 1362 1692; x_wconf 83' lang='lat' dir='ltr'>ipsa</span> <span class='ocrx_word' id='word_1_284' title='bbox 1394 1650 1482 1683; x_wconf 88' lang='lat' dir='ltr'>illius</span> <span class='ocrx_word' id='word_1_285' title='bbox 1516 1651 1617 1691; x_wconf 83' lang='lat' dir='ltr'>fugae</span> 
     </span>
     <span class='ocr_line' id='line_1_58' title="bbox 924 1700 1619 1738; baseline -0.003 -5"><span class='ocrx_word' id='word_1_286' title='bbox 924 1701 1084 1733; x_wconf 84' lang='lat' dir='ltr'>celeritas</span> <span class='ocrx_word' id='word_1_287' title='bbox 1109 1701 1149 1732; x_wconf 87' lang='lat' dir='ltr'>iis</span> <span class='ocrx_word' id='word_1_288' title='bbox 1174 1702 1249 1732; x_wconf 84' lang='lat' dir='ltr'>erat</span> <span class='ocrx_word' id='word_1_289' title='bbox 1272 1700 1516 1738; x_wconf 75' lang='lat' dir='ltr'>formidolosa3</span> <span class='ocrx_word' id='word_1_290' title='bbox 1543 1702 1619 1732; x_wconf 86' lang='lat' dir='ltr'>ete-</span> 
     </span>
     <span class='ocr_line' id='line_1_59' title="bbox 924 1749 1618 1790; baseline -0.003 -8"><span class='ocrx_word' id='word_1_291' title='bbox 924 1751 996 1782; x_wconf 89' lang='lat' dir='ltr'>nim</span> <span class='ocrx_word' id='word_1_292' title='bbox 1031 1758 1099 1790; x_wconf 89' lang='lat' dir='ltr'>quo</span> <span class='ocrx_word' id='word_1_293' title='bbox 1135 1749 1284 1781; x_wconf 88' lang='lat' dir='ltr'>celerior</span> <span class='ocrx_word' id='word_1_294' title='bbox 1317 1751 1410 1789; x_wconf 82' lang='lat' dir='ltr'>erat,</span> <span class='ocrx_word' id='word_1_295' title='bbox 1445 1759 1487 1781; x_wconf 93' lang='lat' dir='ltr'>eo</span> <span class='ocrx_word' id='word_1_296' title='bbox 1512 1750 1618 1781; x_wconf 86' lang='lat' dir='ltr'>etiam</span> 
     </span>
     <span class='ocr_line' id='line_1_60' title="bbox 924 1799 1619 1839; baseline -0.001 -9"><span class='ocrx_word' id='word_1_297' title='bbox 924 1799 1131 1832; x_wconf 85' lang='lat' dir='ltr'>insidiosior.</span> <span class='ocrx_word' id='word_1_298' title='bbox 1157 1799 1249 1839; x_wconf 80' lang='lat' dir='ltr'>Virg.</span> <span class='ocrx_word' id='word_1_299' title='bbox 1277 1800 1338 1830; x_wconf 89' lang='lat' dir='ltr'>Ge.</span> <span class='ocrx_word' id='word_1_300' title='bbox 1357 1799 1393 1838; x_wconf 83' lang='lat'>3,</span> <span class='ocrx_word' id='word_1_301' title='bbox 1413 1799 1447 1830; x_wconf 77' lang='grc'>31</span> <span class='ocrx_word' id='word_1_302' title='bbox 1466 1808 1473 1829; x_wconf 90' lang='lat'>:</span> <span class='ocrx_word' id='word_1_303' title='bbox 1501 1800 1619 1830; x_wconf 80' lang='lat' dir='ltr'>Fiden-</span> 
     </span>
     <span class='ocr_line' id='line_1_61' title="bbox 924 1848 1621 1888; baseline -0.003 -8"><span class='ocrx_word' id='word_1_304' title='bbox 924 1852 1051 1888; x_wconf 77' lang='lat' dir='ltr'>temque</span> <span class='ocrx_word' id='word_1_305' title='bbox 1073 1848 1155 1888; x_wconf 71' lang='lat' dir='ltr'>faya</span> <span class='ocrx_word' id='word_1_306' title='bbox 1177 1848 1336 1879; x_wconf 77' lang='lat' dir='ltr'>Parchwm</span> <span class='ocrx_word' id='word_1_307' title='bbox 1367 1849 1532 1887; x_wconf 75' lang='lat' dir='ltr'>versisque</span> <span class='ocrx_word' id='word_1_308' title='bbox 1566 1856 1621 1878; x_wconf 87' lang='lat' dir='ltr'>sa-</span> 
     </span>
     <span class='ocr_line' id='line_1_62' title="bbox 923 1897 1621 1938; baseline -0.001 -10"><span class='ocrx_word' id='word_1_309' title='bbox 923 1898 1023 1938; x_wconf 61' lang='lat' dir='ltr'>glutis.</span> <span class='ocrx_word' id='word_1_310' title='bbox 1072 1897 1169 1928; x_wconf 85' lang='lat' dir='ltr'>ovid.</span> <span class='ocrx_word' id='word_1_311' title='bbox 1189 1898 1227 1928; x_wconf 85' lang='lat' dir='ltr'>A.</span> <span class='ocrx_word' id='word_1_312' title='bbox 1245 1898 1284 1928; x_wconf 74' lang='lat' dir='ltr'>A.</span> <span class='ocrx_word' id='word_1_313' title='bbox 1304 1897 1334 1936; x_wconf 89' lang='lat'>3,</span> <span class='ocrx_word' id='word_1_314' title='bbox 1353 1897 1435 1928; x_wconf 88' lang='lat'>786:</span> <span class='ocrx_word' id='word_1_315' title='bbox 1475 1898 1513 1928; x_wconf 77' lang='lat' dir='ltr'>Ut</span> <span class='ocrx_word' id='word_1_316' title='bbox 1536 1897 1621 1928; x_wconf 82' lang='lat' dir='ltr'>celer</span> 
     </span>
     <span class='ocr_line' id='line_1_63' title="bbox 925 1946 1618 1985; baseline -0.001 -8"><span class='ocrx_word' id='word_1_317' title='bbox 925 1947 1048 1977; x_wconf 81' lang='lat' dir='ltr'>aversis</span> <span class='ocrx_word' id='word_1_318' title='bbox 1069 1949 1160 1977; x_wconf 83' lang='lat' dir='ltr'>utere</span> <span class='ocrx_word' id='word_1_319' title='bbox 1181 1946 1322 1977; x_wconf 73' lang='lat' dir='ltr'>Parthus</span> <span class='ocrx_word' id='word_1_320' title='bbox 1344 1946 1445 1985; x_wconf 82' lang='lat' dir='ltr'>equis.</span> <span class='ocrx_word' id='word_1_321' title='bbox 1486 1947 1618 1977; x_wconf 82' lang='lat' dir='ltr'>Seneca</span> 
     </span>
     <span class='ocr_line' id='line_1_64' title="bbox 927 1995 1622 2035; baseline -0.001 -9"><span class='ocrx_word' id='word_1_322' title='bbox 927 1995 1047 2035; x_wconf 90' lang='lat' dir='ltr'>Oedip.</span> <span class='ocrx_word' id='word_1_323' title='bbox 1078 1995 1157 2026; x_wconf 71' lang='lat'>⁴⁴8:</span> <span class='ocrx_word' id='word_1_324' title='bbox 1203 1995 1286 2026; x_wconf 78' lang='lat' dir='ltr'>Vidit</span> <span class='ocrx_word' id='word_1_325' title='bbox 1314 1998 1344 2026; x_wconf 77' lang='lat' dir='ltr'>et</span> <span class='ocrx_word' id='word_1_326' title='bbox 1370 2003 1482 2026; x_wconf 85' lang='lat' dir='ltr'>versas</span> <span class='ocrx_word' id='word_1_327' title='bbox 1505 1995 1622 2034; x_wconf 74' lang='lat' dir='ltr'>equitis</span> 
     </span>
     <span class='ocr_line' id='line_1_65' title="bbox 925 2044 1621 2084; baseline 0.001 -10"><span class='ocrx_word' id='word_1_328' title='bbox 925 2045 1086 2084; x_wconf 69' lang='lat' dir='ltr'>saytttas,</span> <span class='ocrx_word' id='word_1_329' title='bbox 1140 2044 1244 2084; x_wconf 67' lang='lat' dir='ltr'>Terqa</span> <span class='ocrx_word' id='word_1_330' title='bbox 1283 2044 1414 2084; x_wconf 81' lang='lat' dir='ltr'>fallacis</span> <span class='ocrx_word' id='word_1_331' title='bbox 1447 2045 1621 2075; x_wconf 76' lang='lat' dir='ltr'>metuenda</span> 
     </span>
     <span class='ocr_line' id='line_1_66' title="bbox 925 2092 1616 2125; baseline -0.001 -1"><span class='ocrx_word' id='word_1_332' title='bbox 925 2094 1048 2125; x_wconf 81' lang='lat' dir='ltr'>Parthi.</span> <span class='ocrx_word' id='word_1_333' title='bbox 1099 2092 1277 2124; x_wconf 84' lang='lat' dir='ltr'>Claudian.</span> <span class='ocrx_word' id='word_1_334' title='bbox 1303 2093 1359 2124; x_wconf 90' lang='lat' dir='ltr'>IV.</span> <span class='ocrx_word' id='word_1_335' title='bbox 1387 2094 1515 2124; x_wconf 88' lang='lat' dir='ltr'>Honor.</span> <span class='ocrx_word' id='word_1_336' title='bbox 1535 2093 1616 2124; x_wconf 73' lang='lat'><strong>534:</strong></span> 
     </span>
     <span class='ocr_line' id='line_1_67' title="bbox 927 2142 1622 2182; baseline -0.001 -9"><span class='ocrx_word' id='word_1_337' title='bbox 927 2142 998 2173; x_wconf 81' lang='lat' dir='ltr'>Scis</span> <span class='ocrx_word' id='word_1_338' title='bbox 1013 2159 1031 2164; x_wconf 97' lang='lat'><em>-</em></span> <span class='ocrx_word' id='word_1_339' title='bbox 1047 2159 1065 2164; x_wconf 97' lang='lat'>—</span> <span class='ocrx_word' id='word_1_340' title='bbox 1082 2142 1196 2182; x_wconf 66' lang='lat' dir='ltr'>refugo</span> <span class='ocrx_word' id='word_1_341' title='bbox 1223 2150 1309 2181; x_wconf 76' lang='lat' dir='ltr'>quae</span> <span class='ocrx_word' id='word_1_342' title='bbox 1329 2142 1371 2172; x_wconf 80' lang='lat' dir='ltr'>sit</span> <span class='ocrx_word' id='word_1_343' title='bbox 1390 2142 1514 2182; x_wconf 76' lang='lat' dir='ltr'>fiducia</span> <span class='ocrx_word' id='word_1_344' title='bbox 1536 2143 1622 2172; x_wconf 86' lang='lat' dir='ltr'>Par-</span> 
     </span>
     <span class='ocr_line' id='line_1_68' title="bbox 927 2190 1623 2230; baseline 0 -9"><span class='ocrx_word' id='word_1_345' title='bbox 927 2191 990 2221; x_wconf 86' lang='lat' dir='ltr'>!ho.</span> <span class='ocrx_word' id='word_1_346' title='bbox 1018 2191 1101 2222; x_wconf 85' lang='lat' dir='ltr'>Stat.</span> <span class='ocrx_word' id='word_1_347' title='bbox 1132 2190 1212 2222; x_wconf 89' lang='lat' dir='ltr'>Silv.</span> <span class='ocrx_word' id='word_1_348' title='bbox 1243 2191 1278 2228; x_wconf 77' lang='lat' dir='ltr'>l,</span> <span class='ocrx_word' id='word_1_349' title='bbox 1309 2190 1345 2229; x_wconf 71' lang='grc'>4,</span> <span class='ocrx_word' id='word_1_350' title='bbox 1375 2190 1436 2222; x_wconf 80' lang='lat'>78:</span> <span class='ocrx_word' id='word_1_351' title='bbox 1477 2199 1623 2230; x_wconf 83' lang='lat' dir='ltr'>arcuque</span> 
     </span>
     <span class='ocr_line' id='line_1_69' title="bbox 927 2239 1467 2280; baseline -0.002 -9"><span class='ocrx_word' id='word_1_352' title='bbox 927 2241 1092 2272; x_wconf 79' lang='lat' dir='ltr'>horrenda</span> <span class='ocrx_word' id='word_1_353' title='bbox 1113 2240 1227 2280; x_wconf 64' lang='lat' dir='ltr'>fugaci</span> <span class='ocrx_word' id='word_1_354' title='bbox 1242 2257 1257 2262; x_wconf 99' lang='lat'><em>-</em></span> <span class='ocrx_word' id='word_1_355' title='bbox 1271 2257 1286 2262; x_wconf 98' lang='lat'>-</span> <span class='ocrx_word' id='word_1_356' title='bbox 1300 2239 1467 2270; x_wconf 79' lang='lat' dir='ltr'>Armenia.</span> 
     </span>
    </p>

    <p class='ocr_par' dir='ltr' id='par_1_16' title="bbox 927 2288 1625 2771">
     <span class='ocr_line' id='line_1_70' title="bbox 973 2288 1622 2329; baseline 0 -9"><span class='ocrx_word' id='word_1_357' title='bbox 973 2290 1109 2320; x_wconf 59' lang='lat'>1¹8—20.</span> <span class='ocrx_word' id='word_1_358' title='bbox 1134 2289 1256 2320; x_wconf 74' lang='lat' dir='ltr'>Italum</span> <span class='ocrx_word' id='word_1_359' title='bbox 1272 2288 1390 2329; x_wconf 79' lang='lat' dir='ltr'>Robur]</span> <span class='ocrx_word' id='word_1_360' title='bbox 1420 2297 1622 2320; x_wconf 82' lang='lat' dir='ltr'>«carcerem</span> 
     </span>
     <span class='ocr_line' id='line_1_71' title="bbox 929 2337 1624 2377; baseline -0.001 -8"><span class='ocrx_word' id='word_1_361' title='bbox 929 2337 1350 2376; x_wconf 65' lang='lat' dir='ltr'>roliureum‚Tullianumn</span> <span class='ocrx_word' id='word_1_362' title='bbox 1358 2362 1365 2376; x_wconf 89' lang='lat'>,</span> <span class='ocrx_word' id='word_1_363' title='bbox 1375 2344 1482 2377; x_wconf 89' lang='lat' dir='ltr'>quem</span> <span class='ocrx_word' id='word_1_364' title='bbox 1493 2337 1624 2368; x_wconf 74' lang='lat' dir='ltr'>dest-ri-</span> 
     </span>
     <span class='ocr_line' id='line_1_72' title="bbox 928 2386 1623 2427; baseline -0.001 -9"><span class='ocrx_word' id='word_1_365' title='bbox 928 2387 979 2418; x_wconf 88' lang='lat' dir='ltr'>bit</span> <span class='ocrx_word' id='word_1_366' title='bbox 992 2386 1115 2418; x_wconf 83' lang='lat' dir='ltr'>Salust.</span> <span class='ocrx_word' id='word_1_367' title='bbox 1132 2386 1230 2418; x_wconf 87' lang='lat' dir='ltr'>Catil.</span> <span class='ocrx_word' id='word_1_368' title='bbox 1249 2388 1318 2425; x_wconf 74' lang='lat'>55..</span> <span class='ocrx_word' id='word_1_369' title='bbox 1338 2387 1371 2418; x_wconf 94' lang='lat' dir='ltr'>in</span> <span class='ocrx_word' id='word_1_370' title='bbox 1389 2395 1495 2427; x_wconf 86' lang='lat' dir='ltr'>quem</span> <span class='ocrx_word' id='word_1_371' title='bbox 1510 2386 1623 2418; x_wconf 87' lang='lat' dir='ltr'>nudus</span> 
     </span>
     <span class='ocr_line' id='line_1_73' title="bbox 928 2436 1620 2475; baseline -0.004 -7"><span class='ocrx_word' id='word_1_372' title='bbox 928 2437 1093 2468; x_wconf 85' lang='lat' dir='ltr'>detrusus</span> <span class='ocrx_word' id='word_1_373' title='bbox 1125 2438 1180 2468; x_wconf 85' lang='lat' dir='ltr'>est</span> <span class='ocrx_word' id='word_1_374' title='bbox 1203 2437 1308 2467; x_wconf 86' lang='lat' dir='ltr'>etiam</span> <span class='ocrx_word' id='word_1_375' title='bbox 1333 2436 1506 2475; x_wconf 78' lang='lat' dir='ltr'>Iugurtha.</span> <span class='ocrx_word' id='word_1_376' title='bbox 1552 2436 1620 2466; x_wconf 83' lang='lat' dir='ltr'>Liv.</span> 
     </span>
     <span class='ocr_line' id='line_1_74' title="bbox 929 2484 1625 2524; baseline -0.001 -8"><span class='ocrx_word' id='word_1_377' title='bbox 929 2485 989 2521; x_wconf 84' lang='lat'>38,</span> <span class='ocrx_word' id='word_1_378' title='bbox 1015 2486 1077 2516; x_wconf 87' lang='lat'>59:</span> <span class='ocrx_word' id='word_1_379' title='bbox 1122 2486 1159 2516; x_wconf 78' lang='lat' dir='ltr'>Ut</span> <span class='ocrx_word' id='word_1_380' title='bbox 1182 2486 1215 2516; x_wconf 78' lang='lat' dir='ltr'>in</span> <span class='ocrx_word' id='word_1_381' title='bbox 1239 2494 1406 2516; x_wconf 80' lang='lat' dir='ltr'>carcerem</span> <span class='ocrx_word' id='word_1_382' title='bbox 1430 2485 1514 2515; x_wconf 76' lang='lat' dir='ltr'>inter</span> <span class='ocrx_word' id='word_1_383' title='bbox 1534 2484 1625 2524; x_wconf 78' lang='lat' dir='ltr'>sures</span> 
     </span>
     <span class='ocr_line' id='line_1_75' title="bbox 929 2534 1624 2566; baseline -0.003 0"><span class='ocrx_word' id='word_1_384' title='bbox 929 2538 1105 2566; x_wconf 76' lang='lat' dir='ltr'>nocturnos</span> <span class='ocrx_word' id='word_1_385' title='bbox 1127 2538 1156 2566; x_wconf 76' lang='lat' dir='ltr'>c!</span> <span class='ocrx_word' id='word_1_386' title='bbox 1180 2535 1324 2566; x_wconf 73' lang='lat' dir='ltr'>latrones</span> <span class='ocrx_word' id='word_1_387' title='bbox 1348 2535 1400 2564; x_wconf 80' lang='lat' dir='ltr'>vir</span> <span class='ocrx_word' id='word_1_388' title='bbox 1423 2534 1624 2565; x_wconf 72' lang='lat' dir='ltr'>clarissimus</span> 
     </span>
     <span class='ocr_line' id='line_1_76' title="bbox 929 2583 1624 2624; baseline -0.001 -9"><span class='ocrx_word' id='word_1_389' title='bbox 929 2585 1043 2624; x_wconf 84' lang='lat' dir='ltr'>Scipio</span> <span class='ocrx_word' id='word_1_390' title='bbox 1082 2585 1272 2615; x_wconf 73' lang='lat' dir='ltr'>includatur</span> <span class='ocrx_word' id='word_1_391' title='bbox 1309 2587 1337 2615; x_wconf 77' lang='lat' dir='ltr'>et</span> <span class='ocrx_word' id='word_1_392' title='bbox 1378 2584 1409 2614; x_wconf 84' lang='lat' dir='ltr'>in</span> <span class='ocrx_word' id='word_1_393' title='bbox 1444 2583 1561 2614; x_wconf 76' lang='lat' dir='ltr'>robore</span> <span class='ocrx_word' id='word_1_394' title='bbox 1595 2587 1624 2614; x_wconf 72' lang='lat' dir='ltr'>et</span> 
     </span>
     <span class='ocr_line' id='line_1_77' title="bbox 929 2632 1620 2672; baseline -0.001 -9"><span class='ocrx_word' id='word_1_395' title='bbox 929 2633 1067 2664; x_wconf 77' lang='lat' dir='ltr'>tenebris</span> <span class='ocrx_word' id='word_1_396' title='bbox 1089 2634 1243 2672; x_wconf 61' lang='lat' dir='ltr'>despiret.</span> <span class='ocrx_word' id='word_1_397' title='bbox 1279 2633 1383 2664; x_wconf 81' lang='lat' dir='ltr'>Tacit.</span> <span class='ocrx_word' id='word_1_398' title='bbox 1404 2634 1489 2664; x_wconf 79' lang='lat' dir='ltr'>Anu.</span> <span class='ocrx_word' id='word_1_399' title='bbox 1510 2632 1541 2670; x_wconf 73' lang='lat'>4,</span> <span class='ocrx_word' id='word_1_400' title='bbox 1560 2633 1620 2664; x_wconf 61' lang='lat'>⁶29.</span> 
     </span>
     <span class='ocr_line' id='line_1_78' title="bbox 930 2681 1625 2721; baseline -0.001 -8"><span class='ocrx_word' id='word_1_401' title='bbox 930 2682 1031 2713; x_wconf 81' lang='lat' dir='ltr'>robur</span> <span class='ocrx_word' id='word_1_402' title='bbox 1065 2686 1093 2714; x_wconf 73' lang='lat' dir='ltr'>et</span> <span class='ocrx_word' id='word_1_403' title='bbox 1127 2691 1248 2713; x_wconf 60' lang='lat' dir='ltr'>samam</span> <span class='ocrx_word' id='word_1_404' title='bbox 1281 2685 1339 2713; x_wconf 74' lang='lat' dir='ltr'>ctu!</span> <span class='ocrx_word' id='word_1_405' title='bbox 1372 2681 1625 2721; x_wconf 80' lang='lat' dir='ltr'>parricidarum</span> 
     </span>
     <span class='ocr_line' id='line_1_79' title="bbox 927 2731 1619 2771; baseline -0.006 -8"><span class='ocrx_word' id='word_1_406' title='bbox 927 2740 1051 2771; x_wconf 81' lang='lat' dir='ltr'>poenas</span> <span class='ocrx_word' id='word_1_407' title='bbox 1083 2731 1244 2762; x_wconf 75' lang='lat' dir='ltr'>minitari.</span> <span class='ocrx_word' id='word_1_408' title='bbox 1295 2731 1364 2762; x_wconf 77' lang='lat' dir='ltr'>Cir.</span> <span class='ocrx_word' id='word_1_409' title='bbox 1386 2731 1507 2763; x_wconf 76' lang='lat' dir='ltr'>Festus</span> <span class='ocrx_word' id='word_1_410' title='bbox 1533 2731 1565 2762; x_wconf 89' lang='lat' dir='ltr'>in</span> <span class='ocrx_word' id='word_1_411' title='bbox 1590 2740 1619 2760; x_wconf 82' lang='lat' dir='ltr'>v.</span> 
     </span>
    </p>
   </div>
  </div>
 </body>
</html>
