1997 3219
667 206 741 236 riu.
772 206 807 236 n⁴
858 206 894 235 tl.
923 205 973 235 vi.
1497 200 1568 241 241

637 558 945 599 CARNOEN
983 556 1079 596 'VI-

366 678 561 735 Septimi.
596 677 736 720 Gades
767 676 931 718 aditure
964 686 1132 716 mecum
1162 678 1203 715 et

368 757 623 799 Cantabrum
655 756 869 798 indoctum
901 756 997 810 iuga
1030 754 1138 795 serre
1170 758 1313 794 nostra
1343 758 1384 793 et

229 900 284 933 Vl.
317 903 425 932 inscr.
452 900 539 940 volg.
572 900 621 931 Aa
642 900 850 939 Septimium,
885 900 918 930 et
942 899 993 930 sic
1019 898 1079 929 BS.
1109 915 1143 920 ——
1169 897 1218 928 Ad
1241 896 1421 935 Septimum
1442 904 1534 934 pros-

186 951 329 990 peneaice.
353 947 677 994 (προσφωιήτική)
701 948 874 980 tetracolos
895 949 930 979 T.
965 947 1120 987 Septimio
1147 946 1204 978 hc.
1234 964 1268 968 ——
1297 946 1326 976 4.
1353 945 1449 985 yadis
1471 945 1506 976 B⁴

192 1079 246 1110 vt.
274 1079 477 1119 Septimius,
512 1087 621 1119 eques
646 1080 835 1113 Romanus,

149 1127 243 1159 idem
267 1127 415 1165 videtur,
442 1127 485 1159 de
511 1136 580 1168 quo
605 1129 779 1167 Augustus
804 1127 837 1157 in

148 1176 299 1217 Epistola
330 1177 373 1208 ad
406 1177 586 1208 Horatium
617 1176 709 1217 apud
743 1177 835 1207 Suet.

149 1226 214 1257 vit.
251 1227 331 1257 Hor.
368 1226 428 1257 Ed.
464 1225 565 1257 Wolf.
603 1227 631 1256 2.
665 1234 742 1266 pag.
776 1225 835 1256 49:

151 1275 206 1306 Tui
231 1275 360 1314 qualem
382 1274 518 1306 habeam
542 1276 754 1313 memor-tam,
775 1283 840 1313 po-

147 1325 226 1356 teris
251 1333 293 1355 er
316 1324 471 1363 Septimio
494 1332 622 1362 quoque
646 1327 755 1354 nostro
776 1332 840 1353 au-

147 1374 229 1404 dire.
279 1373 377 1411 Quod
408 1371 560 1403 nonnulli
585 1373 615 1403 ei
647 1372 705 1403 Titi
735 1380 839 1412 prae-

150 1430 277 1453 nomen
303 1421 397 1459 dant,
423 1430 542 1452 merus
560 1422 613 1452 est
637 1430 735 1452 error
758 1420 837 1451 inde

149 1473 264 1507 ortus,
291 1470 385 1511 quod
409 1469 522 1501 Schol.
551 1470 655 1510 Cruq.
683 1469 727 1500 ad
750 1470 835 1510 Epp.

154 1521 187 1556 t,
221 1520 258 1557 3,
295 1521 325 1550 9.
369 1519 486 1550 Titium
520 1518 566 1550 ibi
601 1521 838 1550 memoratum

152 1569 267 1600 Titium
291 1568 485 1608 Septimium
501 1567 585 1599 salso
602 1570 715 1599 vocat.
751 1568 838 1599 Vide

149 1618 192 1649 ad
223 1617 243 1649 l.
271 1617 290 1649 l.
340 1616 440 1655 Quod
474 1618 592 1648 autem
627 1617 838 1649 Scholiastae

150 1676 231 1698 eum
248 1667 376 1698 Horatii
404 1664 678 1698 commilitonem
700 1668 838 1705 vocant,

152 1716 310 1757 precario
339 1716 486 1756 petitum
514 1714 653 1745 videtur
677 1724 719 1745 ex
742 1724 775 1745 v.
802 1715 839 1747 8:

150 1766 361 1804 Militiaeque.
424 1765 498 1795 Hoc
535 1772 620 1795 vero
655 1772 697 1795 ex
732 1764 843 1795 Scho—

152 1815 328 1846 liastarum
347 1814 546 1845 testimonio
559 1813 751 1845 admodum
765 1822 844 1854 pro-

152 1863 281 1901 babile,
308 1864 499 1903 Septimium
523 1863 610 1903 Epp.
631 1863 665 1900 t,
693 1861 722 1893 9.
750 1861 843 1893 haud

152 1913 332 1944 diversum
367 1921 444 1944 esse
477 1911 521 1943 ab
554 1912 655 1943 huius
680 1912 844 1943 carminis

153 1963 319 2001 septimio.
368 1962 415 1993 Ex
447 1961 624 1992 mentione
650 1960 846 1992 Cantabro-

155 2019 232 2042 rum
257 2011 408 2050 (Basken)
440 2010 596 2040 nondum
622 2009 846 2045 >devictorum

157 2060 286 2090 Franke
311 2061 344 2090 et
370 2058 506 2090 Lubker
530 2057 744 2096 collegerunt
768 2067 848 2089 car-

157 2117 238 2140 men
263 2109 432 2148 scriptum
458 2116 535 2138 esse
553 2116 583 2137 a.
603 2107 665 2139 728
682 2106 737 2138 vel
755 2107 845 2144 729„

157 2166 271 2197 neque
308 2165 391 2188 vero
426 2155 560 2193 obstat,
601 2155 696 2196 quod
731 2155 846 2186 Sabini

155 2207 228 2242 sui.
266 2215 283 2236 a
317 2206 517 2237 Maecenate
552 2214 582 2235 a.
617 2205 690 2236 723.
717 2204 845 2243 donati,

157 2254 285 2286 nullam
315 2255 370 2285 hic
401 2255 613 2286 mentionem
638 2254 728 2285 iacit.
777 2254 845 2286 Cir.

156 2303 200 2334 ad
236 2313 267 2334 v.
306 2305 335 2334 ὅ.
387 2302 459 2334 Noli
498 2304 599 2343 igitur
635 2304 766 2335 referre
804 2304 848 2335 ad

157 2362 188 2383 a.
214 2353 277 2384 7¹8
302 2352 354 2383 set
379 2353 476 2390 nu,
507 2353 554 2383 uti
579 2353 736 2384 iecerunt
760 2362 849 2384 non-

159 2401 257 2437 nulli;
285 2402 347 2432 etsi
375 2402 484 2433 fateor
507 2403 632 2433 miram
659 2403 740 2434 milii
758 2411 851 2434 sem-

159 2460 223 2492 per
256 2451 366 2482 usam
396 2460 474 2482 esse
508 2460 539 2481 v.
565 2451 596 2482 8.
621 2452 758 2483 'nimiae
793 2461 850 2484 re-

159 2500 398 2531 cordationem
430 2500 498 2530 XV.
528 2500 598 2530 sere
628 2501 726 2532 annis
757 2503 851 2541 post—

158 2558 265 2589 quam
314 2558 409 2580 arma
461 2548 571 2580 semel
624 2549 847 2589 deposuerat.

161 2597 402 2637 (Disticultates
427 2598 528 2629 liuius
552 2599 715 2629 carminis
740 2607 851 2639 expo-

160 2648 225 2678 suit
252 2648 347 2678 Estri'·
374 2647 456 2678 llor.
485 2648 536 2678 l‘r.
565 2656 597 2687 p.
625 2647 711 2679 ΗΒΑ

205 2697 234 2727 4.
261 2696 377 2737 Gades]
410 2697 478 2727 (jsr.
506 2696 567 2727 Od.
598 2698 631 2730 2.
660 2698 696 2734 2,
736 2698 782 2728 tt.
815 2716 847 2721 —

162 2746 305 2786 aditure]
334 2746 390 2776 “Si
415 2754 503 2785 opus
529 2746 645 2781 suerit,
678 2747 782 2778 etiam
807 2746 849 2777 ml

276 2806 393 2834 ttoiu‘r.
421 2814 480 2834 toi.
518 2807 535 2833 l.
581 2815 619 2835 »tn
657 2815 753 2835 §nunu
780 2807 825 2836 ΙΙΙ.

889 1079 1065 1108 extremas
1089 1085 1130 1108 ac
1155 1074 1209 1107 vel
1234 1075 1385 1107 maxime
1409 1074 1500 1106 seras
1527 1083 1584 1105 re-

889 1127 1009 1167 giones
1027 1127 1062 1156 tu
1080 1134 1136 1156 me
1158 1124 1392 1162 comitabere3
1420 1126 1513 1155 tanta
1531 1125 1585 1155 est

892 1178 948 1206 tua
973 1175 1006 1206 in
1031 1183 1087 1205 me
1113 1174 1298 1205 amicitia.»
1353 1172 1585 1205 proverbium

891 1227 982 1255 erat:
1026 1220 1066 1254 τὸ
1104 1222 1280 1255 ἐπέκεινα
1318 1220 1504 1267 Γαδείρων
1539 1218 1584 1253 οὐ

891 1273 1085 1318 περατέον.
1113 1274 1254 1311 Gregor.
1275 1273 1355 1303 Naz.
1375 1272 1431 1303 Or.
1452 1271 1504 1309 43,
1531 1271 1584 1303 24.

889 1320 933 1353 τὸ
967 1322 1060 1366 πέρα
1101 1319 1286 1365 Γαδείρων
1323 1316 1368 1352 οὗ
1411 1318 1585 1366 περατόν.

890 1372 1070 1403 Choricius
1107 1371 1184 1402 Maii
1216 1369 1330 1412 Spicil.
1366 1370 1405 1401 V.
1431 1379 1466 1411 p.
1493 1370 1583 1408 450,

890 1420 1035 1452 ductum
1060 1429 1100 1451 ex
1126 1419 1223 1451 Pind.
1244 1420 1342 1451 Nem.
1368 1418 1405 1457 4,
1435 1420 1492 1451 69:
1520 1419 1591 1450 Γα-

889 1469 1022 1515 δείρων
1056 1466 1098 1500 τὸ
1130 1465 1224 1514 πρὸς
1253 1465 1375 1509 ζόφον
1399 1463 1444 1500 οὐ
1470 1479 1587 1514 ,τερα-

890 1517 968 1551 τόν.
996 1519 1133 1550 Dictum
1150 1526 1234 1550 sane
1249 1520 1302 1549 est
1319 1517 1448 1549 eodem
1465 1519 1584 1550 modo.

891 1578 961 1609 quo
979 1569 1137 1608 Propert.
1162 1567 1192 1606 Λ1,
1212 1567 1243 1605 6,
1262 1567 1299 1598 3:
1328 1567 1426 1605 Tulle,
1450 1585 1486 1589 ——
1505 1567 1586 1599 Cmn

891 1626 956 1656 quo
967 1617 1127 1656 Rhipaeos
1134 1616 1258 1655 possim
1269 1617 1483 1647 conscendere
1497 1626 1589 1648 mon.-

891 1670 955 1703 tes;
999 1675 1065 1697 nec
1108 1673 1192 1696 vero
1240 1674 1322 1696 cum
1371 1665 1591 1698 Scholasticis

893 1714 1066 1748 nonnullis
1092 1715 1184 1746 serio
1201 1714 1447 1754 accipiendum
1465 1715 1508 1746 (le
1526 1725 1590 1747 ne.-

892 1766 965 1797 scio
990 1773 1059 1805 quo
1085 1763 1214 1795 Horatii
1240 1765 1275 1794 et
1291 1764 1447 1804 Septimii
1465 1764 1591 1805 despe—

894 1816 968 1846 rato
1004 1816 1108 1854 atque
1145 1814 1266 1845 insano
1298 1812 1443 1845 consilio
1477 1814 1590 1845 Gades

892 1862 1140 1905 proficiscendi
1163 1861 1218 1893 vel
1243 1862 1349 1893 etiam
1373 1862 1465 1902 apud
1495 1863 1593 1894 indo-

894 1913 996 1944 mitos
1043 1910 1237 1943 Cantabros
1278 1911 1450 1951 refugium
1484 1920 1595 1952 quae—

895 1961 1006 1993 rendi.

939 2011 970 2041 2.
998 2010 1173 2048 Cantabri,
1201 2009 1329 2050 quibus
1353 2011 1497 2042 Romani
1523 2012 1591 2042 iani

897 2068 928 2090 a.
956 2067 988 2090 u.
1023 2060 1097 2090 725.
1132 2058 1263 2090 bellum
1296 2059 1498 2098 intulerant,
1536 2070 1593 2091 rc-

898 2107 1008 2139 belles
1033 2108 1129 2146 iacti,
1156 2107 1199 2138 ab
1225 2110 1380 2147 Augusto
1405 2117 1436 2139 a.
1456 2109 1530 2140 729.
1559 2112 1593 2140 et

898 2158 1025 2188 iterum
1049 2165 1080 2187 a.
1106 2156 1179 2188 730.
1212 2157 1312 2195 victi,
1349 2158 1383 2189 in
1418 2158 1487 2189 fide
1523 2168 1591 2190 non

899 2208 1178 2247 permanserant,
1189 2206 1251 2237 sed
1258 2207 1419 2245 pertinax
1429 2216 1552 2239 eorum
1561 2209 1596 2238 in

899 2256 1082 2287 rebellando
1091 2256 1155 2295 suit
1164 2256 1304 2286 animus.
1325 2254 1412 2286 Flor.
1426 2255 1456 2294 4,
1475 2257 1526 2294 112,
1539 2256 1591 2288 47.

899 2305 1031 2336 Dew'cti
1057 2304 1202 2336 demum
1228 2306 1309 2336 sunt
1332 2313 1349 2335 a
1376 2305 1419 2336 M.
1443 2306 1592 2348 Agrippa

899 2363 928 2385 a.
971 2354 1067 2389 735.;
1109 2354 1211 2394 igitur
1254 2355 1369 2395 iuqum
1410 2355 1594 2386 Romanum

900 2404 989 2436 serre
1015 2403 1172 2435 nondum
1189 2403 1399 2441 didicerant,
1427 2412 1508 2435 curn
1526 2404 1592 2435 hoc

899 2462 1041 2485 carmen
1055 2453 1253 2494 composuit
1270 2455 1382 2493 poeta.
1404 2454 1472 2484 Csr.
1489 2454 1592 2484 etiam

899 2502 960 2533 Od.
978 2502 1015 2539 3,
1041 2502 1078 2540 8,
1097 2503 1157 2534 22:
1185 2502 1348 2534 Cantaber
1363 2511 1438 2532 sera
1454 2503 1594 2533 domitus

899 2555 1026 2582 catena.
1068 2551 1129 2583 Od.
1163 2551 1198 2589 4,
1237 2550 1293 2589 114,
1331 2550 1389 2582 41:
1432 2551 1595 2582 Cantaber

901 2609 963 2631 non.
987 2604 1063 2632 ante
1091 2600 1272 2631 domabilis.
1323 2601 1438 2631 lustin¹
1466 2599 1524 2639 lili,
1551 2602 1589 2631 .''›:

901 2650 965 2680 Nec
982 2651 1036 2689 pri
1042 2660 1077 2680 ns
1088 2650 1275 2689 pei-domim
1288 2649 1464 2688 provincia
1479 2649 1592 2690 iugum

900 2699 1037 2738 Hispani
1076 2700 1223 2738 accipere
1258 2701 1454 2737 potuerunt,
1491 2708 1592 2737 quam

901 2749 1023 2778 s'nesm·
1046 2750 1210 2787 :inquisitis
1236 2748 1418 2786 perdmnilo
1442 2748 1518 2778 orbe
1544 2750 1592 2778 ri·

1297 2810 1326 2837 Ιϋ
