1997 3219
541 356 698 397 Virtute
732 368 798 396 me
830 354 996 396 involvo
1027 354 1290 410 probamque
1702 356 1753 394 υἷ’)

818 251 984 283 ΗΟΒΑΤΙΙ
1009 251 1231 285 CARMINUM

599 435 851 491 Pauperiem
883 435 973 477 sine
1006 434 1104 477 dote
1135 448 1310 491 quaero.

484 542 573 582 Non
605 547 669 583 est
698 540 928 588 meum,‹si
960 541 1119 596 mugiat
1148 539 1297 583 Africis

487 621 620 664 Malus
650 620 869 677 procellis.
904 621 957 663 ad
983 621 1167 674 *miseras
1198 634 1350 677 preces

540 703 779 745 Decurrere
810 708 852 744 et
881 702 989 744 votis
1021 701 1198 758 pacisci,

596 784 657 824 Ne
688 782 872 839 Cypriae
902 782 1143 839 Tyriaeque
1175 795 1340 824 merces

405 890 457 921 60.
484 890 667 929 Syriaeque
691 898 720 920 c.
750 889 830 928 (non
854 888 955 927 BbS.)

319 983 405 1023 Epp.
435 982 527 1021 4,7,
549 981 607 1014 34:
644 982 714 1013 Hac
738 990 795 1022 eqo
819 981 846 1012 si
870 980 1014 1020 compel-

319 1032 370 1062 lor
393 1031 553 1072 imaqine,
591 1034 710 1062 cuneta
740 1031 882 1070 resiyno.
932 1030 1015 1060 «Re-

319 1081 453 1121 siqnare
487 1081 618 1121 antiqui
651 1089 715 1121 pro
748 1079 926 1111 rescribere
946 1087 1015 1119 po-

320 1129 469 1168 nebant,
503 1130 541 1160 ut
571 1129 687 1160 adhuc
711 1129 903 1169 subsignare
927 1127 1016 1159 dici—

321 1187 399 1209 mus
426 1187 490 1219 pro
514 1178 748 1209 subscribere.»
784 1178 917 1209 Fsssws.
958 1178 1017 1208 Re-

319 1227 458 1259 scribere
481 1228 599 1258 autem
624 1228 678 1259 est
701 1228 872 1267 scriptum
907 1226 1016 1258 debiti

320 1276 489 1315 liberare,
516 1276 675 1308 debitum
692 1275 829 1308 solvere
847 1284 912 1316 per
928 1276 1014 1307 scri—

321 1328 460 1368 pturam
495 1325 705 1367 (Anwez'sunq
739 1326 804 1366 auf
834 1326 927 1356 einen
958 1335 1018 1357 an-

322 1376 428 1417 dern).
457 1376 615 1407 Incertus
633 1375 726 1416 apud
744 1375 830 1407 Plut.
850 1375 894 1406 de
912 1376 1019 1407 Tran-

322 1424 415 1465 quill.
434 1424 509 1456 Vol.
530 1425 560 1456 7.
591 1434 626 1465 p.
653 1426 726 1456 855.
755 1426 802 1456 R:
836 1421 922 1457 ‘Hae
947 1424 1018 1466 μὲν

322 1470 369 1505 ἄν
392 1483 428 1505 τι
451 1474 569 1519 φέρῃς
584 1497 592 1511 ,
619 1470 748 1516 ὀλίγον
770 1472 798 1504 δ’
822 1469 937 1513 ἄχος,
972 1470 1018 1515 ἢν

321 1519 541 1569 ἀπολείπῃς.
589 1524 722 1555 Seneca
747 1523 790 1555 de
814 1524 940 1564 Tranq.
960 1524 1017 1555 ⁴11:

324 1575 592 1614 Ouandoeunque
623 1576 733 1604 autem
766 1574 903 1605 reddere
933 1573 1020 1604 iube-

324 1624 435 1661 bitur,
472 1632 538 1654 non
573 1626 727 1661 queretur
756 1632 830 1654 eum
853 1623 1015 1662 Fortuna,

325 1673 379 1704 sed
403 1672 502 1711 dicet,
541 1672 627 1711 Quia
650 1672 810 1711 imperas,
835 1673 912 1703 cedo
934 1681 1019 1712 qra—

324 1726 375 1754 tus
407 1721 581 1760 libensque.
635 1721 671 1752 Si
705 1722 783 1760 quid
817 1722 937 1753 habere
970 1731 1020 1753 me

324 1773 372 1803 tui
394 1772 558 1810 votecerts.
585 1771 772 1802 etiamnunc
795 1771 954 1802 servabo:
989 1772 1017 1802 si

324 1822 416 1852 aliud
426 1820 536 1860 placet
551 1845 558 1858 ,
584 1829 641 1860 eqo
663 1828 741 1851 vero
763 1820 889 1860 factum
906 1821 1020 1860 siqua-

323 1873 456 1909 tumque
471 1872 663 1910 amentum,
689 1869 822 1900 domum
836 1870 1020 1910 familiam-

325 1928 387 1958 que
409 1927 517 1950 meam
539 1919 654 1957 reddo,
684 1919 830 1950 restituo.

368 1969 420 1999 55.
443 1968 567 1999 Virtute
582 1976 632 1998 me
650 1967 788 2008 irwolvo]
808 1967 932 1999 «veluti
950 1968 1022 2009 pal-

325 2017 392 2055 lio3
427 2018 564 2049 certum
591 2016 805 2057 praesidium
831 2025 910 2048 eam
936 2018 1020 2049 mihi

327 2075 446 2107 paro.»
486 2065 580 2097 Plato
598 2065 642 2097 de
660 2067 744 2107 Rep.
763 2069 801 2105 5,
828 2075 861 2107 p.
880 2066 955 2098 457.
973 2068 1019 2098 A:

326 2118 408 2155 ταῖς
422 2114 496 2146 τῶν
516 2112 699 2154 φυλάκων
718 2113 902 2157 γυναιξίν,
922 2115 1021 2147 ἐπεί-

327 2174 394 2210 περ
422 2160 560 2209 ἀρετὴν
584 2160 669 2195 ἀντὶ
695 2165 853 2205 ἱματίων
879 2161 1021 2206 ἀμφιέ-

327 2223 460 2246 σονται
483 2212 561 2245 κτλ.
610 2214 681 2246 Cic.
706 2214 751 2245 ad
771 2215 864 2246 Fam.
890 2215 929 2253 9,
954 2215 1017 2246 20:

328 2264 444 2295 litteris
465 2272 516 2294 me
539 2263 678 2294 involvo.
727 2264 854 2295 Athen.
881 2264 911 2295 7.
939 2272 1018 2304 pag.

327 2313 401 2344 028⁴.
428 2312 471 2343 de
497 2313 664 2351 Dionysio
690 2311 898 2344 Heracleota
914 2338 921 2351 ,
962 2314 1020 2353 qui

328 2370 371 2392 ex
394 2363 468 2393 stoa
489 2362 522 2392 in
540 2362 678 2402 Epicuri
695 2361 814 2393 hortos
833 2362 1017 2401 migrarat:

329 2406 372 2449 ὃς
395 2406 572 2455 ἄντικρυς
587 2406 732 2450 ἀποδὺς
757 2407 822 2441 τὸν
846 2409 914 2451 τῆς
938 2407 1022 2455 ἀρε-

328 2458 395 2502 τῆς
404 2457 546 2498 χιτῶνα
559 2455 697 2491 ἀνθινὰ
708 2458 1018 2502 μετημφιάσατο.

371 2510 425 2541 56.
462 2510 530 2541 sine
565 2509 651 2550 dote]
693 2510 784 2550 Opes
824 2511 1019 2550 significat,

330 2558 458 2599 quibus
484 2559 633 2589 Fortuna
658 2557 762 2589 veluti
787 2558 883 2590 dotat
918 2569 1018 2595 eum,

331 2608 386 2640 cui
403 2607 505 2639 favet.
543 2608 659 2647 Imago
684 2609 802 2639 autem
826 2607 870 2639 ab
895 2618 937 2639 eo
955 2609 1022 2640 du·-

332 2657 437 2695 citur,
489 2656 584 2696 quod
623 2657 791 2696 virginem
830 2657 1021 2690 indotatam

332 2706 396 2737 sibi
428 2706 523 2746 tingit
549 2707 734 2738 honestam
764 2709 1018 2747 paupertatem.

334 2756 469 2786 Petron.
494 2755 556 2788 841:
599 2756 702 2788 bonae
722 2757 838 2788 mentis
861 2765 954 2787 soror
977 2760 1021 2788 est

330 2808 521 2843 paupertas.

1705 786 1756 824 tit)

1111 981 1162 1012 57.
1190 981 1242 1012 58.
1284 982 1358 1013 Nou
1381 985 1426 1013 est
1448 982 1566 1023 meum]
1593 991 1682 1013 «non
1708 985 1758 1013 cst

1066 1039 1168 1061 meae
1186 1029 1312 1062 indolis
1330 1032 1472 1071 meique
1490 1032 1616 1069 moris;
1644 1040 1662 1062 a
1682 1040 1757 1063 mea

1067 1079 1232 1119 dignitate
1250 1079 1453 1111 abhorret.»
1493 1079 1587 1112 Plato
1603 1079 1712 1112 Alcib.
1735 1082 1756 1111 1.

1066 1138 1099 1170 p.
1120 1129 1192 1160 106.
1211 1130 1236 1160 Β
1256 1138 1261 1159 ;
1300 1124 1345 1161 οὗ
1378 1127 1450 1174 γάρ
1478 1128 1559 1162 ἐστι
1582 1127 1759 1162 τοιοῦτον

1064 1175 1109 1209 τὸ
1144 1175 1250 1219 ἐμόν.
1298 1177 1406 1210 Plaut.
1444 1179 1540 1210 Asin.
1580 1180 1612 1216 1,
1641 1179 1678 1217 3,
1705 1179 1756 1210 38.

1041 1259 1045 1268 Ἰ
1066 1228 1133 1258 ΑΒ.
1164 1228 1239 1258 Non
1261 1236 1369 1259 meum
1392 1231 1448 1259 est.
1476 1229 1539 1259 CL.
1565 1229 1632 1259 Nec
1653 1237 1758 1259 meu-m

1067 1277 1198 1315 quidem
1230 1277 1352 1316 edepol.
1404 1277 1483 1315 Tac.
1516 1278 1604 1308 Ann.
1640 1277 1681 1315 6,
1716 1278 1757 1309 8:

1067 1335 1133 1357 non
1167 1329 1212 1357 est
1244 1329 1394 1357 nostrum
1418 1344 1435 1348 -
1458 1344 1476 1349 -
1499 1326 1685 1358 aestimare.
1724 1345 1758 1349 —

1066 1375 1209 1416 mugiat]
1253 1374 1443 1414 «strideat,
1481 1376 1657 1416 fragorem
1681 1376 1760 1407 edat

1068 1425 1112 1456 ab
1147 1425 1262 1456 Africo
1296 1424 1462 1456 fractus.»
1498 1425 1559 1456 Od.
1580 1426 1616 1463 ¹1,
1644 1425 1701 1463 44,
1727 1426 1758 1456 5.

1067 1474 1176 1506 malus
1199 1492 1217 1497 —
1239 1492 1257 1496 -
1287 1474 1520 1514 Antennaeque
1549 1478 1692 1516 yemant.
1724 1493 1757 1496 k

1067 1523 1216 1564 miseras]
1243 1523 1429 1563 «humiles,
1467 1533 1558 1564 quae
1594 1523 1762 1556 dedecori

1070 1574 1151 1604 sunt
1175 1572 1237 1611 illi,
1265 1574 1322 1613 qui
1349 1573 1398 1605 eis
1422 1575 1565 1605 utitur.»

1113 1623 1165 1655 59.
1193 1623 1245 1654 60.
1273 1623 1465 1664 Decurrere]
1492 1624 1583 1664 Virg.
1607 1626 1692 1655 Aen.
1719 1625 1756 1661 5,

1070 1674 1154 1705 782:
1207 1681 1319 1712 preces
1348 1673 1536 1704 descendere
1564 1673 1597 1703 in
1627 1682 1759 1712 omnes,

1070 1722 1165 1762 quod
1190 1721 1406 1761 frequentius
1432 1723 1495 1752 est.
1526 1740 1561 1744 —
1594 1723 1677 1753 votis
1694 1732 1762 1762 pa-

1069 1770 1165 1811 cisci]
1214 1772 1481 1802 «mercatorum
1525 1780 1623 1803 more
1672 1773 1761 1803 votis

1070 1821 1264 1860 transigere
1294 1828 1374 1851 cum
1400 1819 1472 1858 dis,
1514 1829 1556 1851 ne
1582 1821 1761 1861 naufragio

1070 1870 1162 1902 facto
1196 1870 1371 1909 pretiosae
1413 1878 1551 1901 merces
1594 1871 1628 1901 in
1673 1871 1761 1902 mari

1069 1920 1256 1960 pereant»;
1290 1918 1322 1949 id
1355 1917 1450 1958 quod
1476 1920 1613 1959 poetice
1646 1921 1762 1960 expri-

1071 1969 1134 2000 mit
1154 1969 1327 2000 revocatis
1352 1968 1384 1999 in
1410 1970 1564 2000 mentem
1590 1969 1761 2001 thesauris

1071 2019 1104 2049 in
1135 2019 1346 2058 perpetuum
1382 2017 1566 2049 demersis.
1628 2020 1761 2050 Seneca

1072 2068 1226 2105 Quaestt.
1261 2068 1330 2097 nat.
1363 2065 1400 2105 4,
1426 2067 1467 2097 7:
1508 2067 1639 2108 Neqant
1668 2077 1763 2107 posse

1068 2117 1163 2157 fieri,
1199 2119 1235 2147 ut
1267 2125 1340 2146 cum
1363 2116 1528 2156 yramline
1553 2117 1674 2156 aliquis
1694 2126 1761 2156 pa—

1070 2167 1214 2197 ciscatur
1247 2169 1276 2196 et
1320 2168 1521 2204 tempestates
1562 2168 1763 2198 munusculis

1070 2208 1222 2246 redimat.
1253 2233 1286 2236 ——
1325 2215 1519 2256 Tyriaeque]
1556 2215 1598 2247 al.
1630 2216 1763 2254 syriae-

1071 2274 1142 2304 que.
1191 2265 1280 2295 Sane
1315 2273 1333 2295 a
1368 2263 1518 2296 librariis
1544 2265 1658 2296 notius
1682 2274 1758 2296 voc.

1071 2314 1301 2346 substitutum
1327 2315 1380 2345 est
1403 2314 1538 2345 rariori.

1115 2363 1167 2394 61.
1205 2362 1257 2393 62.
1295 2363 1413 2404 avaro]
1458 2363 1520 2394 Od.
1548 2364 1560 2394 1¹
1578 2389 1586 2402 ,
1612 2364 1670 2401 ἓ8,
1697 2364 1759 2395 1¹8:

1071 2413 1205 2443 avidum
1227 2420 1331 2443 mare.
1362 2431 1396 2434 —
1428 2413 1514 2443 Tunc
1537 2413 1655 2453 recepi
1680 2421 1762 2453 par-

1072 2462 1134 2493 tim
1166 2462 1309 2501 propter
1341 2462 1584 2501 gravissimam
1608 2463 1762 2493 auctori-

1071 2511 1180 2542 tatem
1206 2509 1316 2541 Codd.
1344 2509 1404 2541 Bb.
1425 2536 1430 2548 ,
1469 2511 1595 2551 partim
1618 2513 1762 2551 propter

1072 2559 1245 2599 ingratum
1262 2567 1389 2591 sonum
1408 2560 1487 2590 Tum
1502 2577 1520 2582 —
1540 2563 1660 2597 tutum3
1689 2560 1762 2600 (Sa—

1072 2608 1230 2639 nadonus
1265 2607 1425 2639 volebat:
1466 2609 1552 2640 Dum
1574 2626 1592 2632 -
1608 2627 1626 2631 —
1647 2608 1762 2649 ferat.)

1073 2659 1176 2688 «tunc
1200 2657 1320 2697 igitur,
1361 2658 1395 2688 id
1420 2660 1491 2696 est,
1531 2657 1586 2689 tali
1611 2658 1644 2689 in
1667 2658 1762 2698 peri-

1072 2705 1172 2744 culo,
1214 2706 1298 2738 dum
1333 2706 1387 2738 alii
1422 2708 1466 2739 ad
1500 2708 1578 2738 vota
1609 2706 1761 2738 descen-

1071 2756 1191 2788 dunt.»
1217 2755 1298 2788 Plin.
1319 2757 1358 2788 11.
1377 2758 1416 2788 N.
1434 2758 1471 2795 8,
1491 2757 1546 2788 ’1οῑ
1572 2756 1651 2787 Tum
1662 2765 1763 2795 prue-

1071 2806 1186 2845 eipuus
1207 2809 1358 2837 votorum
1385 2806 1474 2837 locus
1501 2808 1563 2844 est,
1599 2814 1673 2837 cum
1695 2807 1761 2845 spei
