1997 3219
325 216 404 257 474
830 219 999 251 iionATu
1025 219 1248 253 CARMlNUM

491 321 683 371 Quorum
714 321 902 377 plaustra
932 335 1062 379 vagas
1094 323 1171 365 rite
1203 323 1371 365 trahunt
1391 323 1558 371 domos,
1706 323 1756 364 40

434 401 585 443 Vivunt
615 408 657 443 et
688 401 811 457 rigidi
847 402 1000 451 Getae,

488 482 705 524 Immetata
736 481 892 538 quibus
923 482 1071 538 iugera
1100 482 1256 526 liberas

433 587 594 642 Fruges
625 593 666 629 et
697 587 899 630 Cererem
929 587 1068 630 ferunt

486 667 573 709 Nec
603 667 768 710 cultura
798 667 938 724 placet
966 666 1132 725 lengior
1161 682 1301 711 annua

433 747 775 804 Defunctumque
806 747 1025 792 laboribus

409 847 461 879 40.
487 856 592 889 uagos
615 849 651 879 T.

318 949 353 981 p.
379 939 473 979 408.‚
517 940 577 972 ubi
604 941 695 972 inter
720 940 785 972 alia
820 949 881 974 eos
911 943 1014 974 vocat

320 985 414 1031 ἔθνη
439 985 580 1031 εὐσεβῆ
605 987 724 1029 πάνυ,
753 987 819 1030 Ὡς
843 986 932 1023 οὐδὲ
960 988 1014 1032 εἷς

317 1033 500 1080 ἔμψυχον
515 1035 698 1081 ἀδικῆσαί
713 1041 795 1071 ,τοτ’
809 1035 869 1071 ἄν.
888 1040 1012 1072 Strabo

318 1088 348 1119 7.
367 1097 401 1129 p.
421 1088 495 1120 464.
513 1089 551 1121 C.
577 1089 711 1129 Campi,
730 1089 833 1130 plana
850 1089 905 1121 illa
922 1089 1010 1129 loca,

317 1145 408 1177 quae
444 1146 508 1169 nos
532 1147 700 1170 vocamus
723 1139 882 1179 Steppen;
919 1149 1013 1171 cam—

313 1190 438 1225 pestres
479 1196 562 1227 ergo
599 1196 763 1228 «semper
802 1189 837 1219 in
876 1190 1011 1229 campis

316 1235 484 1275 degentes
501 1261 508 1275 ,
556 1233 760 1277 νομάδες.»
803 1253 839 1259 -
879 1238 1012 1281 melius]

315 1284 412 1316 Iliad.
448 1295 487 1324 ν,
524 1286 555 1317 5.
603 1286 647 1318 de
686 1286 812 1318 iisdem
848 1287 1009 1328 populis:

314 1330 470 1377 ἀγαυῶν
488 1330 750 1377 Ἱππημολγῶν
781 1334 1012 1376 Γλακτοφά-

318 1394 415 1426 yon),
436 1379 567 1422 Ἀβίων
584 1394 643 1423 τε,
669 1383 919 1418 δικαιοτάτων
942 1382 1011 1418 ἆν-

314 1432 490 1480 θρώπων.
523 1452 558 1458 -
588 1435 761 1477 plaustra]
785 1432 1008 1477 ἁμαξόβιοι,

315 1479 536 1525 ἁμάξοικοι.
577 1484 742 1526 Aeschyl.
768 1487 885 1518 Prom.
923 1487 1008 1518 709:

314 1531 468 1573 Σκύθας
502 1531 531 1564 δ’
565 1529 694 1574 ἀφίξει
738 1533 933 1576 νομάδας,
973 1536 1012 1568 οἳ

317 1580 480 1623 πλεκτὰς
513 1584 650 1625 στέγας
682 1582 890 1630 Πεὸάρσιοι
927 1587 1010 1618 ναί-

318 1634 401 1665 ουσ’
420 1632 473 1665 εἴτ’
486 1629 684 1673 εὐκύκλοις
700 1630 821 1675 ὄχοις.
839 1636 1009 1668 Pindarus

316 1684 350 1714 in
383 1684 436 1715 Fr.
469 1683 622 1715 Boeckh.
656 1684 718 1715 Ed.
751 1685 834 1716 min.
865 1693 900 1726 p.
932 1685 1006 1718 2214.

318 1733 370 1764 his
394 1729 620 1773 Νομάὸεσσι
649 1733 769 1765 tribuit
802 1730 1009 1775 ἁμαξοφό-

316 1791 432 1826 ρητον
450 1780 569 1813 οἶκον.
618 1781 742 1814 Salust.
763 1784 815 1814 Fr.
834 1792 911 1824 pag.
930 1784 1006 1816 ⁶258.

313 1830 428 1862 Gerl.:
477 1831 617 1869 scythae
655 1832 841 1872 Nomades,
893 1833 1010 1872 quibus

309 1881 465 1919 plaustra
489 1881 577 1911 sedes
599 1883 684 1911 sunt.
744 1881 878 1913 Seneca
902 1882 1005 1914 Herc.

315 1928 380 1960 fur.
407 1937 439 1959 v.
458 1929 543 1960 535:
569 1928 737 1961 Hercules
761 1930 902 1962 Intravit
924 1931 1009 1971 Scy—

314 1978 399 2008 thiae
433 1978 635 2018 multivagas
675 1979 786 2010 domos
818 1980 862 2011 Et
899 1984 1008 2021 qentes

308 2027 430 2066 patriis
462 2027 591 2058 sedibus
624 2027 778 2067 hospitas.
838 2028 938 2061 Silius
962 2030 1005 2068 3,

310 2076 367 2107 6,)94
387 2085 392 2106 ;
419 2076 555 2116 Scythis
579 2077 727 2117 migyrare
747 2086 809 2117 per
831 2087 918 2110 arva
936 2079 1009 2111 Mos

311 2129 409 2164 atque
424 2129 572 2157 errantes
588 2126 844 2159 circmnveelare
859 2128 1004 2159 Penates.

310 2175 409 2206 Cont.
436 2176 569 2207 Grimm
597 2176 706 2207 Gesch.
740 2177 770 2206 cl.
799 2177 829 2207 d.
860 2178 1007 2217 Spraclie

310 2225 334 2254 l.
360 2233 394 2265 p.
421 2224 506 2255 23οῑ
546 2225 627 2256 «Die
658 2234 759 2265 {leyen
783 2227 916 2258 Norden
939 2228 1007 2257 und

312 2274 438 2304 H'esten
455 2273 711 2314 aufbrechenden
724 2275 864 2313 Slcythen
879 2279 1005 2308 mussan

308 2323 510 2363 stufenweise
527 2324 727 2355 entscliesseden
745 2326 817 2356 clem
832 2327 1007 2358 wandel-n-

309 2373 370 2404 (len
392 2373 596 2404 Hirtenleben
621 2374 801 2413 znqefallen
827 2375 893 2405 sein
908 2385 918 2411 ‚·
958 2376 1005 2407 bei

310 2422 466 2453 Griechen
490 2423 557 2453 und
574 2424 730 2461 Ιίὀηισνη,
757 2423 808 2455 die
823 2425 881 2455 mit
898 2425 1004 2456 diesen

309 2472 530 2502 wandernden
552 2472 690 2510 Scythen
718 2474 875 2504 zwic'zsschst
893 2474 925 2504 in
940 2474 1003 2505 Be-

306 2521 458 2561 Μίἢιίιης]
490 2524 616 2557 traten,
656 2523 814 2553 wnrzelte
841 2523 892 2554 die
923 2524 1003 2554 1⁷01·-

307 2570 444 2610 stellnngy
460 2579 534 2601 vom
550 2571 815 2611 Bogyenschiessen
837 2573 901 2602 wid
921 2572 1004 2603 Wa-

1712 752 1756 794 15

1062 942 1119 975 hic
1142 951 1211 974 non
1234 942 1410 983 loquitur;
1444 952 1534 984 quae
1560 945 1653 976 enim
1677 954 1757 977 mox

1063 992 1107 1024 de
1132 993 1204 1033 agri
1228 991 1364 1024 cultura
1379 992 1497 1031 affert,
1522 993 1567 1024 ad
1583 993 1678 1025 solos
1695 995 1759 1025 Ge-

1062 1043 1114 1073 tas
1138 1042 1336 1083 pertinent:
1378 1050 1503 1074 verum
1530 1044 1611 1074 sunt
1637 1043 1754 1082 iidem,

1062 1099 1152 1131 quos
1171 1091 1333 1132 profnyos
1355 1090 1506 1132 appellat
1523 1092 1586 1124 Od.
1607 1092 1637 1131 4,
1653 1092 1705 1131 35,
1724 1092 1754 1123 9.

1062 1142 1097 1171 et
1120 1140 1182 1171 Od.
1208 1139 1247 1178 4,
1274 1139 1332 1179 44,
1358 1139 1411 1172 42.
1440 1159 1474 1164 —
1500 1141 1580 1183 rite]
1608 1150 1669 1173 «ex
1693 1150 1756 1173 ve-

1061 1191 1135 1220 tere
1160 1189 1263 1220 huius
1287 1190 1400 1229 gentis
1424 1197 1559 1221 inore.»

1105 1239 1139 1269 44
1159 1238 1242 1270 -46,
1278 1238 1391 1279 rigidi]
1417 1238 1616 1280 «simplices
1639 1248 1681 1271 ac
1704 1249 1758 1272 se-

1060 1288 1173 1326 veri‚=›
1197 1288 1235 1318 ut
1251 1286 1368 1318 Sabini
1384 1288 1484 1329 riyidi
1502 1289 1589 1330 Epp.
1606 1290 1637 1329 2,
1657 1290 1688 1328 4,
1702 1290 1754 1321 ⁶25.

1060 1336 1123 1369 Alii
1147 1337 1264 1368 minus
1287 1338 1384 1368 recte
1401 1337 1445 1368 ad
1466 1337 1617 1378 gelidam
1633 1347 1758 1371 eorum

1059 1387 1242 1426 regionem
1261 1386 1430 1418 referunt.
1452 1405 1488 1410 --
1516 1387 1625 1429 Getae]
1650 1388 1758 1419 Thra-

1060 1437 1136 1468 ciae
1171 1435 1343 1478 populus,
1393 1437 1497 1468 Dacis
1532 1437 1757 1477 (quibuscum

1061 1486 1219 1525 cognatio
1252 1484 1427 1525 quaedam
1450 1486 1501 1518 eis
1526 1486 1632 1518 fuisse
1656 1486 1757 1519 vide—

1059 1534 1126 1576 tur)
1165 1534 1270 1566 vicini
1295 1536 1330 1566 et
1352 1534 1442 1566 ultra
1475 1535 1541 1567 hos
1577 1536 1756 1568 Orientem

1059 1592 1185 1616 versus
1208 1583 1409 1616 habitantes
1433 1584 1478 1616 ad
1496 1585 1697 1616 Danubium
1721 1586 1757 1616 et

1059 1635 1209 1665 Pontum
1224 1634 1409 1666 Euxinum.
1442 1635 1542 1666 Getas
1556 1636 1674 1666 autem
1691 1643 1755 1666 an-

1060 1684 1230 1723 tiquiores
1260 1683 1406 1715 eosdem
1439 1692 1585 1724 prorsus
1610 1692 1688 1716 esse
1713 1693 1754 1715 ac

1058 1733 1274 1773 posteriores
1319 1733 1480 1764 Gothones
1524 1734 1597 1765 sive
1636 1734 1755 1765 Gothos

1058 1782 1230 1822 sagaciter
1260 1782 1504 1823 comprobavit
1527 1783 1594 1814 Iac.
1622 1783 1754 1814 Grimm

1057 1833 1235 1864 lornandes
1250 1834 1318 1864 und
1331 1833 1381 1865 (lie
1390 1833 1499 1865 Geten.
1525 1832 1638 1865 Berlin
1655 1832 1751 1865 4846.

1059 1883 1165 1914 etiam
1189 1883 1223 1914 in
1246 1884 1335 1914 Actt.
1358 1882 1591 1914 Acad.Berol.
1606 1908 1617 1921 ,
1644 1891 1752 1922 quem

1057 1931 1214 1963 libellum
1250 1933 1410 1973 excerpsi
1445 1931 1489 1963 ad
1524 1932 1604 1964 Tac.
1633 1933 1750 1963 Germ.

1057 1980 1110 2013 43.
1152 1980 1220 2012 Cfr.
1248 1981 1410 2012 eiusdem
1434 1981 1617 2013 Geschichte
1640 1981 1698 2012 der
1718 1981 1748 2011 d.

1056 2031 1133 2070 Spr.
1159 2031 1184 2062 1.
1204 2037 1238 2070 p.
1259 2030 1320 2062 476
1338 2038 1417 2070 sqq.
1445 2029 1508 2070 (Ad
1525 2039 1557 2061 v.
1580 2030 1631 2061 44.
1651 2030 1753 2062 affert

1057 2080 1153 2111 Grut.
1179 2080 1287 2111 Inscr.
1315 2080 1373 2110 464
1392 2105 1398 2118 ,
1417 2080 1459 2111 2:
1503 2079 1653 2119 (Narses)
1690 2080 1752 2118 Qui

1051 2129 1160 2168 potuit
1197 2129 1362 2169 riqidas
1400 2129 1581 2161 Gothorum
1618 2127 1752 2159 subdere

1057 2177 1203 2218 mentes.)
1241 2195 1277 2199 —
1312 2177 1496 2219 Immetata]
1533 2186 1626 2209 nunc
1649 2171 1751 2217 ἅπαξ

1056 2224 1277 2269 λεγόμενον,
1307 2235 1396 2259 «non
1414 2228 1543 2259 metata
1557 2252 1564 2266 ‚
1583 2226 1674 2258 nulla
1692 2227 1752 2258 de-

1056 2276 1226 2317 cempeda
1245 2276 1402 2308 dimensa
1427 2278 1462 2308 et
1484 2277 1573 2308 inter
1596 2275 1750 2315 singulos

1055 2326 1199 2357 divisa.»
1239 2326 1307 2357 Ct'r.
1334 2326 1426 2365 Virg.
1457 2327 1515 2357 Ge.
1545 2326 1580 2363 4,
1608 2326 1682 2356 426.
1711 2342 1745 2347 —

1054 2375 1172 2406 liberas
1195 2376 1318 2415 Fruges
1341 2379 1371 2406 et
1395 2374 1561 2415 Cerei-ern]
1589 2374 1748 2406 «Cereris

1054 2424 1170 2464 fruges
1202 2422 1310 2455 libere
1344 2425 1646 2460 maturescentes3
1679 2431 1749 2454 non

1054 2473 1139 2504 certi
1175 2472 1320 2504 alicuius
1356 2473 1504 2510 domini,
1545 2472 1609 2505 sed
1646 2472 1747 2503 totius

1053 2522 1170 2563 populi
1194 2531 1434 2554 communes.»
1458 2539 1492 2544 —-
1518 2523 1584 2553 Nec
1605 2521 1748 2561 cultura]

1054 2572 1184 2603 Caesar
1208 2573 1242 2602 B.
1274 2573 1310 2602 G.
1342 2571 1380 2610 4,
1412 2572 1452 2602 21:
1494 2572 1591 2603 Saevi
1620 2573 1747 2602 centum

306 2620 452 2658 aenhaus
467 2619 830 2657 allerSlcylhenein.»
855 2621 942 2652 Sane
957 2621 1000 2652 de
1048 2630 1155 2661 pagyos
1188 2621 1304 2652 habere
1339 2621 1508 2657 dicuntur,
1558 2629 1600 2652 ex
1633 2619 1747 2659 quibus

308 2668 446 2699 duobus
463 2667 526 2700 illis
549 2669 711 2708 Scythiae
730 2669 885 2710 populis,
913 2679 1001 2710 quos
1053 2671 1229 2709 quotannis
1257 2670 1387 2710 singula
1418 2670 1510 2701 milia
1538 2671 1747 2700 arnmtornm

309 2717 504 2749 Herodotus
535 2717 571 2756 4,
611 2719 656 2749 18.
692 2715 844 2757 Σκύθας
868 2713 1002 2763 ἀροτῆ-

307 2775 374 2806 ρας
410 2768 441 2797 ct
475 2764 626 2805 Σκύθας
662 2764 850 2811 γεωργοὺς
887 2770 998 2799 vocat.

1053 2720 1193 2750 bellandi
1227 2729 1330 2751 cansa
1365 2729 1406 2751 ev
1439 2719 1556 2760 finibus
1594 2718 1743 2749 educunt.

1054 2769 1200 2807 Reliqui,
1228 2770 1283 2807 qni
1307 2769 1393 2799 domi
1418 2768 1615 2802 manserint,
1643 2775 1674 2797 se
1698 2770 1747 2797 al-
