1997 3219
298 270 377 311 480

806 273 973 304 HORATII
999 273 1220 306 CARMINUM

465 375 661 416 Gemmas
693 381 734 416 et
765 374 945 430 lapides,
981 388 1131 416 aurum
1164 382 1205 416 et
1237 375 1390 422 inutile,

409 479 568 521 Summi
602 479 820 521 materiem
851 478 974 526 mali,

465 559 693 607 Mittamus‚
727 557 939 601 scelerum
971 558 1004 599 si
1039 558 1147 601 bene
1180 559 1377 614 poenitet.
1681 558 1733 597 230

410 638 632 681 Eradenda
664 638 874 694 cupidinis

463 719 585 761 Pravi
618 726 713 760 sunt
744 718 953 761 elementa
984 726 1025 760 et
1055 726 1230 761 tenerae
1262 719 1384 760 nimis

408 825 568 867 Mentes
603 822 894 879 asperioribus

464 903 729 946 Formandae
761 902 923 945 studiis.
984 903 1126 945 Nescit
1156 916 1269 959 equo
1302 903 1419 945 rudis

382 1060 435 1092 49.
470 1060 647 1091 ‘materiam
675 1060 725 1090 Lt.
755 1059 840 1099 (non
870 1058 995 1099 bSTc.)
1024 1077 1058 1080 —
1093 1058 1146 1091 50.
1171 1058 1352 1090 Mittamus.
1380 1059 1545 1090 Scelerum
1568 1060 1594 1089 st
1618 1059 1692 1090 bene

336 1109 495 1148 poenitet,
520 1109 700 1140 Eradenda
725 1108 758 1139 F.
788 1126 822 1129 —
849 1107 902 1139 54.
929 1107 1132 1139 Firmandae
1155 1106 1331 1139 Bentleius
1356 1108 1444 1139 coni.

295 1251 401 1291 (imae.
439 1268 474 1272 —
509 1249 810 1290 aurum-inutile]
844 1257 908 1290 per
935 1246 990 1280 λι-
1041 1250 1122 1280 ante
1147 1249 1263 1280 omnia
1294 1257 1531 1289 exsequamur
1554 1249 1736 1281 consilium

295 1299 447 1341 τότητα,
467 1298 696 1337 «exitiabile‚»
721 1300 760 1330 ut
778 1298 873 1330 haud
890 1306 987 1335 raro;

295 1350 344 1381 sic
381 1349 452 1380 Cic,
485 1347 570 1380 Phil.
602 1348 641 1386 ’1,
673 1347 710 1386 8,
744 1347 806 1378 49ῑ
839 1348 991 1386 iniquum

294 1402 323 1430 et
348 1398 482 1436 inutile,
509 1398 673 1433 noxium3
699 1397 809 1428 Varro
835 1397 871 1428 R.
891 1397 928 1428 R.
948 1396 988 1434 3,

300 1449 346 1485 16,
375 1448 431 1479 48:
472 1446 582 1487 reguli
605 1445 724 1488 plures
761 1446 863 1486 (inter
893 1446 988 1486 apes)

296 1497 547 1537 inutiles—fiunt
566 1498 705 1535 propter
727 1495 911 1532 seditiones3
944 1495 989 1525 ita

293 1548 413 1577 autem
446 1545 694 1586 explicandum
729 1552 830 1583 esse,
868 1545 989 1576 contra

294 1597 398 1635 atque
432 1594 487 1626 alii
519 1594 754 1632 contendunt,
792 1594 991 1626 monstrant

294 1653 350 1675 vx.
377 1652 477 1684 seqq.

337 1692 390 1725 49.
417 1694 469 1724 50.
496 1691 770 1731 Summi-mali]
796 1691 930 1723 dictum
952 1693 991 1723 ut

293 1751 422 1774 summa
456 1751 507 1773 res
539 1741 692 1780 publica,
731 1749 861 1771 summa
887 1740 987 1771 salus.

297 1791 429 1830 «Illud,
456 1800 475 1822 a
501 1800 570 1831 quo
596 1799 700 1821 omne
723 1788 855 1820 malum
880 1790 991 1820 oritur

296 1850 336 1872 ac
360 1840 526 1882 pendet.»
566 1838 709 1870 Rutilius
739 1839 774 1876 4,
805 1838 885 1869 357:
916 1840 992 1870 Ma-

293 1891 389 1922 teries
409 1890 498 1920 vitiis
513 1897 635 1919 aui-iim
653 1887 747 1918 letale
757 1888 932 1926 parandis.
951 1907 986 1910 —

293 1940 450 1971 scelerum
487 1938 514 1969 si
552 1937 628 1968 bene
667 1938 762 1976 (vere
802 1938 908 1976 atque
947 1946 989 1968 ex

294 1989 398 2019 animi
438 1987 548 2018 nostri
595 1986 777 2024 sententia)
824 1986 985 2026 poenitet]

294 2039 387 2069 Haec
405 2038 507 2076 iungo
526 2044 607 2067 cum
623 2035 813 2076 praecedd.
831 2044 837 2065 t
866 2036 989 2076 «quip—

294 2097 336 2129 pe
351 2087 432 2118 illud
446 2086 591 2117 demum
601 2085 838 2116 certissimum
851 2085 988 2124 signum

294 2137 359 2168 erit
382 2135 637 2177 poenitentiae,
664 2133 723 2165 ubi
748 2133 872 2171 rebus,
900 2142 989 2174 qua-

294 2195 371 2217 rum
388 2192 525 2217 summa
544 2183 732 2224 cupiditate
750 2184 883 2215 incensi
909 2192 988 2214 era-

293 2244 388 2273 mus⁷
408 2235 532 2274 sponte
549 2233 885 2270 renuntiaverimus3
906 2241 988 2264 nam

294 2284 410 2323 magni
442 2282 572 2323 aliquid
607 2284 713 2321 atque
747 2282 899 2312 inusitati
923 2291 988 2322 pa—

293 2332 418 2364 trando
435 2332 576 2363 firmum
593 2332 753 2362 nostrum
769 2331 987 2372 propositum

294 2381 577 2422 patefaciendum
596 2381 683 2410 est.»
724 2380 879 2419 Languet
902 2388 988 2411 con-

295 2433 362 2461 tra:
392 2430 444 2460 «Si
468 2438 552 2460 vere
578 2437 642 2459 nos
661 2428 837 2459 scelerum
864 2430 988 2469 poeni—

295 2482 354 2518 tet,
374 2479 552 2511 eradenda
566 2480 647 2509 sunt
664 2480 774 2515 cetam
802 2479 835 2509 et
854 2479 986 2510 maiore

294 2537 374 2560 cuni
409 2529 441 2559 vi
466 2536 555 2559 nova
579 2524 710 2569 γνώμη
746 2528 820 2558 sinc
856 2529 986 2568 protasi

294 2578 422 2618 incipit..
472 2576 624 2617 (mene,
662 2576 782 2614 valde,
824 2578 861 2607 ut
893 2577 985 2617 apud

294 2627 442 2658 Ennium
466 2626 702 2666 frequenter.»
728 2626 903 2664 Ponriirii.)

335 2676 371 2706 5⁴
393 2693 411 2697 -
427 2676 479 2706 53.
515 2674 710 2715 Eraclenda]
737 2675 897 2706 «Penitus
922 2675 986 2705 ab—

295 2723 418 2755 olenda
451 2726 532 2756 sunt
564 2733 604 2755 ex
637 2724 761 2755 animis
791 2724 926 2755 semina
952 2726 985 2755 et

295 2773 461 2813 principia
492 2782 621 2814 pravae
652 2773 849 2814 cupiditatis
879 2774 984 2813 atque

294 2821 473 2858 avaritiae,
501 2824 533 2852 et
551 2821 693 2861 quidem
712 2830 754 2853 eo
771 2822 865 2863 ipso,
890 2822 984 2861 quod

1041 1297 1124 1329 illud
1147 1307 1320 1338 nunqua-m
1343 1299 1433 1329 alias
1454 1299 1578 1330 datum.
1592 1312 1607 1326 »
1655 1301 1734 1330 Sen.

1040 1348 1101 1389 Ep.
1130 1347 1192 1378 44:
1233 1348 1368 1379 eradere
1395 1348 1494 1385 vilia,
1529 1349 1734 1389 exstirpare.

1040 1397 1151 1428 Varro
1182 1397 1276 1427 Sent.
1303 1396 1355 1428 63.
1381 1405 1416 1437 p.
1442 1397 1495 1428 28.
1522 1397 1583 1428 Ed.
1611 1398 1735 1429 Devit:

1040 1446 1124 1477 Sunt
1148 1447 1332 1485 quaedam,
1366 1454 1450 1484 quae
1474 1447 1641 1477 eradenda
1663 1450 1738 1478 sunt

1041 1495 1083 1526 ab
1107 1496 1218 1526 animo
1242 1495 1391 1533 scientis,
1428 1504 1513 1534 quae
1536 1496 1656 1527 sciendi
1678 1505 1737 1528 ve-

1040 1554 1116 1576 rum
1149 1545 1255 1576 locum
1279 1547 1451 1583 occupant.
1488 1563 1523 1567 —
1560 1545 1735 1586 elementa]

1041 1595 1150 1626 Huius
1175 1602 1252 1625 voc.
1278 1594 1391 1634 prima
1423 1593 1627 1633 significatio
1653 1602 1734 1626 cum

1041 1644 1084 1675 sit
1108 1643 1263 1674 «litterae
1289 1652 1352 1674 suo
1369 1643 1491 1674 ordine
1509 1642 1735 1681 collocatae»,

1041 1693 1198 1732 apposite
1225 1692 1307 1723 dixit
1332 1692 1437 1722 etiam
1473 1693 1630 1731 eradere,
1671 1691 1737 1723 ol)—

1040 1740 1205 1772 litterare.
1229 1759 1263 1762 —
1289 1741 1527 1782 asperioribus]
1554 1741 1660 1772 «Illud
1679 1741 1737 1772 ubi

1039 1790 1238 1831 perfectum
1263 1791 1345 1828 erit,
1381 1791 1571 1822 instituitor
1595 1791 1737 1832 sapien-

1040 1839 1106 1870 tior
1130 1839 1359 1879 severiorque
1383 1848 1577 1879 puerorum
1602 1840 1736 1871 educa-

1040 1889 1108 1926 tio,
1146 1897 1252 1928 quam
1276 1887 1455 1929 paullatim
1489 1888 1735 1920 effeminarunt

1039 1936 1198 1968 Graeculi
1222 1937 1394 1977 imprimis
1419 1938 1575 1977 magistri
1593 1939 1621 1968 3»

1082 1986 1134 2018 511..
1173 1987 1225 2017 55.
1266 1987 1489 2027 Formandae]
1531 1988 1567 2018 In
1595 1987 1663 2019 hoc
1699 1996 1731 2018 v.

1039 2036 1117 2076 plus
1141 2036 1230 2066 inest
1255 2044 1362 2075 quam
1386 2036 1419 2066 in
1437 2035 1581 2067 Bentleii
1596 2037 1735 2076 firman—

1039 2085 1122 2123 dae,
1148 2093 1230 2115 cum
1254 2084 1337 2115 illud
1362 2086 1471 2116 totam
1489 2085 1734 2117 educationem

1038 2134 1209 2173 significet
1248 2134 1292 2164 att
1338 2133 1449 2165 bonas
1488 2135 1581 2165 artes
1628 2135 1734 2166 ctiam

1038 2183 1225 2223 postmodo
1244 2183 1461 2214 exercendas
1478 2184 1732 2224 pertinentcm;

1035 2232 1223 2272 firmandae
1239 2234 1334 2263 esset
1350 2232 1594 2263 tantummodo
1612 2242 1617 2262 ς
1646 2233 1735 2263 «du-

1039 2281 1186 2320 randae⁷
1221 2280 1503 2312 corroborandae
1529 2282 1634 2313 etiam
1659 2282 1733 2313 sine

1037 2331 1174 2361 actione
1199 2332 1279 2362 sunt
1303 2332 1441 2361 mentes
1466 2330 1568 2361 nimis
1583 2340 1735 2361 enerva-

1038 2382 1128 2411 tae.»
1169 2398 1202 2401 *
1244 2380 1366 2420 Nescit]
1393 2381 1557 2411 «lamiam
1582 2389 1624 2411 eo
1648 2389 1731 2421 per-

1037 2431 1181 2460 ventum
1199 2431 1269 2466 est,
1297 2431 1335 2459 ut
1356 2430 1455 2469 pueri
1482 2430 1620 2468 ingenui
1638 2430 1735 2469 equi-

1037 2480 1110 2510 tare
1136 2487 1177 2509 ac
1201 2479 1321 2509 venari
1348 2478 1516 2516 nesciant,
1544 2480 1733 2519 propterea

1037 2527 1132 2567 quod
1157 2527 1263 2559 rudes
1287 2529 1392 2567 atquc
1417 2527 1632 2558 inexercitati
1653 2529 1734 2558 sunt

1036 2578 1071 2608 et
1094 2576 1137 2607 ab
1164 2577 1258 2607 omni
1283 2575 1402 2607 labore
1435 2576 1662 2607 abhorrent.»
1691 2594 1725 2597 -

1035 2625 1193 2666 Haerere]
1225 2625 1434 2666 Simpliciter
1457 2627 1511 2657 est
1535 2625 1729 2662 «sedere»,

1036 2684 1105 2707 non
1122 2677 1159 2706 ut
1175 2674 1333 2715 plerique
1352 2674 1535 2715 explicant,
1563 2673 1730 2704 «firmiter

1036 2724 1186 2755 insidere.
1235 2732 1327 2764 equo
1370 2732 1522 2763 eumque
1561 2730 1727 2761 regere.»

1037 2773 1108 2804 Cic.
1134 2782 1197 2814 pro
1221 2773 1332 2804 Deiot.
1361 2773 1421 2803 ⁴0:
1455 2773 1568 2811 Itaque
1591 2771 1731 2803 Deiota—

1036 2831 1110 2852 rum
1137 2831 1211 2852 cum
1235 2821 1348 2860 plures
1374 2821 1408 2851 in
1439 2829 1558 2859 equum
1581 2820 1731 2851 sustulis-
