1997 3219
299 198 379 236 :380

524 302 677 344 Pacem
708 301 850 343 duello
882 301 1063 343 miscuit.

813 199 981 230 lloRATll
1005 199 1224 231 (IARMlNUM

1126 302 1162 344 O
1195 301 1332 357 pudor
1349 302 1355 341 l

579 381 615 423 O
648 395 798 436 magna
832 380 1069 436 Karthago,
1104 381 1322 437 probrosis

636 461 767 503 Altior
798 460 941 504 Italiae
973 461 1107 503 ruinis
1126 461 1132 501 ἕ

524 568 673 608 Fertur
702 564 884 622 pudicae
917 566 1110 622 coniugis
1140 565 1334 608 osculum

522 648 770 702 Parvosque
802 652 923 688 natos
953 652 1000 688 ut
1030 646 1181 703 eapitis
1212 647 1349 689 minor

579 728 641 770 Ab
672 741 720 771 se
751 727 987 770 removisse
1018 734 1060 770 et
1091 727 1257 770 virilem

635 809 797 851 Torvus
830 808 945 850 humi
976 808 1176 865 posuisse
1208 808 1388 850 voltum:

521 915 671 957 Donee
699 913 892 956 labantes
924 912 1102 956 oonsilio
1134 920 1276 969 patres
1690 916 1737 955 ἰὔ

385 1053 436 1084 38.
462 1053 580 1084 Pacem
613 1055 642 1083 et
675 1051 779 1082 duello
807 1049 918 1082 Bentl.
954 1050 1045 1082 coni.
1085 1068 1120 1072 —
1159 1049 1211 1082 43.
1238 1051 1264 1082 Α
1287 1053 1320 1081 se
1342 1050 1489 1089 hT‚LCt.

1532 1052 1583 1091 (Ut
1607 1060 1670 1084 nos
1686 1078 1691 1089 ,

342 1102 453 1141 bSed,
479 1099 606 1143 βγδκω
632 1109 734 1132 «cum
756 1099 830 1132 aliis
854 1100 1018 1132 nostris.»
1048 1100 1182 1140 BENTL.)
1210 1118 1245 1122 —
1271 1100 1324 1132 45.
1351 1100 1493 1132 labantis
1514 1101 1572 1132 Bc.

299 1227 403 1258 huius
433 1225 499 1257 loci
529 1225 723 1258 sententiae
754 1223 809 1256 vel
840 1224 944 1256 etiam
977 1232 996 1255 e
1046 1227 1195 1255 senatum
1229 1223 1390 1263 Compulit
1424 1224 1539 1265 infelix:
1569 1225 1613 1256 cul
1644 1224 1740 1256 inea:-

299 1275 402 1316 gloss.
440 1275 485 1306 ad
518 1284 575 1307 vv.
611 1275 697 1306 unde
729 1274 833 1306 vitam
862 1273 994 1313 aptius⁷

302 1324 427 1356 melius
468 1327 630 1362 sumeret,
685 1323 849 1364 provenit
893 1321 996 1354 lectio

300 1374 421 1413 aptius.
470 1375 577 1405 Suam
612 1373 702 1404 coni.
739 1371 916 1404 Bentleius
951 1372 996 1403 ita

298 1424 548 1463 interpretatus
574 1424 649 1453 est:
678 1422 796 1460 «Hine,
823 1430 842 1452 a
864 1430 993 1462 pugna⁷

300 1472 414 1503 timuit
437 1473 606 1510 mortem,
634 1471 726 1502 unde
743 1472 851 1502 vitam
875 1478 997 1501 sume-

302 1522 357 1552 ret
373 1522 498 1561 aptius,
518 1522 553 1552 et
568 1529 695 1561 pacem
712 1519 804 1551 bello
821 1519 994 1550 miscuit.»

303 1587 335 1592 -
380 1571 506 1611 duello]
546 1570 787 1610 Antiquiorein
827 1567 997 1600 formula-

301 1629 379 1651 rum
415 1619 565 1651 sormam
599 1618 757 1650 consulto
792 1616 930 1657 delegit.
958 1635 994 1639 —

297 1669 442 1709 miscuit]
480 1668 656 1708 Significat
690 1667 807 1699 medio
839 1667 873 1698 in
904 1665 996 1697 bello

300 1717 515 1757 illegitimum
561 1717 653 1749 istud
692 1718 834 1757 pactum
873 1716 996 1747 initum

299 1776 391 1798 esse.
405 1785 440 1789 -
454 1768 478 1797 O
490 1767 626 1807 pudorl]
642 1767 714 1797 Hoc
731 1765 808 1797 loco
821 1764 996 1796 Bentleius

300 1816 456 1848 defendit
478 1816 575 1848 Ovid.
603 1816 683 1846 Her.
710 1815 746 1853 9,
775 1815 857 1846 4411:
885 1814 910 1845 0
928 1823 996 1853 pu-

299 1867 380 1903 dor,
418 1874 482 1905 pro
521 1873 590 1906 quo
624 1864 713 1895 Jahn
749 1872 830 1896 euni
856 1864 995 1895 Heinsio

301 1915 364 1946 Pro
384 1915 507 1953 pudor.

346 1988 397 2019 «4-0.
444 1988 564 2029 Altior]

301 2037 494 2076 «Karthago
518 2037 726 2068 inconcussa
751 2038 785 2067 et
806 2036 930 2067 victrix
954 2045 997 2067 ex

300 2086 366 2117 alta
391 2095 454 2117 sua
470 2085 555 2117 sede
574 2085 724 2126 despicit
740 2084 872 2117 Italiam
896 2086 996 2125 igno-

300 2136 456 2167 miniosis
483 2135 651 2167 caedibus
679 2134 825 2175 aliisque
856 2134 996 2175 probris

300 2186 332 2215 in
351 2184 535 2225 pulverem
550 2185 797 2225 prostratam.»
846 2182 908 2215 Alii
934 2193 997 2215 ex-

299 2233 447 2274 plicant:
492 2233 611 2265 «altior
635 2233 742 2272 faeta,
778 2232 923 2264 exaltata
951 2233 995 2273 (in

300 2283 494 2323 posteriore
527 2283 720 2323 Latinitate)
756 2291 820 2322 per
842 2281 996 2322 probro-

300 2341 356 2364 sas
386 2330 502 2363 Italiae
539 2333 708 2369 ruinas;»
753 2340 843 2371 quae
878 2332 995 2362 tamen

300 2381 538 2421 interpretatio
573 2381 687 2412 minus
733 2381 871 2421 poetica
910 2380 994 2411 mihi

300 2429 451 2461 videtur.
505 2430 671 2461 Vossius:
724 2430 749 2460 Ο
782 2429 995 2460 Ηεννεσὴθνὶη

301 2479 494 2519 Karthago,
534 2478 633 2510 hohor
660 2478 760 2510 Btick'
787 2478 852 2517 auf
869 2478 996 2509 Italia's

299 2527 394 2567 seiten
417 2528 598 2558 Ilinsturz!

612 1988 729 2027 Imago
779 1987 868 2019 haee
919 1988 972 2018 est
987 1996 993 2017 :

344 2601 394 2633 41.
436 2602 554 2632 Fertur
578 2601 665 2641 cett]
693 2601 760 2632 Cfr.
788 2602 995 2633 Dracontius

302 2650 345 2681 (ἰν
364 2652 436 2681 Deo
453 2660 486 2681 v.
507 2650 581 2682 408.
610 2650 671 2682 Ed.
691 2649 837 2681 Arevalo
855 2659 888 2691 p.
908 2649 970 2681 329
986 2659 991 2680 :

317 2698 478 2739 Regulus)
503 2700 689 2731 horrendae
712 2699 827 2730 mortis
849 2702 993 2737 amator,

302 2748 375 2778 (Νὲιι
392 2753 618 2787 contemnem,
646 2757 804 2789 inaquam
819 2756 893 2779 cwm
907 2748 996 2787 plebe

1047 1273 1171 1304 orabite
1198 1276 1360 1313 pactum,
1399 1274 1511 1316 Captis
1541 1274 1608 1314 tege
1639 1275 1736 1312 data,

1042 1331 1228 1362 poenarum
1250 1326 1287 1354 ut
1307 1323 1441 1354 omenta
1462 1324 1597 1364 ferrent.
1622 1324 1741 1354 Imme-

1045 1381 1119 1403 mor
1141 1372 1259 1403 uaeorts
1281 1375 1377 1403 natos
1405 1373 1595 1412 contempsit
1624 1376 1652 1404 et
1678 1374 1741 1403 Ur—

1047 1422 1117 1452 bem
1151 1422 1217 1452 eet.
1255 1439 1289 1443 —-
1342 1421 1507 1462 commis]
1548 1421 1741 1462 «Amplecti

1047 1469 1156 1501 noluit
1177 1470 1364 1508 Marciam,
1392 1470 1599 1502 indecorum
1623 1471 1742 1502 existi-

1046 1528 1148 1551 mans
1172 1520 1370 1550 matronam
1386 1520 1579 1551 Romanam
1598 1529 1740 1551 servum

1047 1567 1168 1600 osculo
1193 1568 1336 1608 dignum
1360 1570 1519 1609 putare.»
1561 1570 1622 1600 Dio
1641 1570 1737 1601 Cass.

1047 1619 1082 1650 T.
1102 1619 1126 1649 Ι.
1153 1618 1264 1649 Sturz.
1282 1626 1361 1658 pag.
1383 1617 1444 1649 44¹2
1461 1627 1466 1648 :
1505 1614 1525 1648 ὁ
1541 1614 1741 1660 Ῥήγουλος

1046 1664 1093 1698 τά
1118 1666 1145 1697 τ’
1169 1662 1269 1697 ἄλλα
1292 1664 1466 1710 καθάπερ
1498 1677 1553 1707 τις
1586 1668 1740 1714 Καρχη-

1046 1713 1196 1755 δόνιος,
1247 1712 1324 1746 ἀλλ’
1369 1713 1414 1748 οὐ
1446 1711 1632 1758 Ῥωμαῖος
1687 1714 1741 1749 (ὂν

1046 1762 1204 1811 ἔπραττε
1238 1766 1302 1797 καὶ
1337 1761 1425 1797 οὔτε
1468 1763 1536 1808 τὴν
1579 1771 1741 1810 γυναῖκα

1046 1814 1084 1854 ἐς
1114 1812 1253 1856 λόγους
1287 1812 1441 1856 ἐδέξατο
1477 1811 1565 1847 οὔτε
1598 1817 1637 1856 ές
1671 1815 1740 1858 τὴν

1047 1862 1157 1896 πόλιν
1191 1861 1365 1909 καθάπερ
1395 1863 1594 1906 ἐκβληθεὶς
1620 1866 1738 1906 (exsul)

1046 1911 1207 1954 ἐσῆλθεν
1233 1912 1309 1944 κτλ.

1090 1962 1142 1995 42.
1168 1963 1286 2002 capitis
1307 1962 1432 2003 minor]
1460 1964 1601 2003 «Capite
1626 1963 1740 1995 demi-

1046 2013 1151 2044 nutus
1168 2013 1239 2050 est,
1266 2012 1326 2051 qui
1347 2012 1380 2042 in
1405 2012 1559 2044 hostium
1584 2014 1740 2053 potesta—

1046 2062 1119 2093 tem
1135 2062 1263 2093 venit.»
1282 2062 1415 2092 Fsssrus.
1443 2061 1511 2092 Csr.
1527 2062 1597 2092 Liv.
1617 2062 1670 2100 22,
1685 2062 1736 2093 60.

1048 2111 1204 2151 (Captivo
1229 2109 1362 2141 nullum
1398 2110 1467 2141 iani
1499 2111 1583 2142 iuris
1617 2111 1740 2142 vineu-

1046 2160 1119 2192 lum
1143 2168 1225 2192 cum
1250 2160 1397 2200 coniuge
1428 2168 1468 2191 ae
1504 2159 1633 2191 liberis.
1682 2161 1741 2191 Est

1047 2210 1149 2250 igitur
1187 2209 1340 2247 rechtlos,
1391 2209 1491 2240 Voss.
1536 2209 1740 2249 freiheiltos.)

1046 2260 1109 2291 Dio
1133 2259 1188 2290 IX.
1216 2259 1315 2290 Sturz
1340 2267 1373 2299 p.
1401 2258 1484 2289 1168:
1527 2253 1549 2289 ὁ
1572 2256 1600 2288 δ’
1616 2255 1740 2290 ἐλθών

1046 2304 1114 2347 τὰς
1135 2307 1206 2349 μὲν
1230 2304 1412 2348 συνήθεις
1441 2309 1520 2346 τοῖς
1544 2303 1740 2346 ὑπατικοῖς

1046 2354 1234 2395 διώσατο,
1275 2353 1320 2388 οῦ
1350 2359 1519 2398 μετεῖναι
1542 2355 1609 2397 τῆς
1633 2355 1740 2388 πολι-

1046 2407 1147 2445 τείας
1170 2402 1272 2448 αὑτῴ·
1297 2404 1414 2448 λέγων
1437 2403 1513 2436 κτλ.

1089 2454 1142 2487 44.
1195 2454 1331 2495 Torvus]
1380 2463 1433 2495 pr.
1470 2455 1548 2485 stier
1582 2453 1736 2485 bttckeml.

1046 2503 1141 2536 Plato
1178 2503 1355 2535 Phaedon.
1383 2512 1416 2544 p.
1444 2503 1516 2534 4117.
1544 2503 1581 2533 B.
1608 2502 1651 2533 de
1676 2502 1739 2533 So-

1047 2554 1166 2585 crate:
1208 2549 1396 2598 ταυρηδὸν
1435 2548 1672 2591 ὑποβλέψας.
1702 2569 1737 2573 -

1042 2603 1187 2642 posuisse
1208 2602 1348 2642 voltum]
1387 2599 1526 2632 «oeulos
1561 2599 1737 2632 defixisse.

1047 2660 1185 2683 memor
1201 2651 1324 2692 capitis
1342 2649 1607 2686 deminutioniS,
1634 2656 1739 2688 quam

1047 2708 1238 2741 perpessus
1263 2701 1354 2736 erat.
1382 2699 1498 2730 certus
1516 2695 1648 2729 consilii
1664 2695 1739 2737 ple-

1048 2758 1183 2789 nusque
1209 2748 1437 2781 severitatis.»
