1997 3219
290 204 371 245 398

793 204 962 236 lloliATll
986 203 1207 236 CARMINUM

737 304 920 349 Consule
952 304 1080 347 Tullo.

516 414 664 461 Sume,
697 411 941 459 Maecenas,
976 408 1153 467 cyathos
1186 409 1309 451 amici

514 491 693 547 Sospitis
725 496 894 533 centuni
926 496 967 531 et
996 488 1146 545 vigiles
1176 488 1372 531 lucernas

515 571 660 614 Perfer
691 572 730 612 in
762 563 920 612 lucem:
954 569 1102 625 procul
1134 569 1270 611 omnis
1302 576 1392 611 esto

1682 569 1727 609 123

740 649 909 692 Clamor
939 656 981 691 et
1010 649 1084 692 ira.

379 779 428 809 45.
455 777 569 817 Profer
592 777 634 814 Τ,
660 785 715 806 κν.

291 884 426 914 tunium
460 880 582 912 bibere
620 879 772 910 didicit.»
802 896 837 900 —
882 878 980 918 Tullo]

293 933 366 963 Duo
401 931 505 961 huius
541 929 690 960 nominis
722 926 884 959 consules
908 927 985 958 fue-

292 982 393 1012 runt:
421 981 456 1011 L.
483 978 661 1010 Volcatius
685 976 801 1008 Tullus
826 985 907 1008 cum
931 975 982 1008 Μ’.

292 1028 437 1060 Aemilio
461 1027 592 1068 Lepido
617 1036 648 1058 a.
671 1036 705 1057 u.
725 1036 754 1057 c.
782 1026 855 1057 688.
884 1026 985 1066 (anno

292 1079 371 1108 ante
396 1077 517 1107 natum
552 1075 742 1114 Horatium)
784 1076 819 1105 et
842 1076 877 1105 L.
903 1073 986 1106 Vol-

292 1127 401 1158 catius
432 1127 467 1156 L.
499 1126 534 1156 F.
566 1123 683 1156 Tullus
718 1132 799 1154 cum
835 1124 986 1155 Caesare

292 1176 479 1207 Octaviano
505 1175 544 1205 ΙΙ.
564 1183 594 1205 a.
614 1183 648 1205 u.
668 1182 698 1204 c.
726 1174 799 1204 724.
827 1171 986 1212 Plerique

292 1226 502 1265 interpretes
536 1223 581 1254 ad
614 1223 770 1263 priorem
806 1221 985 1258 referunt,

292 1276 366 1305 tum
389 1274 512 1305 suisset
526 1273 647 1304 vinum
662 1271 773 1302 XLVI.
793 1279 986 1307 annorum,

290 1323 397 1363 idque
422 1323 563 1354 omnino
587 1319 827 1362 probabilius,
868 1320 988 1351 vinum

294 1375 364 1404 tam
380 1372 560 1403 vetustum
576 1370 790 1401 destinatum
807 1377 886 1401 esse
905 1369 990 1400 ami-

292 1432 344 1454 co.
394 1421 462 1453 Cfr.
489 1420 551 1452 Od.
578 1420 740 1458 3,0211,11.
767 1418 873 1456 Quid,
893 1417 988 1458 quod

292 1469 455 1503 Martialis
479 1470 515 1508 8,
542 1468 599 1507 45,
627 1468 669 1499 3:
709 1469 844 1509 Defluat
860 1471 889 1499 et
904 1468 988 1498 lento

291 1521 491 1560 splendescat
535 1518 670 1549 turbida
710 1518 777 1548 lino
818 1517 989 1557 Amphora

292 1573 423 1602 centeno
448 1567 577 1599 consule
599 1567 694 1607 facta
715 1566 836 1597 ‘minor
852 1568 869 1597 ἲ)

340 1618 391 1649 43.
417 1617 530 1657 Sume]
562 1617 637 1648 Non
663 1615 779 1646 «domi
804 1616 903 1653 tuae,
930 1623 987 1646 me

294 1668 389 1699 domi
423 1675 524 1698 meae
559 1666 768 1706 potaturo‚»
809 1665 847 1695 ut
868 1663 990 1695 volunt

294 1715 471 1753 nonnulli,
508 1715 573 1746 sed
599 1715 688 1745 haec
711 1722 769 1744 vv.
802 1714 858 1744 vix
890 1712 990 1744 aliter

295 1774 401 1806 quam
425 1764 469 1796 de
494 1764 695 1794 invitatione
720 1770 784 1794 seu
806 1770 890 1793 vera
915 1763 988 1793 sive

294 1815 374 1846 sicta
398 1812 538 1852 intelligi
562 1813 722 1853 possunt.
758 1828 793 1833 -
821 1811 955 1850 cyathos
971 1829 989 1833 -

293 1862 431 1903 centum]
458 1863 519 1893 Hic
543 1870 684 1901 quoque
698 1886 705 1899 ,
732 1862 770 1892 ut
786 1860 849 1892 Od.
869 1860 887 1891 3
901 1886 908 1899 ,
928 1860 986 1899 49,

296 1913 348 1944 42.
373 1911 515 1952 proprie
532 1918 720 1942 mensurae
746 1909 988 1950 (duodecimae

295 1961 435 1993 sextarii
452 1959 570 2000 partis)
597 1960 652 1990 est
668 1967 809 1990 nomen.
850 1958 919 1989 Sed
936 1957 990 1989 di-

295 2011 385 2042 citur
419 2009 462 2040 de
496 2007 630 2049 poculis
665 2007 886 2039 tantumdem
919 2007 989 2037 vini

296 2058 527 2100 capientibus.
575 2057 788 2097 Neutiquam
811 2065 916 2095 vero,
953 2057 991 2087 ut

295 2109 410 2146 aiunt,
448 2108 501 2138 est
532 2105 737 2143 vasculum,
776 2114 846 2145 quo
870 2105 904 2136 in
929 2113 991 2136 co-

296 2155 444 2188 chlearis
469 2155 541 2187 fere
566 2155 715 2186 sormam
740 2154 855 2185 efficto
870 2154 989 2185 vinum

296 2207 331 2237 in
355 2205 538 2245 grandiora
568 2203 693 2244 pocula
729 2203 988 2234 infundebatur.

297 2256 370 2287 Hoc
387 2254 479 2285 enim
495 2262 557 2284 vas
574 2252 627 2284 vel
644 2252 802 2291 epichysis
816 2251 872 2283 vel
890 2252 991 2283 trulla

295 2304 431 2335 *vinaria
465 2301 723 2333 nominabatur.
780 2301 890 2332 Varro
927 2301 987 2332 LL.

297 2354 333 2391 5,
360 2353 400 2383 25
425 2353 459 2383 et
482 2351 535 2382 26.
563 2349 700 2381 «Verbo
725 2357 808 2381 usus
833 2351 887 2381 est
911 2358 992 2380 con-

297 2403 476 2433 vivarum:
504 2400 639 2431 Centum
655 2399 834 2438 GyathosJ»
863 2401 988 2430 Aenos.

298 2450 512 2491 Antiphanes
526 2457 581 2488 ap.
597 2449 721 2479 Athen.
739 2448 790 2486 110,
807 2456 836 2478 c.
854 2448 887 2478 ’21
906 2457 911 2477 ;
940 2444 991 2478 Τὸ

299 2496 482 2544 ποτήριόν
512 2508 580 2539 μοι
613 2494 657 2529 τὸ
691 2498 790 2539 μέγα
821 2499 992 2541 προστρέ-

298 2559 354 2594 ρει
376 2545 517 2586 λαβών.
548 2543 785 2588 Ἐπεχεάμην
808 2541 990 2591 ἄκρατον,

300 2594 387 2636 οὐχὶ
400 2596 565 2635 παιδίου,
579 2594 757 2635 Λυάθους
770 2593 868 2626 θεῶν
881 2605 918 2627 τε
929 2597 992 2628 καὶ

298 2645 461 2678 θεαινῶν
484 2646 656 2691 μυρίους.
712 2644 852 2683 cyathos
874 2647 992 2676 autem

300 2696 399 2727 amici
415 2696 564 2735 Sospttis,
587 2695 666 2735 «qui
682 2696 826 2735 propter
838 2694 992 2725 amicum

300 2744 469 2784 sospitem
493 2743 725 2782 ebibuntur»,
752 2744 789 2774 ut
805 2742 866 2774 Od.
887 2742 917 2781 3,
939 2743 990 2781 19,

767 776 817 815 (tlt
840 783 922 811 nos,
950 773 1049 805 BbSc
1075 776 1109 805 et
1133 774 1240 806 ceteri
1266 773 1435 812 Bentleii.)

1035 878 1064 909 9.
1098 878 1243 908 Theocr.
1272 878 1310 916 ¹2,
1339 878 1418 908 1151:
1460 874 1577 908 τόσον
1606 873 1727 909 οὕνεκ’

1034 922 1174 971 ἔρωτος
1203 921 1366 971 Ἀκράτω
1401 926 1584 964 «ἐπε-κεῖτο.
1644 928 1729 957 Item

1037 976 1093 1014 44,
1118 976 1174 1007 1¹8:
1202 971 1299 1015 ἔδοξ’
1324 973 1541 1012 ἐπικεῖσθαι
1563 970 1731 1020 ἄκρατον

1028 1018 1181 1073 ‘ssavos
1218 1021 1319 1065 ἤθελ’
1345 1019 1517 1064 ἕκαστος·
1553 1020 1627 1056 ἔδει
1657 1023 1731 1066 μό-

1036 1084 1103 1106 νον
1137 1074 1273 1113 (ὁτινος
1307 1072 1428 1115 εἰπῆν.
1491 1073 1665 1113 Meleager
1699 1076 1731 1106 in

1036 1124 1139 1155 Anth.
1156 1123 1224 1154 Pal.
1240 1125 1264 1155 1.
1276 1132 1311 1164 p.
1323 1124 1403 1155 4⁶22:
1422 1119 1548 1166 Ἕγχει
1562 1123 1629 1163 τᾶς
1644 1124 1733 1156 Πει-

1036 1171 1132 1212 θοῦς
1147 1173 1213 1204 καὶ
1228 1170 1419 1217 Κύπριδος
1430 1167 1673 1218 ἿΙλιοὸώρας.
1696 1192 1731 1196 --

1038 1223 1173 1255 Centum
1207 1224 1326 1254 autem
1372 1231 1540 1255 numerus
1581 1223 1733 1254 infinitus

1038 1271 1131 1312 apud
1155 1273 1290 1312 poetas.
1316 1272 1408 1311 Virg.
1428 1273 1488 1307 Ge.
1508 1272 1544 1311 3,
1563 1272 1623 1304 48:
1651 1272 1734 1303 Cen—

1038 1324 1108 1352 tum
1131 1320 1348 1361 quadriiuyos
1371 1320 1504 1361 agitabo
1528 1321 1572 1352 ad
1592 1321 1735 1361 flumina

1037 1378 1168 1401 carrus.
1195 1369 1331 1401 Gratius
1349 1370 1480 1410 Cyneg.
1500 1371 1580 1401 520:
1601 1370 1736 1402 Centum

1038 1422 1131 1450 actus
1155 1419 1282 1458 spatiis.

1083 1469 1134 1500 45.
1170 1468 1296 1508 Perfer]
1334 1468 1373 1500 Ut
1397 1467 1567 1506 dicimus,
1602 1468 1736 1508 vigilias

1034 1518 1205 1558 perferre,
1232 1517 1282 1548 sic
1304 1517 1338 1548 h.
1358 1515 1378 1547 l.
1406 1516 1568 1547 lucernas.
1619 1518 1732 1554 «Sine,

1039 1568 1077 1598 ut
1100 1566 1315 1607 perducatur
1344 1574 1372 1597 s.
1399 1566 1621 1596 continuetur
1651 1574 1736 1596 con-

1038 1616 1169 1647 vivium
1205 1624 1317 1656 usque
1353 1615 1397 1646 ad
1429 1615 1579 1655 primam
1617 1614 1735 1646 lucem

1040 1667 1074 1696 et
1097 1664 1284 1695 nobiscum
1308 1672 1432 1702 mane,
1459 1663 1574 1695 donec
1598 1663 1734 1695 finitum

1039 1714 1116 1745 sit.»
1141 1712 1204 1745 Alii
1221 1712 1331 1744 Codd.
1347 1713 1463 1753 profer
1478 1722 1484 1750 ;
1503 1713 1568 1744 sed
1584 1713 1651 1744 hoc
1668 1721 1736 1744 non

1040 1763 1123 1794 satis
1146 1760 1296 1807 κύριον,
1331 1770 1412 1794 cum
1432 1762 1549 1802 profer
1573 1762 1609 1793 in
1632 1762 1738 1793 lucem

1039 1812 1253 1851 significaret
1278 1811 1392 1851 potius
1417 1810 1472 1842 vel
1498 1811 1557 1842 «in
1575 1812 1736 1851 apertum

1039 1860 1189 1901 profer»,
1221 1859 1276 1891 vel
1308 1860 1459 1900 ineptius
1482 1860 1588 1891 etiam
1614 1859 1736 1891 «dill'er

1040 1911 1073 1941 in
1098 1909 1249 1941 lucem.»
1281 1909 1320 1939 V.
1348 1907 1577 1940 Forcellinum
1601 1909 1634 1940 in
1654 1917 1737 1948 pro-

1038 1960 1126 2000 ferre
1159 1959 1245 1998 sign.
1285 1957 1466 1996 «differre,
1509 1966 1736 1998 prorogare.»

1041 2009 1170 2040 Firmat
1195 2007 1346 2047 perferre
1378 2008 1484 2038 etiam
1519 2007 1736 2038 consuetudo

1042 2058 1270 2089 Ciceroniana
1303 2056 1346 2088 de
1382 2057 1477 2088 Finn.
1508 2056 1545 2095 3,
1580 2057 1640 2096 22,
1681 2057 1734 2088 76.

1041 2107 1170 2137 beatam
1201 2107 1306 2137 vitam
1338 2114 1440 2145 usque
1473 2106 1517 2136 ad
1539 2123 1557 2128 -
1579 2123 1597 2128 —
1618 2114 1739 2145 rogum

1036 2155 1238 2195 pertulisset,
1265 2154 1320 2186 alii
1345 2153 1435 2185 male
1456 2154 1666 2193 protulissem
1693 2154 1737 2185 ad

1042 2206 1135 2236 Fam.
1167 2204 1202 2242 9,
1233 2204 1294 2242 20,
1326 2204 1363 2234 st:
1413 2212 1517 2241 usquc
1549 2204 1593 2234 ad
1628 2212 1738 2234 assum

1039 2254 1215 2285 vitulinum
1239 2261 1339 2292 opera
1351 2252 1556 2291 perducitur.
1584 2251 1737 2292 Simplici

1041 2311 1125 2334 usus
1151 2304 1203 2333 est
1227 2302 1318 2341 Virg.
1345 2303 1430 2332 Aen.
1458 2301 1494 2340 9,
1513 2301 1594 2332 338:
1623 2301 1661 2341 (si
1684 2299 1738 2331 lu-

1042 2352 1136 2391 dum)
1174 2352 1208 2382 in
1230 2351 1333 2382 lucem
1356 2351 1488 2381 tulisset.
1527 2367 1564 2372 —-
1597 2350 1737 2382 Minimo

1042 2402 1160 2432 autem
1196 2408 1277 2431 cum
1314 2398 1486 2431 nonnullis
1522 2398 1738 2438 iungendum

1036 2450 1150 2490 perfer
1164 2449 1297 2489 vigiles,
1326 2448 1410 2482 «sac.
1436 2449 1473 2478 ut
1489 2446 1608 2488 vigiles
1625 2448 1734 2483 sint;»

1042 2499 1124 2532 sed:
1157 2498 1271 2538 perfer
1295 2499 1468 2536 lucernas,
1508 2505 1598 2537 quae
1629 2498 1736 2527 totam

1042 2556 1106 2589 per
1140 2548 1282 2578 noctem
1316 2545 1431 2577 vivido
1467 2544 1597 2577 lumine
1632 2543 1738 2575 arde-

1044 2596 1148 2634 bunt,
1184 2603 1364 2635 nunquam
1388 2595 1669 2634 exstinguentur3
1700 2594 1738 2624 ut

1041 2645 1122 2686 vigil
1156 2645 1241 2686 ignis
1264 2644 1357 2685 apud
1382 2642 1561 2684 Virgilium
1583 2644 1668 2674 Aen.
1695 2641 1734 2680 4,

1043 2695 1143 2733 200.,
1179 2695 1293 2735 vigiles
1323 2695 1477 2734 flammas
1503 2692 1613 2723 Vestae
1636 2690 1733 2722 Ovid.

1044 2744 1081 2774 A.
1115 2744 1152 2774 Α.
1180 2743 1216 2782 3,
1251 2742 1325 2774 463.
1367 2741 1571 2782 (Opponitur
1595 2739 1732 2771 Heroid.
