1997 3219
704 140 779 170 ΗΒ.
810 141 845 170 ΙΙ.

895 140 932 171 c.
962 140 1027 171 xx.
1499 142 1539 180 :3³-

1530 141 1551 180 tv

1557 141 1579 181 xl

624 452 934 491 GARMRN
977 453 1100 490 XX.

479 570 570 611 Non
602 570 754 611 usitata
786 584 864 612 nec
897 570 1009 613 tenui
1042 571 1152 613 sorar

228 701 295 732 XX.
324 702 431 732 lnscr.
458 700 547 740 volg.
574 701 622 731 Aa
646 701 887 735 Maecenatem,
925 703 959 731 et
983 702 1033 731 sic
1063 700 1149 733 Bbs.

1190 720 1225 724 —
1261 702 1311 733 Aa
1338 704 1539 734 Mecenaiem

185 750 360 790 alleqorice
376 750 549 782 tetracolos
565 750 600 780 T.
623 767 657 771 —-
685 750 726 781 Se
743 750 961 781 immortalem
981 750 1133 790 futw'uvm
1149 754 1177 782 c!
1203 752 1232 782 in
1251 752 1383 792 cigsnzim
1400 761 1538 783 conver-

184 800 315 832 tendum
340 809 369 831 c.
398 818 431 822 —
459 800 489 830 4.
517 809 580 830 ⁴non
606 799 693 830 tenui
717 799 750 836 d,
771 810 821 840 κμ
838 823 846 836 ,
873 801 959 830 Pott.
980 799 1067 838 (luo,
1095 800 1173 831 Fea.
1203 801 1249 840 (Ut
1269 809 1344 839 nos,
1370 800 1519 839 BbSTc.)

182 917 251 948 XX.
282 918 319 948 In
344 924 497 955 cycnum
521 925 559 947 se
584 918 757 948 mutatum
781 917 835 947 at-

139 976 207 1007 que.
232 976 251 997 a
276 967 378 998 terris
402 975 484 998 mox
508 966 747 998 discessurum
772 964 836 996 fin-

139 1025 243 1054 aens,
279 1024 409 1047 nomen
440 1017 564 1056 poetae
593 1014 638 1046 ab
671 1013 834 1046 omnibus

139 1066 299 1097 honorati
341 1063 649 1105 immortalemque
689 1063 833 1103 gloriam

139 1117 205 1148 sibi
240 1115 434 1157 pollicetur.
491 1116 657 1155 Egregius
692 1116 831 1146 nostrae

138 1166 261 1198 aetatis
285 1164 480 1206 philologus
512 1164 753 1205 (Eiclistadius)
787 1165 832 1194 ita

138 1216 181 1247 de
207 1216 274 1246 boc
299 1215 455 1246 carmine
481 1214 659 1245 iudicavit:
700 1213 832 1244 «llora-

137 1266 224 1296 tium
259 1272 328 1295 non
363 1264 456 1295 serio
491 1271 567 1294 rem
599 1263 730 1301 egisse,
768 1260 830 1292 sed

136 1313 271 1345 urbana
309 1313 462 1352 quadam
506 1312 549 1343 ad
590 1312 831 1343 Maecenatem

136 1363 306 1394 iocatione
325 1370 428 1392 usum
452 1363 634 1402 putamus,
661 1369 728 1400 qua
750 1362 834 1400 poe-

137 1414 207 1443 tam
232 1420 269 1442 se
295 1410 439 1450 quidem
464 1412 497 1441 et
513 1411 658 1450 propter
674 1408 831 1440 lauream
856 1423 857 1439 ;

135 1461 311 1501 poeticam
345 1459 441 1490 haud
476 1459 657 1498 indignum
691 1459 858 1492 Maece—2

136 1510 223 1541 natis
247 1509 398 1540 amicitia
418 1508 661 1549 profiteretur,
688 1507 751 1539 sed
768 1516 832 1548 per

136 1561 248 1600 ipsam
273 1567 435 1590 summae
460 1558 701 1590 ostentationis
726 1558 833 1589 simu-

135 1608 312 1645 lationem,
332 1610 503 1648 quantum
516 1608 758 1639 ostentationis
774 1615 833 1637 va-

136 1659 224 1689 nitas
253 1657 358 1689 distet
387 1657 430 1689 ab
464 1657 576 1688 festivi
601 1657 752 1688 hominis
776 1656 831 1686 hi-

135 1707 269 1738 laritate
301 1706 531 1738 declararet.»
565 1724 602 1728 —
633 1705 719 1737 Illud
750 1706 829 1737 ante

135 1757 250 1787 omnia
272 1757 411 1787 Horatio
429 1756 647 1797 propositum
667 1756 752 1793 erat,
778 1756 828 1793 ut,

135 1805 262 1837 inultos
287 1814 368 1837 cum
394 1805 544 1837 haberet
567 1805 703 1845 iniquos
724 1806 829 1844 atque

134 1855 401 1893 obtrectatores,
421 1855 549 1895 partim
565 1854 676 1886 malos
693 1856 828 1895 poetas,

135 1905 260 1944 partim
305 1905 552 1943 grammaticos
597 1904 828 1943 antIquarios,

134 1953 178 1983 ab
215 1953 414 1992 aequalium
451 1954 590 1993 optimis
629 1952 829 1993 quibusque

134 2005 166 2033 et
192 2003 385 2033 sanissimis
410 2002 552 2033 tandem
578 2004 831 2042 agnosceretur

134 2053 300 2083 Romanae
330 2052 447 2092 fidicen
481 2052 593 2090 lyram
631 2052 726 2091 quod
750 2052 830 2092 qui—

134 2102 216 2132 dem
242 2101 459 2141 propositum
478 2109 558 2131 cum
577 2102 724 2138 teneret,
751 2100 829 2132 libri

134 2150 279 2181 secundi
305 2149 424 2181 ultimo
449 2150 622 2188 camnine,
649 2151 681 2181 in
708 2149 827 2182 illustri

134 2199 210 2231 loco
244 2199 354 2239 posito
389 2201 424 2229 et.
455 2200 511 2230 cui
536 2198 646 2230 lector
669 2199 828 2239 aliquan—

134 2249 242 2288 tisper
280 2247 402 2279 salleni
450 2249 627 2279 immorari
659 2248 825 2284 debebat,

133 2300 321 2337 anti-quain
348 2297 390 2327 ad
417 2298 556 2328 tertium
574 2297 701 2329 librum
719 2300 830 2329 trans-

135 2348 215 2383 iret,
253 2355 353 2377 suain
386 2347 485 2386 quasi
517 2343 737 2378 ἀποθέωσιν
767 2356 827 2378 ce-

133 2396 270 2427 lebrare
297 2398 400 2436 atque
427 2395 525 2433 illud⁷
568 2398 604 2427 ut
627 2397 729 2436 primi
749 2396 826 2427 libri

133 2447 285 2486 primuni
303 2454 444 2476 carmen
463 2454 602 2477 summo
619 2455 682 2477 suo
705 2446 827 2477 fautori

132 2496 324 2527 inscribere
349 2496 525 2526 decrevit:
559 2496 713 2527 carmine
742 2504 826 2526 vero

133 2546 250 2576 iocoso
277 2545 448 2584 (bui-lesco)
473 2545 566 2575 hunc
595 2544 722 2576 librum
745 2554 828 2576 con-

132 2593 275 2625 cludere
300 2603 367 2624 non
387 2596 534 2634 poterat,
562 2594 624 2625 nisi
642 2594 668 2625 si
688 2594 827 2635 ineptus

133 2644 206 2674 iure
236 2643 345 2674 videri
375 2642 559 2674 xoluisset:
598 2651 713 2683 neque
743 2652 826 2674 vero

133 2694 284 2723 metrum
326 2692 502 2724 Alcaicum
539 2693 711 2724 eiusmodi
751 2693 826 2724 ioco

884 917 968 947 satis
992 917 1167 948 convenit.
1195 918 1357 949 Attamen
1379 918 1412 949 in
1430 919 1581 949 eandem

884 965 956 996 fere
982 973 1063 997 cum
1090 966 1287 997 Eichstadio
1313 968 1515 1007 opinionem
1534 968 1584 998 in-

883 1013 987 1046 clinat
1004 1015 1244 1047 Schneidewin
1270 1017 1303 1047 in
1323 1018 1476 1048 Coniect.
1504 1018 1578 1048 crit.

888 1064 978 1095 1839.
1005 1064 1035 1095 8.
1063 1074 1096 1105 p.
1126 1066 1181 1103 17,
1214 1067 1249 1096 et
1273 1066 1306 1096 in
1331 1064 1440 1096 altero
1465 1064 1580 1096 libello

856 1114 1039 1145 'Coniect.
1067 1114 1142 1145 crit.
1175 1124 1208 1155 p.
1242 1115 1294 1145 32.
1327 1114 1518 1155 deceptus,
1545 1116 1582 1145 ut

883 1163 965 1192 inihi
991 1162 1135 1201 quidem
1151 1163 1309 1201 xidetur,
1337 1163 1380 1194 ab
1398 1162 1578 1201 Alc-inane,

881 1211 979 1241 cuius
1005 1219 1148 1242 carmen
1174 1211 1228 1243 vel
1254 1213 1321 1244 hoc
1349 1213 1491 1244 nomine
1525 1212 1579 1243 (li-

881 1259 996 1290 stabat
1024 1259 1068 1291 ab
1095 1261 1299 1299 Horatiano,
1340 1262 1435 1302 quod
1466 1263 1498 1293 in
1524 1261 1578 1293 illo

882 1309 1138 1341 enarrabantur
1167 1310 1285 1351 populi
1315 1312 1511 1351 portentosi
1544 1313 1579 1343 et

881 1357 1083 1397 longissime
1114 1368 1133 1389 a
1165 1360 1308 1391 Graecia
1340 1361 1484 1399 remoti,
1522 1361 1578 1392 Ri—

881 1408 996 1449 phaei,
1014 1408 1202 1441 Issedones
1219 1412 1301 1447 cet.;
1324 1411 1357 1441 in
1375 1411 1441 1441 hoc
1458 1412 1576 1441 autem

881 1458 975 1489 omni
1021 1459 1211 1503 εἰρωνείας
1249 1460 1439 1500 suspicioni
1481 1469 1579 1501 pror-

881 1516 941 1539 sus
966 1511 1162 1548 repugnant
1185 1509 1310 1540 verba:
1345 1513 1375 1540 et
1403 1511 1459 1549 qui
1482 1511 1579 1541 dissi-

880 1557 985 1588 mulat
1008 1561 1127 1589 metum
1145 1559 1281 1589 Marsae
1296 1559 1437 1590 cohortis
1452 1560 1575 1592 Dacus.

880 1607 1023 1638 Amicus
1062 1607 1204 1647 quidam
1250 1617 1350 1640 meus
1389 1608 1576 1649 aliquando

881 1656 968 1687 haec
986 1657 1069 1688 mihi
1086 1658 1242 1698 scripsit:
1271 1659 1366 1689 «Non
1383 1658 1457 1689 sine
1471 1667 1576 1690 causa

881 1705 1035 1737 nonnulli
1059 1708 1130 1737 toto
1156 1707 1189 1738 in
1211 1707 1367 1738 carmine.
1385 1708 1578 1748 reprehen-

880 1755 974 1787 disse
1007 1756 1091 1786 mihi
1123 1756 1286 1788 videntur
1317 1757 1436 1788 nescio
1469 1766 1574 1797 quein

880 1805 1154 1850 παρένθυρσον.
1184 1807 1367 1837 Praeterea
1393 1806 1485 1837 haud
1503 1807 1575 1837 scio

880 1864 923 1886 an
956 1863 1025 1885 non
1054 1855 1164 1895 putidi
1197 1854 1328 1895 aliquid
1360 1855 1489 1886 habeat
1518 1865 1573 1886 vv.

879 1904 996 1935 9-42.
1022 1904 1126 1935 nimis
1149 1907 1311 1935 accurata
1343 1903 1397 1935 illa
1424 1903 1577 1943 singula-

878 1962 976 1992 rum,
1015 1962 1102 1994 quas
1137 1954 1304 1993 subierit,
1342 1954 1574 1985 mutationum

879 2003 979 2042 quasi
1004 2004 1255 2034 enumeratio.»
1304 2002 1480 2042 Respondi
1506 2011 1573 2033 non

879 2052 988 2091 inagis
1013 2061 1092 2083 eam
1117 2051 1335 2091 displicuisse
1359 2050 1469 2081 videri
1503 2051 1574 2082 110-

878 2101 953 2131 ratii
978 2099 1183 2140 aequalibus
1213 2109 1320 2139 quam
1350 2098 1481 2131 similes
1503 2109 1573 2140 με-

878 2147 1144 2193 τα,ιιορ(ρώσεις
1170 2148 1370 2185 (Jvulianas,
1403 2150 1437 2179 et
1462 2157 1574 2188 quae—

877 2200 980 2230 sitam
1004 2198 1048 2229 al)
1073 2201 1222 2238 utroque
1241 2200 1344 2238 poeta
1361 2195 1570 2241 ἐνάργειαν,

878 2256 968 2288 quae
995 2247 1095 2278 nobis
1121 2248 1267 2278 fortasse
1293 2247 1394 2278 nimis
1420 2256 1571 2287 operosa

879 2297 1047 2328 videatur.
1105 2296 1172 2328 Sed
1207 2295 1316 2327 libere
1343 2296 1454 2328 fatcor
1478 2298 1571 2327 stro-

877 2347 970 2387 phen
990 2347 1127 2377 tertiani
1145 2346 1228 2377 mihi
1254 2354 1394 2386 quoque,
1414 2354 1481 2376 non
1500 2354 1572 2376 nia-

878 2405 1031 2436 gnopere
1056 2394 1215 2436 placere,
1248 2397 1283 2426 et
1306 2394 1368 2426 alia
1395 2397 1448 2431 est
1472 2395 1570 2435 epica

878 2445 996 2476 talium
1020 2445 1172 2486 pictura,
1212 2446 1246 2475 ut
1277 2444 1371 2484 apud
1397 2443 1568 2480 ovidium,

877 2494 941 2526 alia
967 2494 1121 2526 debebat
1146 2503 1225 2525 csse
1247 2493 1356 2534 lyrici.
1385 2494 1455 2524 Nec
1473 2492 1570 2524 facile

877 2544 954 2584 quis
990 2545 1093 2583 neget
1131 2545 1240 2574 totuin
1277 2551 1419 2574 carmen
1457 2542 1571 2582 potius

876 2595 950 2624 arte
976 2593 1104 2624 sactum
1129 2602 1208 2624 esse
1234 2601 1340 2632 quam
1365 2602 1383 2622 a
1409 2600 1493 2622 vcro
1510 2591 1569 2622 ἑν-

877 2640 1104 2684 θουσιασμῷ
1132 2642 1266 2683 poetico
1300 2641 1438 2672 lloratio
1464 2641 1571 2680 inspi-

877 2695 1009 2724 ratum:
1037 2692 1099 2723 sed
1126 2693 1309 2732 propterea
1337 2699 1440 2721 nenio
1466 2699 1571 2721 sanus
