1997 3219
750 194 884 226 LlBER.

456 299 623 353 l'uppes
655 297 947 339 sinistrorsum
981 297 1100 339 citae.

933 195 1060 225 CARM.
1090 193 1143 225 lX.

1583 190 1663 230 (597

1615 295 1668 336 20

400 379 441 419 lo
475 377 723 434 Triumphe,
758 384 800 419 tu
831 377 1011 419 moraris
1045 390 1199 419 aureos

313 484 366 516 20.
393 484 476 515 sitae
500 483 610 517 Codd.
638 483 707 515 duo
734 484 900 523 Cruquii,
939 491 1055 523 «quae
1087 485 1205 515 tamen
1236 483 1406 523 scriptura
1419 495 1452 520 »‚
1490 483 1622 522 inquit,

272 542 361 565 «non
386 532 534 567 carebat
557 532 693 564 litura.»
720 533 820 573 (cuae
844 532 962 571 bSed.)

228 627 302 657 eius
327 625 404 665 suga
423 624 533 656 verba
558 624 672 656 faeere
689 625 849 665 poetam,
877 624 920 655 de

228 684 296 715 qua
326 673 499 706 Plutarch.
525 675 603 705 Ant.
634 673 691 705 66:
729 671 922 713 αἰφνίδιον

973 623 1094 656 leriter
1110 626 1208 656 actae
1222 634 1228 662 ;
1243 637 1257 652 »
1278 624 1521 665 puppes-'ciera
1541 625 1572 655 in
1591 632 1670 665 pro-

973 683 1010 705 sa
1028 683 1078 705 or.
1111 674 1226 714 (retro)
1253 674 1412 706 inhibere
1426 674 1549 712 remis,
1577 671 1669 719 πρύ-

227 723 269 754 αἱ
313 720 557 767 Κλεοπάτρας
602 719 789 763 ἑξήκοντα
835 720 922 764 νῆες
945 709 949 759 l
971 734 1071 764 μναν
1097 719 1394 767 ἀνακρούεσθαι.
1435 723 1670 754 Sinistrorsum

227 768 419 813 ὤφθησαν
454 769 653 816 αἰρόμεναι
692 769 786 816 πρὸς
823 768 921 802 cirte-

229 821 348 854 πλουν
381 818 428 853 τὰ
464 821 567 852 ἱστία
600 821 661 852 καὶ
698 818 760 852 διὰ
797 822 920 862 μέσου

228 882 251 910 sl
261 870 440 913 εὐγουσαι
458 869 776 912 τῶνμαχολιιένων·
788 889 822 893 --
835 870 881 902 Οἱ
890 868 920 901 δ’

227 922 389 952 έναι-τίοι
414 918 674 961 θαυμάζοντες
691 918 854 952 ἐθεῶντο
871 917 921 962 τῷ

229 968 412 1012 πνεύματι
437 971 635 1015 χρωμένας
659 966 821 1014 ὁρῶντες
837 971 922 1002 έπε-

227 1018 375 1060 χούσας
398 1017 492 1065 πρὸς
509 1017 584 1061 ’τὴν
608 1017 919 1061 Πελοπόννησον.

228 1069 297 1101 Sed
313 1070 342 1101 si
360 1069 469 1100 verba
492 1078 556 1110 per
572 1077 609 1100 se
627 1069 920 1109 spectaverimus⁷

227 1119 295 1150 hoc
317 1117 518 1150 videbimus
546 1117 630 1149 diei:
659 1120 816 1158 «partem
835 1126 924 1158 quo-

228 1176 296 1208 que
321 1168 498 1199 sociorum
521 1167 657 1198 Antonii
683 1166 858 1198 navalium
876 1167 924 1198 si-

229 1216 301 1249 mili
325 1217 459 1258 pudore
483 1215 537 1247 vel
564 1217 669 1247 etiam
693 1215 838 1249 infelicis
856 1217 925 1248 exi-

233 1269 288 1298 tus
311 1269 407 1298 metu
424 1265 624 1307 perculsam
641 1266 763 1305 ignave
781 1265 923 1298 latuisse

228 1316 260 1346 in
290 1317 393 1356 portu
417 1314 532 1355 aliquo
555 1314 599 1345 ab
624 1315 721 1346 Actio
747 1315 923 1346 Orientem

227 1373 352 1396 versus
382 1365 494 1402 sitm»
531 1364 604 1395 sive
637 1372 742 1395 verus
773 1365 846 1396 eius
874 1365 924 1395 rei

230 1414 370 1445 nuntius
408 1414 554 1445 Romam
599 1415 811 1453 pervenerat
849 1414 923 1445 six-e

229 1471 292 1494 suo
337 1463 410 1494 iure
453 1461 487 1493 id
523 1462 638 1500 finxit,
684 1464 722 1493 ut
757 1463 924 1503 equitatui

228 1510 358 1543 Gallico
382 1512 415 1543 in
440 1520 481 1543 eo
504 1511 648 1552 pudoris
672 1510 727 1543 vel
752 1512 855 1543 etiam
882 1512 925 1542 ti-

230 1562 338 1593 moris
373 1562 501 1592 affeetu
526 1560 646 1593 classis
681 1570 823 1602 quoque
859 1561 925 1592 ho-

227 1609 312 1642 stilis
350 1619 432 1651 pars
476 1610 749 1641 consociaretur.
811 1609 923 1642 Nolim

230 1658 298 1690 huc
337 1659 469 1690 reterre
501 1658 609 1690 verba
645 1658 819 1691 Plutarchi
853 1662 925 1691 An-

230 1710 301 1740 ton.
329 1708 388 1740 63:
426 1705 478 1740 Οὐ
507 1705 586 1750 Ausjv
618 1703 698 1739 ἀλλ’
729 1706 923 1750 ἐξενίκησε

228 1755 454 1803 Κλεοπάτρα
481 1755 543 1789 διὰ
573 1757 647 1790 τῶν
670 1757 765 1790 νεῶν
788 1757 925 1804 κριθῆ-

230 1817 289 1838 ναι
314 1804 380 1838 τὸν
396 1805 565 1848 πόλεμον
582 1804 654 1850 ἤδη
679 1805 773 1852 πρὸς
796 1805 923 1850 φυγὴν

232 1852 364 1900 ὁρῶσα
388 1856 452 1887 καὶ
476 1856 654 1898 τιθεμένη
671 1854 718 1888 τὰ
739 1858 824 1888 καθ’
842 1857 926 1889 ἑαυ-

229 1902 310 1946 τήν,
327 1902 398 1945 οὐχ
416 1901 514 1938 ὅπου
527 1903 622 1951 πρὸς
634 1903 678 1937 τὸ
692 1904 801 1949 νικᾷν
817 1902 924 1938 ἔσται

229 1952 436 2000 χρήσιμος,
472 1951 549 1986 ἀλλ’
574 1951 665 1987 ὅθεν
695 1950 825 1987 ἄπεισι
857 1952 924 2000 ῥᾷ-

229 2013 302 2035 στα
337 2003 411 2035 τῶν
447 2003 678 2049 πραγμάτων
709 2001 924 2046 ἀπολλυμέ-

228 2064 314 2085 νων.
342 2055 413 2085 Hoc
439 2055 550 2089 enim,
581 2063 662 2085 cum
686 2063 830 2085 carmen
857 2054 922 2085 hoe

229 2104 465 2144 compositum
491 2106 562 2141 est,
601 2105 730 2135 Romae
761 2104 840 2135 sciri
869 2105 924 2135 vix

229 2154 384 2194 poterat,
415 2153 443 2184 si
466 2152 521 2184 vel
547 2154 697 2184 maxime
724 2162 846 2184 verum
865 2153 926 2185 suit

230 2211 345 2242 neque
376 2211 417 2233 ex
449 2201 696 2247 πραγματικῷ
730 2202 784 2234 illo
815 2203 925 2234 histo-

230 2252 300 2282 riae
325 2251 534 2284 scribendae
559 2261 689 2292 genere
715 2252 829 2290 tluxit,
855 2261 925 2292 quo

231 2302 307 2341 post
349 2300 532 2341 Polybium
567 2311 674 2342 saepe
710 2300 808 2332 abusi
845 2303 923 2332 sunt

231 2351 364 2381 (ii-aeci.
407 2352 528 2391 Neque
547 2360 630 2382 vcro
649 2360 730 2383 cum
756 2351 927 2391 lnterpre-

232 2398 322 2429 tibus
354 2399 422 2430 huc
458 2399 545 2430 trahi
582 2402 729 2440 possunt
754 2409 808 2430 vv.
837 2399 922 2431 l'lut.

231 2451 306 2479 Ant.
326 2449 404 2479 eod.
424 2458 501 2489 cap.
521 2449 789 2489 praecedentia:

233 2495 410 2529 ναυτικὸν
454 2498 494 2530 ἐν
533 2499 640 2529 παντὶ
681 2496 925 2544 δυσπραγοῦν

817 2445 868 2480 Τὸ
885 2447 922 2480 δὲ
949 2421 951 2470 1

972 774 1101 811 autem,
1115 773 1280 813 quoniam
1294 773 1336 810 ei,
1354 773 1412 813 qui
1426 781 1443 803 a
1458 772 1670 813 Septentrio-

975 830 1018 852 ne
1045 821 1279 853 contuebatur
1305 823 1460 861 Actium,
1491 822 1667 854 sinistram

972 879 1096 902 versus
1131 880 1254 902 omnes
1290 871 1451 911 regiones
1482 870 1669 902 orientales

973 920 1059 950 sitae
1077 922 1193 959 erant,
1220 921 1373 961 primum
1390 919 1666 961 Peloponnesus,

973 970 1047 1000 tum
1077 970 1158 1001 Asia
1191 970 1321 1008 minor,
1358 971 1434 1011 ipsa
1465 971 1666 1010 Aegyptus;

971 1018 1059 1049 haec
1084 1018 1210 1051 saltem
1235 1020 1323 1050 intra
1341 1020 1520 1051 Orientem
1546 1020 1581 1050 et
1596 1020 1667 1050 Me-

972 1068 1115 1106 ridie1n‚
1141 1070 1319 1100 sud-Ost.
1348 1068 1543 1109 Simplicius
1561 1069 1667 1100 etiam

974 1118 1166 1150 Gronovius
1185 1119 1284 1151 Obss.
1305 1118 1335 1151 4.
1354 1128 1388 1160 p.
1407 1118 1482 1150 5452.
1509 1118 1666 1150 Frotseh.

975 1165 1083 1206 (loeus
1123 1167 1267 1207 (lignus,
1304 1169 1362 1208 qui
1393 1169 1484 1199 totus
1516 1166 1666 1207 legatur)

974 1215 1062 1247 haec
1087 1216 1247 1248 adnotat:
1277 1216 1448 1248 «Tabulae
1474 1217 1559 1248 situs
1585 1217 1665 1256 pin-

974 1266 1130 1303 gentium
1162 1266 1291 1297 docent
1321 1266 1364 1297 ab
1389 1267 1486 1298 Aetio
1517 1266 1670 1307 petenti-

975 1314 1042 1346 bus
1067 1317 1265 1356 Aegyptum
1290 1315 1335 1347 ad
1359 1315 1496 1347 laevam
1514 1324 1592 1347 esse
1611 1324 1671 1347 na-

974 1364 1175 1404 xigandum.
1217 1365 1331 1396 Livius
1364 1365 1511 1397 illustret
1542 1365 1602 1404 28,
1633 1366 1664 1396 5.

976 1416 1062 1446 extr.
1083 1415 1114 1445 in
1139 1413 1212 1446 aliis
1229 1413 1314 1446 locis
1331 1414 1490 1446 similiter
1505 1414 1665 1454 loquens:

976 1464 1096 1495 Oreum
1112 1481 1147 1502 -,
1191 1473 1274 1503 quae
1299 1463 1340 1494 ab
1362 1464 1572 1496 Demetriaco
1595 1465 1670 1495 sinu

975 1513 1159 1545 Chalcidem
1175 1516 1204 1544 et
1219 1514 1384 1552 Euripum
1401 1513 1524 1553 petenti
1540 1514 1584 1544 ad
1603 1514 1671 1545 lae-

974 1572 1052 1594 vam
1082 1563 1195 1602 prima
1226 1563 1357 1594 urbium
1379 1563 1532 1594 Euboeae
1560 1563 1671 1602 posita

975 1616 1052 1644 est.»
1093 1611 1340 1652 (Sinistrorsum
1369 1620 1434 1652 pro
1457 1612 1604 1650 sinistre,
1636 1613 1671 1643 in

976 1662 1128 1700 deterius,
1154 1662 1256 1699 citae,
1282 1662 1319 1692 ut
1336 1660 1479 1701 quidam
1496 1662 1671 1702 interpre-

976 1712 1066 1742 tatus
1081 1712 1146 1749 est,
1162 1710 1406 1742 consuetudini
1420 1711 1558 1742 Latinae
1572 1719 1672 1751 pror-

975 1769 1036 1792 sus
1060 1760 1255 1800 repugnat.)
1280 1759 1366 1791 Vide
1391 1760 1599 1792 Excursum.

1019 1810 1072 1840 24.
1109 1810 1162 1840 22.
1202 1810 1237 1840 lo
1274 1808 1668 1850 T›·iumphe--boves?]

977 1858 1045 1890 Cir.
1073 1858 1135 1890 Od.
1155 1857 1192 1897 4,
1218 1859 1257 1897 2,
1284 1858 1336 1890 49.
1378 1859 1435 1890 Est
1466 1860 1584 1890 autem
1616 1859 1670 1890 in-

977 1908 1181 1947 terrogatio,
1244 1916 1312 1939 non
1363 1907 1585 1947 exclamatio,
1635 1910 1672 1939 ut

976 1956 1134 1998 plerique
1165 1955 1401 1997 distinguunt:
1438 1959 1473 1988 Io
1499 1958 1671 1997 Triumphe

977 2023 994 2028 -
1010 2023 1029 2028 -
1056 2005 1172 2036 boves!
1222 2004 1277 2036 vel
1324 2006 1424 2046 peius
1465 2007 1586 2038 etiam:
1635 2007 1670 2038 Io

979 2054 1151 2094 Triumphe
1177 2072 1195 2077 -
1217 2072 1235 2077 -
1257 2054 1373 2086 boves:
1412 2056 1446 2086 Io
1484 2055 1667 2094 Triumphe.

978 2105 1140 2135 «Currus
1185 2103 1248 2144 ipsi
1294 2103 1522 2144 triumphales
1560 2105 1670 2145 parati

978 2155 1074 2185 sunt:
1116 2162 1178 2184 cur
1209 2154 1266 2191 tu,
1305 2153 1516 2194 Triumphe,
1555 2154 1604 2185 eis
1637 2155 1670 2185 in

978 2212 1076 2234 mora
1095 2204 1182 2234 σεῖ’»
1209 2203 1288 2233 Sine
1307 2203 1475 2242 imagine:
1503 2202 1670 2240 «Quando

978 2252 1119 2284 tandem
1156 2253 1286 2283 Caesar
1317 2251 1592 2293 triumphabit‘J»
1624 2254 1670 2291 (ln

978 2310 1123 2332 nummo
1149 2303 1183 2333 l..
1205 2302 1297 2342 Papii
1323 2300 1414 2333 Celsi
1438 2301 1532 2342 apud
1555 2302 1670 2333 Riccio

977 2353 1022 2383 Μ.
1049 2352 1084 2382 F.
1112 2352 1147 2382 li.
1176 2360 1209 2391 p.
1238 2351 1310 2382 162.
1342 2351 1522 2392 Triumphi
1546 2354 1600 2382 est
1624 2351 1672 2382 es-

978 2400 1076 2439 ligius
1101 2399 1279 2436 iuvenilis,
1313 2399 1465 2431 laureata
1491 2409 1573 2431 cum
1599 2402 1671 2431 tro-

978 2458 1078 2490 pan.
1109 2449 1278 2481 Sca-ibitur
1304 2449 1538 2489 Tuli'iwi‘s.)
1558 2467 1592 2471 —
1611 2458 1672 2480 (m-

977 2498 1068 2538 reos]
1094 2497 1294 2538 «fulgentes
1326 2498 1433 2529 ebore
1467 2500 1501 2529 et
1536 2497 1670 2530 laminis

231 2548 290 2578 za.)
318 2543 591 2595 apog-(inanem
618 2544 810 2592 ὑστερίζον
833 2546 925 2588 βοή-
949 2562 951 2601 4
977 2549 1126 2579 aureis„
1154 2548 1238 2579 flor.
1272 2549 1302 2585 ¹,
1329 2549 1368 2585 5,
1395 2549 1429 2578 6:
1461 2548 1558 2585 Inde,
1584 2549 1670 2586 quod

232 2596 338 2627 θειαν
371 2596 483 2636 αὐθις
522 2593 706 2639 ἠνάγκαζε
745 2595 794 2639 τῷ
831 2596 924 2639 πεζῷ
949 2615 951 2645 Ι
977 2606 1079 2629 aureo
1109 2608 1211 2629 ein-ru
1241 2601 1398 2637 quattuor
1427 2598 1516 2636 equis
1550 2597 1669 2628 [νίιιιη-

231 2645 432 2690 προοίχειν
457 2643 521 2676 τὸν
543 2643 743 2677 Ἀντώνιον.
770 2664 801 2668 —-
829 2647 923 2687 ellae]
948 2666 951 2686 4
974 2647 1107 2686 phatur.
1152 2646 1307 2679 l’liilostr.
1337 2647 1398 2677 vti.
1426 2647 1529 2686 Soph.
1561 2648 1594 2683 1,
1626 2648 1666 2677 7:

232 2696 353 2735 partic.
375 2696 554 2732 «citatae»,
582 2697 618 2726 ut
636 2696 762 2727 Lucan.
783 2698 819 2732 8,
839 2695 920 2728 45³3:
948 2691 951 2732 ξ
978 2697 1144 2727 Traianus
1171 2697 1316 2728 Dionem
1342 2692 1578 2736 ἁιάθέ,ιιενος
1601 2691 1667 2727 αὐ-

232 2745 404 2784 Cyproque
418 2746 535 2776 citatas
547 2745 712 2777 Immisere
727 2748 829 2778 rates:
849 2755 925 2776 «ee-
979 2743 1043 2776 τὸν
1056 2764 1073 2769 -
1086 2764 1102 2769 -
1118 2746 1156 2784 (ς
1170 2742 1237 2787 τὴν
1254 2744 1400 2791 χρυσῆν
1417 2741 1580 2786 ἅμαξαν.
1609 2744 1667 2783 ἐφ’
