<?xml version="1.0" encoding="UTF-8"?>
<!DOCTYPE html PUBLIC "-//W3C//DTD XHTML 1.0 Transitional//EN"
    "http://www.w3.org/TR/xhtml1/DTD/xhtml1-transitional.dtd">
<html xmlns="http://www.w3.org/1999/xhtml" xml:lang="en" lang="en">
 <head>
  <title>
</title>
<meta http-equiv="Content-Type" content="text/html;charset=utf-8" />
  <meta name='ocr-system' content='tesseract 3.04.00' />
  <meta name='ocr-capabilities' content='ocr_page ocr_carea ocr_par ocr_line ocrx_word'/>
</head>
<body>
  <div class='ocr_page' id='page_1' title='image "./qhoratiusflaccus01horauoft/qhoratiusflaccus01horauoft_0379.png"; bbox 0 0 1997 3219; ppageno 0'>
   <div class='ocr_carea' id='block_1_1' title="bbox 645 164 786 195">
    <p class='ocr_par' dir='ltr' id='par_1_1' title="bbox 645 164 786 195">
     <span class='ocr_line' id='line_1_1' title="bbox 645 164 786 195; baseline 0 -1"><span class='ocrx_word' id='word_1_1' title='bbox 645 164 720 194; x_wconf 56' lang='lat' dir='ltr'>tut.</span> <span class='ocrx_word' id='word_1_2' title='bbox 750 165 786 195; x_wconf 95' lang='grc'>11.</span> 
     </span>
    </p>
   </div>
   <div class='ocr_carea' id='block_1_2' title="bbox 838 164 985 195">
    <p class='ocr_par' dir='ltr' id='par_1_2' title="bbox 838 164 985 195">
     <span class='ocr_line' id='line_1_2' title="bbox 838 164 985 195; baseline 0.007 -1"><span class='ocrx_word' id='word_1_3' title='bbox 838 165 874 194; x_wconf 83' lang='lat' dir='ltr'>C.</span> <span class='ocrx_word' id='word_1_4' title='bbox 904 164 985 195; x_wconf 79' lang='lat' dir='ltr'>xix.</span> 
     </span>
    </p>
   </div>
   <div class='ocr_carea' id='block_1_3' title="bbox 463 266 1229 322">
    <p class='ocr_par' dir='ltr' id='par_1_3' title="bbox 463 266 1229 322">
     <span class='ocr_line' id='line_1_3' title="bbox 463 266 1229 322; baseline -0.001 -15"><span class='ocrx_word' id='word_1_5' title='bbox 463 266 671 313; x_wconf 82' lang='lat' dir='ltr'>Caudam,</span> <span class='ocrx_word' id='word_1_6' title='bbox 706 274 746 308; x_wconf 91' lang='lat' dir='ltr'>et</span> <span class='ocrx_word' id='word_1_7' title='bbox 778 267 1016 309; x_wconf 79' lang='lat' dir='ltr'>recedentis</span> <span class='ocrx_word' id='word_1_8' title='bbox 1049 266 1229 322; x_wconf 66' lang='lat' dir='ltr'>trilingui</span> 
     </span>
    </p>
   </div>
   <div class='ocr_carea' id='block_1_4' title="bbox 511 346 1188 403">
    <p class='ocr_par' dir='ltr' id='par_1_4' title="bbox 511 346 1188 403">
     <span class='ocr_line' id='line_1_4' title="bbox 511 346 1188 403; baseline 0 -16"><span class='ocrx_word' id='word_1_9' title='bbox 511 347 600 388; x_wconf 82' lang='lat' dir='ltr'>Ore</span> <span class='ocrx_word' id='word_1_10' title='bbox 633 346 767 403; x_wconf 87' lang='lat' dir='ltr'>pedes</span> <span class='ocrx_word' id='word_1_11' title='bbox 801 347 1019 403; x_wconf 70' lang='lat' dir='ltr'>tetigitque</span> <span class='ocrx_word' id='word_1_12' title='bbox 1051 361 1188 389; x_wconf 83' lang='lat' dir='ltr'>crura.</span> 
     </span>
    </p>
   </div>
   <div class='ocr_carea' id='block_1_5' title="bbox 112 495 813 1313">
    <p class='ocr_par' dir='ltr' id='par_1_5' title="bbox 112 495 813 1313">
     <span class='ocr_line' id='line_1_5' title="bbox 117 495 807 537; baseline 0.001 -12"><span class='ocrx_word' id='word_1_13' title='bbox 117 496 189 526; x_wconf 79' lang='lat' dir='ltr'>beri</span> <span class='ocrx_word' id='word_1_14' title='bbox 241 495 393 537; x_wconf 68' lang='lat' dir='ltr'>depingit</span> <span class='ocrx_word' id='word_1_15' title='bbox 444 498 492 533; x_wconf 74' lang='lat' dir='ltr'>tut</span> <span class='ocrx_word' id='word_1_16' title='bbox 533 496 666 527; x_wconf 86' lang='lat' dir='ltr'>Seneca</span> <span class='ocrx_word' id='word_1_17' title='bbox 708 497 807 528; x_wconf 86' lang='lat' dir='ltr'>tterc.</span> 
     </span>
     <span class='ocr_line' id='line_1_6' title="bbox 119 544 813 577; baseline 0.003 -2"><span class='ocrx_word' id='word_1_18' title='bbox 119 545 181 575; x_wconf 80' lang='lat' dir='ltr'>t&#39;ur.</span> <span class='ocrx_word' id='word_1_19' title='bbox 208 545 288 576; x_wconf 78' lang='lat'>813:</span> <span class='ocrx_word' id='word_1_20' title='bbox 318 544 496 575; x_wconf 74' lang='lat' dir='ltr'>Cerberus</span> <span class='ocrx_word' id='word_1_21' title='bbox 521 544 564 575; x_wconf 89' lang='lat' dir='ltr'>ab</span> <span class='ocrx_word' id='word_1_22' title='bbox 587 545 734 577; x_wconf 82' lang='lat' dir='ltr'>Hercule</span> <span class='ocrx_word' id='word_1_23' title='bbox 752 546 813 577; x_wconf 89' lang='lat' dir='ltr'>do-</span> 
     </span>
     <span class='ocr_line' id='line_1_7' title="bbox 116 595 812 634; baseline 0.003 -10"><span class='ocrx_word' id='word_1_24' title='bbox 116 595 219 625; x_wconf 80' lang='lat' dir='ltr'>mitus</span> <span class='ocrx_word' id='word_1_25' title='bbox 236 595 421 633; x_wconf 75' lang='lat' dir='ltr'>Merumque</span> <span class='ocrx_word' id='word_1_26' title='bbox 436 596 560 634; x_wconf 76' lang='lat' dir='ltr'>fassus,</span> <span class='ocrx_word' id='word_1_27' title='bbox 585 604 641 626; x_wconf 79' lang='lat' dir='ltr'>ore</span> <span class='ocrx_word' id='word_1_28' title='bbox 655 595 812 626; x_wconf 71' lang='lat' dir='ltr'>submisso</span> 
     </span>
     <span class='ocr_line' id='line_1_8' title="bbox 114 643 812 684; baseline 0.007 -14"><span class='ocrx_word' id='word_1_29' title='bbox 114 643 288 682; x_wconf 64' lang='lat' dir='ltr'>obsequens</span> <span class='ocrx_word' id='word_1_30' title='bbox 329 645 507 683; x_wconf 68' lang='lat' dir='ltr'>sti-amque</span> <span class='ocrx_word' id='word_1_31' title='bbox 551 645 659 675; x_wconf 76' lang='lat' dir='ltr'>cauda</span> <span class='ocrx_word' id='word_1_32' title='bbox 701 645 812 684; x_wconf 78' lang='lat' dir='ltr'>pulsat</span> 
     </span>
     <span class='ocr_line' id='line_1_9' title="bbox 114 693 810 733; baseline 0.004 -12"><span class='ocrx_word' id='word_1_33' title='bbox 114 693 290 731; x_wconf 61' lang='lat' dir='ltr'>‹lamasci-a</span> <span class='ocrx_word' id='word_1_34' title='bbox 316 694 442 733; x_wconf 49' lang='lat' dir='ltr'>lalus),</span> <span class='ocrx_word' id='word_1_35' title='bbox 480 693 543 725; x_wconf 83' lang='lat' dir='ltr'>sed</span> <span class='ocrx_word' id='word_1_36' title='bbox 574 693 810 724; x_wconf 71' lang='lat' dir='ltr'>adulationem</span> 
     </span>
     <span class='ocr_line' id='line_1_10' title="bbox 115 741 810 774; baseline 0.004 -4"><span class='ocrx_word' id='word_1_37' title='bbox 115 741 284 773; x_wconf 56' lang='lat' dir='ltr'>adsersus</span> <span class='ocrx_word' id='word_1_38' title='bbox 324 742 442 774; x_wconf 88' lang='lat' dir='ltr'>deum.</span> <span class='ocrx_word' id='word_1_39' title='bbox 488 761 522 764; x_wconf 88' lang='lat'>—</span> <span class='ocrx_word' id='word_1_40' title='bbox 560 743 655 773; x_wconf 84' lang='lat' dir='ltr'>Duae</span> <span class='ocrx_word' id='word_1_41' title='bbox 691 745 810 774; x_wconf 88' lang='lat' dir='ltr'>autem</span> 
     </span>
     <span class='ocr_line' id='line_1_11' title="bbox 114 791 810 829; baseline 0.003 -9"><span class='ocrx_word' id='word_1_42' title='bbox 114 792 195 821; x_wconf 85' lang='lat' dir='ltr'>sunt</span> <span class='ocrx_word' id='word_1_43' title='bbox 221 791 405 829; x_wconf 60' lang='lat' dir='ltr'>imagines.</span> <span class='ocrx_word' id='word_1_44' title='bbox 444 800 510 822; x_wconf 89' lang='lat' dir='ltr'>una</span> <span class='ocrx_word' id='word_1_45' title='bbox 540 792 572 822; x_wconf 90' lang='lat' dir='ltr'>in</span> <span class='ocrx_word' id='word_1_46' title='bbox 599 792 727 823; x_wconf 86' lang='lat' dir='ltr'>Orcum</span> <span class='ocrx_word' id='word_1_47' title='bbox 757 792 810 822; x_wconf 89' lang='lat' dir='ltr'>in-</span> 
     </span>
     <span class='ocr_line' id='line_1_12' title="bbox 115 840 810 874; baseline 0.001 -4"><span class='ocrx_word' id='word_1_48' title='bbox 115 840 234 871; x_wconf 87' lang='lat' dir='ltr'>trantis</span> <span class='ocrx_word' id='word_1_49' title='bbox 261 840 393 874; x_wconf 79' lang='lat' dir='ltr'>Liberi.</span> <span class='ocrx_word' id='word_1_50' title='bbox 431 840 489 871; x_wconf 92' lang='lat' dir='ltr'>ubi</span> <span class='ocrx_word' id='word_1_51' title='bbox 522 840 699 872; x_wconf 81' lang='lat' dir='ltr'>Cerberus</span> <span class='ocrx_word' id='word_1_52' title='bbox 725 850 810 872; x_wconf 88' lang='lat' dir='ltr'>cau-</span> 
     </span>
     <span class='ocr_line' id='line_1_13' title="bbox 114 888 810 927; baseline 0.004 -9"><span class='ocrx_word' id='word_1_53' title='bbox 114 888 195 920; x_wconf 89' lang='lat' dir='ltr'>dam</span> <span class='ocrx_word' id='word_1_54' title='bbox 220 888 345 921; x_wconf 85' lang='lat' dir='ltr'>leniter</span> <span class='ocrx_word' id='word_1_55' title='bbox 369 892 504 927; x_wconf 71' lang='lat' dir='ltr'>movet,</span> <span class='ocrx_word' id='word_1_56' title='bbox 539 889 646 921; x_wconf 86' lang='lat' dir='ltr'>altera</span> <span class='ocrx_word' id='word_1_57' title='bbox 676 898 810 921; x_wconf 82' lang='lat' dir='ltr'>exeun-</span> 
     </span>
     <span class='ocr_line' id='line_1_14' title="bbox 114 937 809 980; baseline 0.001 -12"><span class='ocrx_word' id='word_1_58' title='bbox 114 938 173 970; x_wconf 80' lang='lat' dir='ltr'>tis.</span> <span class='ocrx_word' id='word_1_59' title='bbox 207 938 264 969; x_wconf 91' lang='lat' dir='ltr'>ubi</span> <span class='ocrx_word' id='word_1_60' title='bbox 295 937 338 970; x_wconf 92' lang='lat' dir='ltr'>illi</span> <span class='ocrx_word' id='word_1_61' title='bbox 364 939 474 980; x_wconf 84' lang='lat' dir='ltr'>pedes</span> <span class='ocrx_word' id='word_1_62' title='bbox 504 938 644 976; x_wconf 76' lang='lat' dir='ltr'>tambit;</span> <span class='ocrx_word' id='word_1_63' title='bbox 681 938 809 979; x_wconf 88' lang='lat' dir='ltr'>quibus</span> 
     </span>
     <span class='ocr_line' id='line_1_15' title="bbox 113 987 808 1029; baseline 0 -11"><span class='ocrx_word' id='word_1_64' title='bbox 113 987 322 1027; x_wconf 70' lang='lat' dir='ltr'>imaginibus</span> <span class='ocrx_word' id='word_1_65' title='bbox 355 990 456 1028; x_wconf 77' lang='lat' dir='ltr'>poeta</span> <span class='ocrx_word' id='word_1_66' title='bbox 490 989 721 1029; x_wconf 77' lang='lat' dir='ltr'>potentissimi</span> <span class='ocrx_word' id='word_1_67' title='bbox 752 988 808 1019; x_wconf 90' lang='lat' dir='ltr'>dei</span> 
     </span>
     <span class='ocr_line' id='line_1_16' title="bbox 113 1036 808 1077; baseline 0.003 -12"><span class='ocrx_word' id='word_1_68' title='bbox 113 1037 358 1075; x_wconf 73' lang='lat' dir='ltr'>securitatem,</span> <span class='ocrx_word' id='word_1_69' title='bbox 395 1046 464 1077; x_wconf 84' lang='lat' dir='ltr'>qua</span> <span class='ocrx_word' id='word_1_70' title='bbox 502 1037 690 1068; x_wconf 84' lang='lat' dir='ltr'>inferorum</span> <span class='ocrx_word' id='word_1_71' title='bbox 733 1036 808 1067; x_wconf 87' lang='lat' dir='ltr'>loca</span> 
     </span>
     <span class='ocr_line' id='line_1_17' title="bbox 114 1084 808 1127; baseline 0.001 -13"><span class='ocrx_word' id='word_1_72' title='bbox 114 1084 343 1124; x_wconf 78' lang='lat' dir='ltr'>perambulat,</span> <span class='ocrx_word' id='word_1_73' title='bbox 371 1086 544 1127; x_wconf 78' lang='lat' dir='ltr'>exprimit.</span> <span class='ocrx_word' id='word_1_74' title='bbox 594 1086 667 1117; x_wconf 89' lang='lat' dir='ltr'>Hoc</span> <span class='ocrx_word' id='word_1_75' title='bbox 692 1086 808 1117; x_wconf 84' lang='lat' dir='ltr'>minus</span> 
     </span>
     <span class='ocr_line' id='line_1_18' title="bbox 113 1133 804 1175; baseline 0.001 -12"><span class='ocrx_word' id='word_1_76' title='bbox 113 1133 307 1174; x_wconf 78' lang='lat' dir='ltr'>intelligens</span> <span class='ocrx_word' id='word_1_77' title='bbox 333 1136 442 1175; x_wconf 89' lang='lat' dir='ltr'>Upton</span> <span class='ocrx_word' id='word_1_78' title='bbox 463 1135 506 1166; x_wconf 91' lang='lat' dir='ltr'>ad</span> <span class='ocrx_word' id='word_1_79' title='bbox 524 1136 657 1167; x_wconf 81' lang='lat' dir='ltr'>Arrian.</span> <span class='ocrx_word' id='word_1_80' title='bbox 678 1144 710 1175; x_wconf 92' lang='lat' dir='ltr'>p.</span> <span class='ocrx_word' id='word_1_81' title='bbox 732 1135 804 1166; x_wconf 64' lang='lat'>0222.</span> 
     </span>
     <span class='ocr_line' id='line_1_19' title="bbox 112 1183 807 1216; baseline 0 -3"><span class='ocrx_word' id='word_1_82' title='bbox 112 1183 145 1213; x_wconf 85' lang='lat' dir='ltr'>in</span> <span class='ocrx_word' id='word_1_83' title='bbox 170 1192 275 1214; x_wconf 88' lang='lat' dir='ltr'>unam</span> <span class='ocrx_word' id='word_1_84' title='bbox 300 1184 350 1215; x_wconf 83' lang='lat' dir='ltr'>sic</span> <span class='ocrx_word' id='word_1_85' title='bbox 374 1184 547 1215; x_wconf 85' lang='lat' dir='ltr'>confudit:</span> <span class='ocrx_word' id='word_1_86' title='bbox 576 1185 685 1216; x_wconf 71' lang='lat' dir='ltr'>Cornu</span> <span class='ocrx_word' id='word_1_87' title='bbox 711 1185 807 1213; x_wconf 81' lang='lat' dir='ltr'>deco-</span> 
     </span>
     <span class='ocr_line' id='line_1_20' title="bbox 112 1232 804 1271; baseline 0.001 -10"><span class='ocrx_word' id='word_1_88' title='bbox 112 1241 184 1263; x_wconf 78' lang='lat' dir='ltr'>rum</span> <span class='ocrx_word' id='word_1_89' title='bbox 224 1237 269 1271; x_wconf 78' lang='lat' dir='ltr'>et,</span> <span class='ocrx_word' id='word_1_90' title='bbox 309 1233 424 1264; x_wconf 72' lang='lat' dir='ltr'>leriiler</span> <span class='ocrx_word' id='word_1_91' title='bbox 462 1237 605 1265; x_wconf 73' lang='lat' dir='ltr'>atterens</span> <span class='ocrx_word' id='word_1_92' title='bbox 638 1232 804 1270; x_wconf 69' lang='lat' dir='ltr'>Calidum,</span> 
     </span>
     <span class='ocr_line' id='line_1_21' title="bbox 112 1282 378 1313; baseline 0.008 -2"><span class='ocrx_word' id='word_1_93' title='bbox 112 1282 289 1312; x_wconf 68' lang='lat' dir='ltr'>rec-edentis</span> <span class='ocrx_word' id='word_1_94' title='bbox 313 1284 378 1313; x_wconf 79' lang='lat' dir='ltr'>cet.</span> 
     </span>
    </p>
   </div>
   <div class='ocr_carea' id='block_1_6' title="bbox 857 496 1561 1327">
    <p class='ocr_par' dir='ltr' id='par_1_6' title="bbox 857 496 1561 1327">
     <span class='ocr_line' id='line_1_22' title="bbox 906 496 1556 537; baseline -0.002 -10"><span class='ocrx_word' id='word_1_95' title='bbox 906 496 957 527; x_wconf 81' lang='grc'>31,</span> <span class='ocrx_word' id='word_1_96' title='bbox 993 496 1044 527; x_wconf 72' lang='lat'>32.</span> <span class='ocrx_word' id='word_1_97' title='bbox 1077 496 1227 536; x_wconf 61' lang='lat' dir='ltr'>trilingui</span> <span class='ocrx_word' id='word_1_98' title='bbox 1256 496 1334 537; x_wconf 78' lang='lat' dir='ltr'>Ore]</span> <span class='ocrx_word' id='word_1_99' title='bbox 1369 504 1458 527; x_wconf 85' lang='lat' dir='ltr'>«uno</span> <span class='ocrx_word' id='word_1_100' title='bbox 1484 505 1556 530; x_wconf 78' lang='lat' dir='ltr'>ore,</span> 
     </span>
     <span class='ocr_line' id='line_1_23' title="bbox 864 544 1560 585; baseline -0.001 -9"><span class='ocrx_word' id='word_1_101' title='bbox 864 545 896 576; x_wconf 89' lang='lat' dir='ltr'>in</span> <span class='ocrx_word' id='word_1_102' title='bbox 936 554 1005 585; x_wconf 87' lang='lat' dir='ltr'>quo</span> <span class='ocrx_word' id='word_1_103' title='bbox 1043 548 1113 576; x_wconf 77' lang='lat' dir='ltr'>tres</span> <span class='ocrx_word' id='word_1_104' title='bbox 1145 545 1281 585; x_wconf 75' lang='lat' dir='ltr'>linguae</span> <span class='ocrx_word' id='word_1_105' title='bbox 1329 546 1402 576; x_wconf 84' lang='lat' dir='ltr'>sive</span> <span class='ocrx_word' id='word_1_106' title='bbox 1446 544 1560 584; x_wconf 79' lang='lat' dir='ltr'>lingua</span> 
     </span>
     <span class='ocr_line' id='line_1_24' title="bbox 864 593 1559 634; baseline 0 -10"><span class='ocrx_word' id='word_1_107' title='bbox 864 593 998 631; x_wconf 77' lang='lat' dir='ltr'>trifida,</span> <span class='ocrx_word' id='word_1_108' title='bbox 1031 593 1142 634; x_wconf 88' lang='lat' dir='ltr'>qualis</span> <span class='ocrx_word' id='word_1_109' title='bbox 1166 593 1254 626; x_wconf 84' lang='lat' dir='ltr'>solet</span> <span class='ocrx_word' id='word_1_110' title='bbox 1279 595 1310 625; x_wconf 87' lang='lat' dir='ltr'>in</span> <span class='ocrx_word' id='word_1_111' title='bbox 1335 593 1559 634; x_wconf 75' lang='lat' dir='ltr'>serpentibus</span> 
     </span>
     <span class='ocr_line' id='line_1_25' title="bbox 863 642 1560 683; baseline -0.001 -9"><span class='ocrx_word' id='word_1_112' title='bbox 863 642 977 682; x_wconf 62' lang='lat' dir='ltr'>tingi„</span> <span class='ocrx_word' id='word_1_113' title='bbox 994 644 1107 674; x_wconf 50' lang='lat' dir='ltr'>Nam</span> <span class='ocrx_word' id='word_1_114' title='bbox 1122 644 1154 674; x_wconf 89' lang='lat' dir='ltr'>in</span> <span class='ocrx_word' id='word_1_115' title='bbox 1170 645 1285 683; x_wconf 80' lang='lat' dir='ltr'>Progr.</span> <span class='ocrx_word' id='word_1_116' title='bbox 1304 643 1398 674; x_wconf 75' lang='grc'>1821.</span> <span class='ocrx_word' id='word_1_117' title='bbox 1449 644 1560 680; x_wconf 90' lang='lat' dir='ltr'>Quam</span> 
     </span>
     <span class='ocr_line' id='line_1_26' title="bbox 862 693 1559 733; baseline 0 -11"><span class='ocrx_word' id='word_1_118' title='bbox 862 694 980 723; x_wconf 84' lang='lat' dir='ltr'>tamen</span> <span class='ocrx_word' id='word_1_119' title='bbox 999 693 1320 733; x_wconf 77' lang='lat' dir='ltr'>interpretationem</span> <span class='ocrx_word' id='word_1_120' title='bbox 1335 693 1468 723; x_wconf 88' lang='lat' dir='ltr'>rectam</span> <span class='ocrx_word' id='word_1_121' title='bbox 1481 700 1559 723; x_wconf 83' lang='lat' dir='ltr'>esse</span> 
     </span>
     <span class='ocr_line' id='line_1_27' title="bbox 863 741 1560 782; baseline 0.001 -11"><span class='ocrx_word' id='word_1_122' title='bbox 863 750 930 772; x_wconf 85' lang='lat' dir='ltr'>non</span> <span class='ocrx_word' id='word_1_123' title='bbox 971 742 1095 780; x_wconf 83' lang='lat' dir='ltr'>credo,</span> <span class='ocrx_word' id='word_1_124' title='bbox 1136 741 1201 773; x_wconf 87' lang='lat' dir='ltr'>sed</span> <span class='ocrx_word' id='word_1_125' title='bbox 1231 741 1366 782; x_wconf 77' lang='lat' dir='ltr'>explico</span> <span class='ocrx_word' id='word_1_126' title='bbox 1398 741 1441 772; x_wconf 89' lang='lat' dir='ltr'>de</span> <span class='ocrx_word' id='word_1_127' title='bbox 1478 742 1560 772; x_wconf 90' lang='lat' dir='ltr'>Cer-</span> 
     </span>
     <span class='ocr_line' id='line_1_28' title="bbox 862 788 1561 831; baseline -0.001 -10"><span class='ocrx_word' id='word_1_128' title='bbox 862 790 949 821; x_wconf 88' lang='lat' dir='ltr'>bero</span> <span class='ocrx_word' id='word_1_129' title='bbox 985 791 1146 831; x_wconf 88' lang='lat' dir='ltr'>trieipite.</span> <span class='ocrx_word' id='word_1_130' title='bbox 1197 791 1251 821; x_wconf 87' lang='lat' dir='ltr'>Sic</span> <span class='ocrx_word' id='word_1_131' title='bbox 1278 789 1437 821; x_wconf 86' lang='lat' dir='ltr'>Valerius</span> <span class='ocrx_word' id='word_1_132' title='bbox 1468 788 1561 820; x_wconf 82' lang='lat' dir='ltr'>Flac-</span> 
     </span>
     <span class='ocr_line' id='line_1_29' title="bbox 861 839 1559 880; baseline -0.003 -9"><span class='ocrx_word' id='word_1_133' title='bbox 861 848 923 871; x_wconf 82' lang='lat' dir='ltr'>cus</span> <span class='ocrx_word' id='word_1_134' title='bbox 940 840 979 877; x_wconf 85' lang='lat'>7,</span> <span class='ocrx_word' id='word_1_135' title='bbox 1002 839 1073 871; x_wconf 60' lang='lat'>484„</span> <span class='ocrx_word' id='word_1_136' title='bbox 1102 839 1225 880; x_wconf 87' lang='lat' dir='ltr'>triplici</span> <span class='ocrx_word' id='word_1_137' title='bbox 1251 840 1402 870; x_wconf 81' lang='lat' dir='ltr'>Hecatae</span> <span class='ocrx_word' id='word_1_138' title='bbox 1423 842 1559 869; x_wconf 73' lang='lat' dir='ltr'>cantum</span> 
     </span>
     <span class='ocr_line' id='line_1_30' title="bbox 859 887 1559 929; baseline -0.003 -9"><span class='ocrx_word' id='word_1_139' title='bbox 859 889 1049 929; x_wconf 73' lang='lat' dir='ltr'>trilingyuem</span> <span class='ocrx_word' id='word_1_140' title='bbox 1083 888 1212 920; x_wconf 86' lang='lat' dir='ltr'>tribuit.</span> <span class='ocrx_word' id='word_1_141' title='bbox 1261 889 1374 928; x_wconf 84' lang='lat' dir='ltr'>Atque</span> <span class='ocrx_word' id='word_1_142' title='bbox 1417 887 1559 919; x_wconf 84' lang='lat' dir='ltr'>omnino</span> 
     </span>
     <span class='ocr_line' id='line_1_31' title="bbox 860 935 1561 979; baseline -0.003 -10"><span class='ocrx_word' id='word_1_143' title='bbox 860 938 981 979; x_wconf 88' lang='lat' dir='ltr'>quaeri</span> <span class='ocrx_word' id='word_1_144' title='bbox 999 939 1126 978; x_wconf 89' lang='lat' dir='ltr'>potest,</span> <span class='ocrx_word' id='word_1_145' title='bbox 1146 946 1230 969; x_wconf 88' lang='lat' dir='ltr'>num</span> <span class='ocrx_word' id='word_1_146' title='bbox 1249 936 1444 969; x_wconf 86' lang='lat' dir='ltr'>Cerberum</span> <span class='ocrx_word' id='word_1_147' title='bbox 1462 935 1561 967; x_wconf 89' lang='lat' dir='ltr'>aliter</span> 
     </span>
     <span class='ocr_line' id='line_1_32' title="bbox 860 985 1558 1028; baseline -0.003 -10"><span class='ocrx_word' id='word_1_148' title='bbox 860 996 967 1028; x_wconf 88' lang='lat' dir='ltr'>quam</span> <span class='ocrx_word' id='word_1_149' title='bbox 980 985 1035 1018; x_wconf 83' lang='lat' dir='ltr'>vel</span> <span class='ocrx_word' id='word_1_150' title='bbox 1052 987 1239 1027; x_wconf 83' lang='lat' dir='ltr'>tricipitem</span> <span class='ocrx_word' id='word_1_151' title='bbox 1252 985 1306 1017; x_wconf 80' lang='lat' dir='ltr'>vel</span> <span class='ocrx_word' id='word_1_152' title='bbox 1322 986 1558 1026; x_wconf 84' lang='lat' dir='ltr'>centicipitem</span> 
     </span>
     <span class='ocr_line' id='line_1_33' title="bbox 860 1034 1556 1076; baseline -0.004 -8"><span class='ocrx_word' id='word_1_153' title='bbox 860 1036 1111 1076; x_wconf 77' lang='lat' dir='ltr'>descripserint</span> <span class='ocrx_word' id='word_1_154' title='bbox 1152 1036 1275 1076; x_wconf 81' lang='lat' dir='ltr'>poetae</span> <span class='ocrx_word' id='word_1_155' title='bbox 1311 1035 1430 1066; x_wconf 87' lang='lat' dir='ltr'>Latini.</span> <span class='ocrx_word' id='word_1_156' title='bbox 1487 1034 1556 1066; x_wconf 88' lang='lat' dir='ltr'>Csr.</span> 
     </span>
     <span class='ocr_line' id='line_1_34' title="bbox 859 1084 1554 1125; baseline -0.003 -9"><span class='ocrx_word' id='word_1_157' title='bbox 859 1086 952 1125; x_wconf 84' lang='lat' dir='ltr'>Virg.</span> <span class='ocrx_word' id='word_1_158' title='bbox 982 1087 1065 1116; x_wconf 81' lang='lat' dir='ltr'>Aen.</span> <span class='ocrx_word' id='word_1_159' title='bbox 1095 1086 1130 1122; x_wconf 79' lang='grc' dir='ltr'>ὓ,</span> <span class='ocrx_word' id='word_1_160' title='bbox 1166 1084 1240 1116; x_wconf 68' lang='lat'>447.</span> <span class='ocrx_word' id='word_1_161' title='bbox 1267 1084 1364 1115; x_wconf 72' lang='lat' dir='ltr'>Ow&#39;d.</span> <span class='ocrx_word' id='word_1_162' title='bbox 1393 1085 1471 1115; x_wconf 87' lang='lat' dir='ltr'>Met.</span> <span class='ocrx_word' id='word_1_163' title='bbox 1504 1084 1554 1122; x_wconf 82' lang='grc'>10,</span> 
     </span>
     <span class='ocr_line' id='line_1_35' title="bbox 860 1133 1555 1173; baseline -0.004 -7"><span class='ocrx_word' id='word_1_164' title='bbox 860 1136 910 1166; x_wconf 67' lang='grc'>21.</span> <span class='ocrx_word' id='word_1_165' title='bbox 960 1133 1242 1166; x_wconf 84' lang='lat' dir='ltr'>Pseudotibullus</span> <span class='ocrx_word' id='word_1_166' title='bbox 1266 1134 1303 1171; x_wconf 85' lang='lat'>3,</span> <span class='ocrx_word' id='word_1_167' title='bbox 1342 1133 1378 1171; x_wconf 70' lang='lat'>4,</span> <span class='ocrx_word' id='word_1_168' title='bbox 1405 1133 1456 1171; x_wconf 83' lang='lat'>3.‚</span> <span class='ocrx_word' id='word_1_169' title='bbox 1498 1133 1555 1173; x_wconf 88' lang='lat' dir='ltr'>qui</span> 
     </span>
     <span class='ocr_line' id='line_1_36' title="bbox 858 1181 1558 1222; baseline -0.003 -8"><span class='ocrx_word' id='word_1_170' title='bbox 858 1192 981 1214; x_wconf 87' lang='lat' dir='ltr'>omnes</span> <span class='ocrx_word' id='word_1_171' title='bbox 999 1182 1156 1214; x_wconf 85' lang='lat' dir='ltr'>Cerbero</span> <span class='ocrx_word' id='word_1_172' title='bbox 1174 1186 1239 1213; x_wconf 73' lang='lat' dir='ltr'>tres</span> <span class='ocrx_word' id='word_1_173' title='bbox 1255 1183 1386 1222; x_wconf 69' lang='grc' dir='ltr'>[ἱηῃιιαε</span> <span class='ocrx_word' id='word_1_174' title='bbox 1402 1181 1558 1213; x_wconf 89' lang='lat' dir='ltr'>tribuen-</span> 
     </span>
     <span class='ocr_line' id='line_1_37' title="bbox 857 1231 1553 1272; baseline -0.001 -10"><span class='ocrx_word' id='word_1_175' title='bbox 857 1233 910 1262; x_wconf 90' lang='lat' dir='ltr'>tes</span> <span class='ocrx_word' id='word_1_176' title='bbox 950 1232 1014 1262; x_wconf 88' lang='lat' dir='ltr'>tria</span> <span class='ocrx_word' id='word_1_177' title='bbox 1061 1232 1135 1262; x_wconf 86' lang='lat' dir='ltr'>eius</span> <span class='ocrx_word' id='word_1_178' title='bbox 1187 1231 1300 1272; x_wconf 86' lang='lat' dir='ltr'>capita</span> <span class='ocrx_word' id='word_1_179' title='bbox 1348 1231 1553 1271; x_wconf 80' lang='lat' dir='ltr'>significant.</span> 
     </span>
     <span class='ocr_line' id='line_1_38' title="bbox 857 1280 1270 1327; baseline 0.002 -17"><span class='ocrx_word' id='word_1_180' title='bbox 857 1280 944 1311; x_wconf 87' lang='lat' dir='ltr'>Vide</span> <span class='ocrx_word' id='word_1_181' title='bbox 980 1280 1040 1311; x_wconf 94' lang='lat' dir='ltr'>Od.</span> <span class='ocrx_word' id='word_1_182' title='bbox 1069 1280 1104 1327; x_wconf 53' lang='lat'>33„</span> <span class='ocrx_word' id='word_1_183' title='bbox 1134 1281 1190 1319; x_wconf 78' lang='lat' dir='ltr'>tt,</span> <span class='ocrx_word' id='word_1_184' title='bbox 1217 1281 1270 1311; x_wconf 67' lang='lat'>20.</span> 
     </span>
    </p>
   </div>
   <div class='ocr_carea' id='block_1_7' title="bbox 591 1501 1073 1620">
    <p class='ocr_par' dir='ltr' id='par_1_7' title="bbox 591 1501 1073 1620">
     <span class='ocr_line' id='line_1_39' title="bbox 591 1501 1073 1538; baseline 0 -1"><span class='ocrx_word' id='word_1_185' title='bbox 591 1501 1073 1538; x_wconf 78' lang='lat' dir='ltr'>EXCURSUS</span> 
     </span>
     <span class='ocr_line' id='line_1_40' title="bbox 716 1588 938 1620; baseline 0 -1"><span class='ocrx_word' id='word_1_186' title='bbox 716 1588 938 1620; x_wconf 66' lang='lat' dir='ltr'>Anoxlx.</span> 
     </span>
    </p>
   </div>
   <div class='ocr_carea' id='block_1_8' title="bbox 106 1667 1553 2764">
    <p class='ocr_par' dir='ltr' id='par_1_8' title="bbox 106 1667 1553 2764">
     <span class='ocr_line' id='line_1_41' title="bbox 195 1667 1553 1709; baseline 0 -9"><span class='ocrx_word' id='word_1_187' title='bbox 195 1670 395 1709; x_wconf 77' lang='lat' dir='ltr'>Signitieare</span> <span class='ocrx_word' id='word_1_188' title='bbox 429 1670 540 1707; x_wconf 76' lang='lat' dir='ltr'>iuvat,</span> <span class='ocrx_word' id='word_1_189' title='bbox 580 1667 758 1709; x_wconf 86' lang='lat' dir='ltr'>quomodo</span> <span class='ocrx_word' id='word_1_190' title='bbox 792 1677 834 1700; x_wconf 90' lang='lat' dir='ltr'>ex</span> <span class='ocrx_word' id='word_1_191' title='bbox 865 1669 1015 1709; x_wconf 81' lang='lat' dir='ltr'>antiquis</span> <span class='ocrx_word' id='word_1_192' title='bbox 1048 1668 1179 1708; x_wconf 81' lang='lat' dir='ltr'>aliquot</span> <span class='ocrx_word' id='word_1_193' title='bbox 1209 1669 1447 1701; x_wconf 86' lang='lat' dir='ltr'>monumentis</span> <span class='ocrx_word' id='word_1_194' title='bbox 1476 1668 1553 1700; x_wconf 91' lang='lat' dir='ltr'>illu—</span> 
     </span>
     <span class='ocr_line' id='line_1_42' title="bbox 108 1723 1550 1765; baseline -0.001 -9"><span class='ocrx_word' id='word_1_195' title='bbox 108 1725 208 1757; x_wconf 81' lang='lat' dir='ltr'>strari</span> <span class='ocrx_word' id='word_1_196' title='bbox 233 1725 342 1765; x_wconf 86' lang='lat' dir='ltr'>possit</span> <span class='ocrx_word' id='word_1_197' title='bbox 372 1724 598 1756; x_wconf 83' lang='lat' dir='ltr'>Horatianum</span> <span class='ocrx_word' id='word_1_198' title='bbox 622 1724 689 1755; x_wconf 83' lang='lat' dir='ltr'>hoe</span> <span class='ocrx_word' id='word_1_199' title='bbox 714 1732 869 1755; x_wconf 85' lang='lat' dir='ltr'>carmen.</span> <span class='ocrx_word' id='word_1_200' title='bbox 910 1723 950 1754; x_wconf 93' lang='lat' dir='ltr'>V.</span> <span class='ocrx_word' id='word_1_201' title='bbox 978 1723 1009 1754; x_wconf 85' lang='lat'>3.</span> <span class='ocrx_word' id='word_1_202' title='bbox 1035 1724 1550 1765; x_wconf 70' lang='lat' dir='ltr'>Nymphasque—-SalyrorumJ</span> 
     </span>
     <span class='ocr_line' id='line_1_43' title="bbox 108 1778 1549 1816; baseline 0.001 -5"><span class='ocrx_word' id='word_1_203' title='bbox 108 1778 286 1811; x_wconf 78' lang='grc' dir='ltr'><em>ΧΑΙΡΑΣ</em></span> <span class='ocrx_word' id='word_1_204' title='bbox 322 1779 392 1816; x_wconf 76' lang='lat' dir='ltr'>illa,</span> <span class='ocrx_word' id='word_1_205' title='bbox 435 1778 583 1810; x_wconf 77' lang='grc' dir='ltr'><strong><em>ΣΙΜΟΣ</em></strong></span> <span class='ocrx_word' id='word_1_206' title='bbox 619 1781 653 1810; x_wconf 90' lang='lat' dir='ltr'>et</span> <span class='ocrx_word' id='word_1_207' title='bbox 686 1778 858 1810; x_wconf 76' lang='grc' dir='ltr'><strong><em>ΚΩΜΟΣ</em></strong></span> <span class='ocrx_word' id='word_1_208' title='bbox 893 1779 947 1810; x_wconf 86' lang='lat' dir='ltr'>est</span> <span class='ocrx_word' id='word_1_209' title='bbox 983 1779 1015 1809; x_wconf 93' lang='lat' dir='ltr'>in</span> <span class='ocrx_word' id='word_1_210' title='bbox 1049 1780 1162 1811; x_wconf 77' lang='lat' dir='ltr'>Museo</span> <span class='ocrx_word' id='word_1_211' title='bbox 1196 1779 1293 1810; x_wconf 54' lang='lat' dir='ltr'>Boi-b.</span> <span class='ocrx_word' id='word_1_212' title='bbox 1333 1780 1372 1810; x_wconf 92' lang='lat'>11.</span> <span class='ocrx_word' id='word_1_213' title='bbox 1411 1780 1446 1810; x_wconf 92' lang='lat' dir='ltr'>T.</span> <span class='ocrx_word' id='word_1_214' title='bbox 1482 1779 1549 1813; x_wconf 78' lang='lat'>45..</span> 
     </span>
     <span class='ocr_line' id='line_1_44' title="bbox 108 1833 1547 1875; baseline -0.001 -8"><span class='ocrx_word' id='word_1_215' title='bbox 108 1834 307 1867; x_wconf 81' lang='grc' dir='ltr'><em>ΓΑΑῙΙΝΗ</em></span> <span class='ocrx_word' id='word_1_216' title='bbox 339 1837 374 1867; x_wconf 86' lang='lat' dir='ltr'>et</span> <span class='ocrx_word' id='word_1_217' title='bbox 409 1833 547 1866; x_wconf 72' lang='lat' dir='ltr'><em>EYJIA</em></span> <span class='ocrx_word' id='word_1_218' title='bbox 581 1834 764 1875; x_wconf 85' lang='lat' dir='ltr'>Nymphae</span> <span class='ocrx_word' id='word_1_219' title='bbox 799 1834 893 1875; x_wconf 87' lang='lat' dir='ltr'>apud</span> <span class='ocrx_word' id='word_1_220' title='bbox 925 1833 1098 1875; x_wconf 79' lang='lat' dir='ltr'>Millingen</span> <span class='ocrx_word' id='word_1_221' title='bbox 1131 1833 1274 1875; x_wconf 82' lang='lat' dir='ltr'>Coghill.</span> <span class='ocrx_word' id='word_1_222' title='bbox 1308 1835 1343 1865; x_wconf 86' lang='lat' dir='ltr'>T.</span> <span class='ocrx_word' id='word_1_223' title='bbox 1375 1835 1425 1865; x_wconf 71' lang='lat'>49.</span> <span class='ocrx_word' id='word_1_224' title='bbox 1456 1853 1490 1857; x_wconf 76' lang='lat'>—</span> <span class='ocrx_word' id='word_1_225' title='bbox 1517 1836 1547 1867; x_wconf 88' lang='lat'>8.</span> 
     </span>
     <span class='ocr_line' id='line_1_45' title="bbox 106 1889 1548 1931; baseline 0.001 -11"><span class='ocrx_word' id='word_1_226' title='bbox 106 1892 275 1922; x_wconf 78' lang='lat' dir='ltr'>metuende</span> <span class='ocrx_word' id='word_1_227' title='bbox 298 1891 418 1931; x_wconf 74' lang='lat' dir='ltr'>thyrso]</span> <span class='ocrx_word' id='word_1_228' title='bbox 451 1891 506 1921; x_wconf 81' lang='lat' dir='ltr'>Sic</span> <span class='ocrx_word' id='word_1_229' title='bbox 537 1891 570 1921; x_wconf 92' lang='lat' dir='ltr'>in</span> <span class='ocrx_word' id='word_1_230' title='bbox 593 1898 676 1921; x_wconf 79' lang='lat' dir='ltr'>vase</span> <span class='ocrx_word' id='word_1_231' title='bbox 706 1890 800 1931; x_wconf 86' lang='lat' dir='ltr'>picto</span> <span class='ocrx_word' id='word_1_232' title='bbox 824 1889 918 1930; x_wconf 85' lang='lat' dir='ltr'>apud</span> <span class='ocrx_word' id='word_1_233' title='bbox 942 1889 1114 1930; x_wconf 81' lang='lat' dir='ltr'>Miliingen</span> <span class='ocrx_word' id='word_1_234' title='bbox 1142 1891 1240 1922; x_wconf 83' lang='lat' dir='ltr'>Uned.</span> <span class='ocrx_word' id='word_1_235' title='bbox 1266 1891 1355 1921; x_wconf 81' lang='lat' dir='ltr'>Mon.</span> <span class='ocrx_word' id='word_1_236' title='bbox 1384 1891 1406 1921; x_wconf 95' lang='lat' dir='ltr'>I.</span> <span class='ocrx_word' id='word_1_237' title='bbox 1430 1891 1469 1921; x_wconf 77' lang='lat' dir='ltr'>,T,</span> <span class='ocrx_word' id='word_1_238' title='bbox 1495 1891 1548 1922; x_wconf 71' lang='lat'>25.</span> 
     </span>
     <span class='ocr_line' id='line_1_46' title="bbox 107 1944 1551 1986; baseline -0.001 -8"><span class='ocrx_word' id='word_1_239' title='bbox 107 1947 265 1978; x_wconf 86' lang='lat' dir='ltr'>Bacchus</span> <span class='ocrx_word' id='word_1_240' title='bbox 291 1946 460 1985; x_wconf 70' lang='lat' dir='ltr'>Eurytum</span> <span class='ocrx_word' id='word_1_241' title='bbox 484 1944 539 1976; x_wconf 68' lang='lat' dir='ltr'>vel</span> <span class='ocrx_word' id='word_1_242' title='bbox 564 1945 770 1983; x_wconf 79' lang='lat' dir='ltr'>beriadem,</span> <span class='ocrx_word' id='word_1_243' title='bbox 809 1945 867 1985; x_wconf 92' lang='lat' dir='ltr'>qui</span> <span class='ocrx_word' id='word_1_244' title='bbox 899 1944 1011 1986; x_wconf 81' lang='lat' dir='ltr'>gladio</span> <span class='ocrx_word' id='word_1_245' title='bbox 1036 1946 1203 1978; x_wconf 86' lang='lat' dir='ltr'>destricto</span> <span class='ocrx_word' id='word_1_246' title='bbox 1229 1954 1309 1977; x_wconf 87' lang='lat' dir='ltr'>eum</span> <span class='ocrx_word' id='word_1_247' title='bbox 1335 1954 1377 1977; x_wconf 89' lang='lat' dir='ltr'>eo</span> <span class='ocrx_word' id='word_1_248' title='bbox 1402 1954 1551 1985; x_wconf 81' lang='lat' dir='ltr'>congre-</span> 
     </span>
     <span class='ocr_line' id='line_1_47' title="bbox 108 2000 1551 2042; baseline 0 -10"><span class='ocrx_word' id='word_1_249' title='bbox 108 2001 217 2038; x_wconf 77' lang='lat' dir='ltr'>ditur,</span> <span class='ocrx_word' id='word_1_250' title='bbox 255 2001 376 2040; x_wconf 70' lang='lat' dir='ltr'>thyrso</span> <span class='ocrx_word' id='word_1_251' title='bbox 408 2000 602 2032; x_wconf 77' lang='lat' dir='ltr'>transfodit.</span> <span class='ocrx_word' id='word_1_252' title='bbox 639 2018 674 2022; x_wconf 83' lang='lat'><em>—</em></span> <span class='ocrx_word' id='word_1_253' title='bbox 703 2001 753 2031; x_wconf 73' lang='lat'>43.</span> <span class='ocrx_word' id='word_1_254' title='bbox 781 2000 895 2032; x_wconf 73' lang='lat' dir='ltr'>beatae</span> <span class='ocrx_word' id='word_1_255' title='bbox 917 2001 1075 2042; x_wconf 67' lang='lat' dir='ltr'>coniuyis]</span> <span class='ocrx_word' id='word_1_256' title='bbox 1110 2002 1198 2032; x_wconf 85' lang='lat' dir='ltr'>Satis</span> <span class='ocrx_word' id='word_1_257' title='bbox 1223 2000 1427 2041; x_wconf 85' lang='lat' dir='ltr'>frequentes</span> <span class='ocrx_word' id='word_1_258' title='bbox 1451 2002 1551 2032; x_wconf 89' lang='lat' dir='ltr'>Aria—</span> 
     </span>
     <span class='ocr_line' id='line_1_48' title="bbox 108 2054 1546 2096; baseline -0.001 -8"><span class='ocrx_word' id='word_1_259' title='bbox 108 2057 199 2088; x_wconf 83' lang='lat' dir='ltr'>dnae</span> <span class='ocrx_word' id='word_1_260' title='bbox 225 2058 304 2087; x_wconf 88' lang='lat' dir='ltr'>sunt</span> <span class='ocrx_word' id='word_1_261' title='bbox 321 2056 506 2095; x_wconf 70' lang='lat' dir='ltr'>imagines.</span> <span class='ocrx_word' id='word_1_262' title='bbox 533 2054 639 2086; x_wconf 88' lang='lat' dir='ltr'>veluti</span> <span class='ocrx_word' id='word_1_263' title='bbox 668 2055 759 2086; x_wconf 86' lang='lat' dir='ltr'>duae</span> <span class='ocrx_word' id='word_1_264' title='bbox 783 2054 860 2086; x_wconf 90' lang='lat' dir='ltr'>illae</span> <span class='ocrx_word' id='word_1_265' title='bbox 885 2056 918 2087; x_wconf 90' lang='lat' dir='ltr'>in</span> <span class='ocrx_word' id='word_1_266' title='bbox 942 2056 1087 2088; x_wconf 86' lang='lat' dir='ltr'>Beckeri</span> <span class='ocrx_word' id='word_1_267' title='bbox 1113 2057 1276 2096; x_wconf 71' lang='lat' dir='ltr'>Auqusteo</span> <span class='ocrx_word' id='word_1_268' title='bbox 1299 2056 1334 2086; x_wconf 92' lang='lat' dir='ltr'>T.</span> <span class='ocrx_word' id='word_1_269' title='bbox 1356 2056 1386 2086; x_wconf 88' lang='lat'>7.</span> <span class='ocrx_word' id='word_1_270' title='bbox 1415 2055 1487 2095; x_wconf 85' lang='lat' dir='ltr'>(cfr.</span> <span class='ocrx_word' id='word_1_271' title='bbox 1512 2065 1546 2096; x_wconf 89' lang='lat' dir='ltr'>p.</span> 
     </span>
     <span class='ocr_line' id='line_1_49' title="bbox 109 2109 1549 2151; baseline -0.002 -7"><span class='ocrx_word' id='word_1_272' title='bbox 109 2112 195 2150; x_wconf 69' lang='lat'>407.)</span> <span class='ocrx_word' id='word_1_273' title='bbox 215 2113 249 2142; x_wconf 90' lang='lat' dir='ltr'>et</span> <span class='ocrx_word' id='word_1_274' title='bbox 262 2112 297 2142; x_wconf 90' lang='lat' dir='ltr'>T.</span> <span class='ocrx_word' id='word_1_275' title='bbox 313 2111 364 2142; x_wconf 77' lang='lat'>67.</span> <span class='ocrx_word' id='word_1_276' title='bbox 392 2110 563 2142; x_wconf 74' lang='lat' dir='ltr'>Ariadnae</span> <span class='ocrx_word' id='word_1_277' title='bbox 581 2119 599 2141; x_wconf 87' lang='lat' dir='ltr'>a</span> <span class='ocrx_word' id='word_1_278' title='bbox 617 2110 753 2142; x_wconf 81' lang='lat' dir='ltr'>Theseo</span> <span class='ocrx_word' id='word_1_279' title='bbox 771 2110 934 2142; x_wconf 85' lang='lat' dir='ltr'>desertae</span> <span class='ocrx_word' id='word_1_280' title='bbox 951 2120 1019 2142; x_wconf 89' lang='lat' dir='ltr'>una</span> <span class='ocrx_word' id='word_1_281' title='bbox 1037 2119 1119 2143; x_wconf 89' lang='lat' dir='ltr'>eum</span> <span class='ocrx_word' id='word_1_282' title='bbox 1137 2110 1306 2151; x_wconf 87' lang='lat' dir='ltr'>Cupidine</span> <span class='ocrx_word' id='word_1_283' title='bbox 1323 2109 1549 2150; x_wconf 81' lang='lat' dir='ltr'>longinquam</span> 
     </span>
     <span class='ocr_line' id='line_1_50' title="bbox 108 2165 1546 2207; baseline -0.002 -9"><span class='ocrx_word' id='word_1_284' title='bbox 108 2169 176 2198; x_wconf 87' lang='lat' dir='ltr'>iam</span> <span class='ocrx_word' id='word_1_285' title='bbox 194 2167 296 2198; x_wconf 79' lang='lat' dir='ltr'>buius</span> <span class='ocrx_word' id='word_1_286' title='bbox 314 2174 439 2197; x_wconf 80' lang='lat' dir='ltr'>navem</span> <span class='ocrx_word' id='word_1_287' title='bbox 453 2165 718 2197; x_wconf 87' lang='lat' dir='ltr'>demonstrante</span> <span class='ocrx_word' id='word_1_288' title='bbox 736 2166 924 2206; x_wconf 78' lang='lat' dir='ltr'>imaginem</span> <span class='ocrx_word' id='word_1_289' title='bbox 939 2165 1050 2197; x_wconf 86' lang='lat' dir='ltr'>habes</span> <span class='ocrx_word' id='word_1_290' title='bbox 1067 2166 1160 2207; x_wconf 88' lang='lat' dir='ltr'>apud</span> <span class='ocrx_word' id='word_1_291' title='bbox 1175 2166 1361 2205; x_wconf 73' lang='lat' dir='ltr'>Inghirami</span> <span class='ocrx_word' id='word_1_292' title='bbox 1375 2166 1461 2197; x_wconf 82' lang='lat' dir='ltr'>Gall.</span> <span class='ocrx_word' id='word_1_293' title='bbox 1477 2166 1546 2196; x_wconf 85' lang='lat' dir='ltr'>Om.</span> 
     </span>
     <span class='ocr_line' id='line_1_51' title="bbox 108 2220 1549 2263; baseline -0.002 -9"><span class='ocrx_word' id='word_1_294' title='bbox 108 2223 161 2254; x_wconf 87' lang='lat'>111.</span> <span class='ocrx_word' id='word_1_295' title='bbox 182 2231 215 2263; x_wconf 88' lang='lat' dir='ltr'>p.</span> <span class='ocrx_word' id='word_1_296' title='bbox 236 2222 332 2259; x_wconf 73' lang='lat'>2¹1..</span> <span class='ocrx_word' id='word_1_297' title='bbox 361 2220 462 2252; x_wconf 87' lang='lat' dir='ltr'>aliam</span> <span class='ocrx_word' id='word_1_298' title='bbox 481 2220 573 2262; x_wconf 87' lang='lat' dir='ltr'>apud</span> <span class='ocrx_word' id='word_1_299' title='bbox 595 2221 751 2252; x_wconf 87' lang='lat' dir='ltr'>Gerhard</span> <span class='ocrx_word' id='word_1_300' title='bbox 781 2222 966 2262; x_wconf 68' lang='lat' dir='ltr'>Vasenqem¹</span> <span class='ocrx_word' id='word_1_301' title='bbox 993 2222 1029 2253; x_wconf 87' lang='lat' dir='ltr'>T.</span> <span class='ocrx_word' id='word_1_302' title='bbox 1055 2221 1107 2253; x_wconf 73' lang='lat'>48.</span> <span class='ocrx_word' id='word_1_303' title='bbox 1150 2222 1285 2262; x_wconf 83' lang='lat' dir='ltr'>inspice</span> <span class='ocrx_word' id='word_1_304' title='bbox 1309 2221 1414 2252; x_wconf 86' lang='lat' dir='ltr'>etiam</span> <span class='ocrx_word' id='word_1_305' title='bbox 1438 2221 1549 2252; x_wconf 73' lang='lat' dir='ltr'>Museo</span> 
     </span>
     <span class='ocr_line' id='line_1_52' title="bbox 108 2276 1546 2317; baseline 0 -10"><span class='ocrx_word' id='word_1_306' title='bbox 108 2277 290 2308; x_wconf 49' lang='lat' dir='ltr'>Bra-bonico</span> <span class='ocrx_word' id='word_1_307' title='bbox 319 2277 403 2308; x_wconf 77' lang='lat' dir='ltr'>xiii.</span> <span class='ocrx_word' id='word_1_308' title='bbox 428 2278 463 2308; x_wconf 90' lang='lat' dir='ltr'>T.</span> <span class='ocrx_word' id='word_1_309' title='bbox 485 2277 538 2308; x_wconf 84' lang='lat' dir='ltr'>VI.</span> <span class='ocrx_word' id='word_1_310' title='bbox 567 2278 602 2308; x_wconf 85' lang='lat' dir='ltr'>et</span> <span class='ocrx_word' id='word_1_311' title='bbox 623 2277 693 2308; x_wconf 91' lang='lat' dir='ltr'>VII.</span> <span class='ocrx_word' id='word_1_312' title='bbox 729 2277 798 2309; x_wconf 85' lang='lat' dir='ltr'>Csr.</span> <span class='ocrx_word' id='word_1_313' title='bbox 820 2276 975 2309; x_wconf 68' lang='lat' dir='ltr'>Avellino</span> <span class='ocrx_word' id='word_1_314' title='bbox 997 2277 1082 2308; x_wconf 80' lang='lat' dir='ltr'>Bull.</span> <span class='ocrx_word' id='word_1_315' title='bbox 1108 2277 1200 2308; x_wconf 80' lang='lat' dir='ltr'>arch.</span> <span class='ocrx_word' id='word_1_316' title='bbox 1222 2277 1260 2308; x_wconf 81' lang='lat' dir='ltr'>A.</span> <span class='ocrx_word' id='word_1_317' title='bbox 1287 2277 1341 2308; x_wconf 92' lang='lat'>111.</span> <span class='ocrx_word' id='word_1_318' title='bbox 1367 2285 1401 2317; x_wconf 90' lang='lat' dir='ltr'>p.</span> <span class='ocrx_word' id='word_1_319' title='bbox 1423 2277 1476 2308; x_wconf 66' lang='lat'>26.</span> <span class='ocrx_word' id='word_1_320' title='bbox 1511 2295 1546 2299; x_wconf 97' lang='lat'>—</span> 
     </span>
     <span class='ocr_line' id='line_1_53' title="bbox 108 2331 1548 2374; baseline -0.001 -10"><span class='ocrx_word' id='word_1_321' title='bbox 108 2333 295 2364; x_wconf 72' lang='lat' dir='ltr'>Ariadnam</span> <span class='ocrx_word' id='word_1_322' title='bbox 318 2332 494 2363; x_wconf 87' lang='lat' dir='ltr'>desertam</span> <span class='ocrx_word' id='word_1_323' title='bbox 515 2331 715 2364; x_wconf 82' lang='lat' dir='ltr'>consolatur</span> <span class='ocrx_word' id='word_1_324' title='bbox 728 2333 886 2364; x_wconf 85' lang='lat' dir='ltr'>Bacchus</span> <span class='ocrx_word' id='word_1_325' title='bbox 899 2334 1115 2374; x_wconf 82' lang='lat' dir='ltr'>inspectante</span> <span class='ocrx_word' id='word_1_326' title='bbox 1130 2332 1300 2374; x_wconf 89' lang='lat' dir='ltr'>Cupidine</span> <span class='ocrx_word' id='word_1_327' title='bbox 1314 2333 1347 2364; x_wconf 92' lang='lat' dir='ltr'>in</span> <span class='ocrx_word' id='word_1_328' title='bbox 1360 2341 1443 2364; x_wconf 88' lang='lat' dir='ltr'>vase</span> <span class='ocrx_word' id='word_1_329' title='bbox 1458 2333 1548 2373; x_wconf 88' lang='lat' dir='ltr'>picto</span> 
     </span>
     <span class='ocr_line' id='line_1_54' title="bbox 107 2387 1546 2431; baseline 0 -13"><span class='ocrx_word' id='word_1_330' title='bbox 107 2388 199 2429; x_wconf 86' lang='lat' dir='ltr'>apud</span> <span class='ocrx_word' id='word_1_331' title='bbox 217 2387 389 2428; x_wconf 79' lang='lat' dir='ltr'>Millingen</span> <span class='ocrx_word' id='word_1_332' title='bbox 411 2388 507 2419; x_wconf 79' lang='lat' dir='ltr'>t&#39;ned.</span> <span class='ocrx_word' id='word_1_333' title='bbox 526 2389 616 2419; x_wconf 81' lang='lat' dir='ltr'>Mon.</span> <span class='ocrx_word' id='word_1_334' title='bbox 635 2389 660 2419; x_wconf 89' lang='lat'>1.</span> <span class='ocrx_word' id='word_1_335' title='bbox 679 2389 715 2419; x_wconf 89' lang='grc' dir='ltr'>Τ.</span> <span class='ocrx_word' id='word_1_336' title='bbox 734 2389 787 2419; x_wconf 68' lang='lat'>26.</span> <span class='ocrx_word' id='word_1_337' title='bbox 815 2388 980 2420; x_wconf 86' lang='lat' dir='ltr'>Eiusdem</span> <span class='ocrx_word' id='word_1_338' title='bbox 1000 2398 1018 2419; x_wconf 87' lang='lat' dir='ltr'>a</span> <span class='ocrx_word' id='word_1_339' title='bbox 1036 2390 1184 2427; x_wconf 77' lang='lat' dir='ltr'>Somno,</span> <span class='ocrx_word' id='word_1_340' title='bbox 1209 2389 1267 2429; x_wconf 86' lang='lat' dir='ltr'>qui</span> <span class='ocrx_word' id='word_1_341' title='bbox 1284 2387 1395 2419; x_wconf 83' lang='lat' dir='ltr'>alatus</span> <span class='ocrx_word' id='word_1_342' title='bbox 1411 2387 1546 2431; x_wconf 84' lang='lat' dir='ltr'>puellae</span> 
     </span>
     <span class='ocr_line' id='line_1_55' title="bbox 107 2442 1547 2484; baseline -0.001 -10"><span class='ocrx_word' id='word_1_343' title='bbox 107 2444 254 2483; x_wconf 81' lang='lat' dir='ltr'>assidet,</span> <span class='ocrx_word' id='word_1_344' title='bbox 293 2445 444 2484; x_wconf 80' lang='lat' dir='ltr'>sopitae.</span> <span class='ocrx_word' id='word_1_345' title='bbox 483 2446 518 2475; x_wconf 88' lang='lat' dir='ltr'>et</span> <span class='ocrx_word' id='word_1_346' title='bbox 541 2452 559 2475; x_wconf 88' lang='lat' dir='ltr'>a</span> <span class='ocrx_word' id='word_1_347' title='bbox 584 2444 722 2476; x_wconf 85' lang='lat' dir='ltr'>Baccho</span> <span class='ocrx_word' id='word_1_348' title='bbox 753 2446 896 2484; x_wconf 84' lang='lat' dir='ltr'>totoque</span> <span class='ocrx_word' id='word_1_349' title='bbox 927 2445 1001 2476; x_wconf 90' lang='lat' dir='ltr'>eius</span> <span class='ocrx_word' id='word_1_350' title='bbox 1029 2444 1137 2475; x_wconf 84' lang='lat' dir='ltr'>choro</span> <span class='ocrx_word' id='word_1_351' title='bbox 1161 2453 1203 2475; x_wconf 87' lang='lat' dir='ltr'>ex</span> <span class='ocrx_word' id='word_1_352' title='bbox 1228 2444 1323 2475; x_wconf 85' lang='lat' dir='ltr'>Naxo</span> <span class='ocrx_word' id='word_1_353' title='bbox 1349 2442 1457 2474; x_wconf 87' lang='lat' dir='ltr'>insula</span> <span class='ocrx_word' id='word_1_354' title='bbox 1483 2443 1547 2474; x_wconf 84' lang='lat' dir='ltr'>ab·</span> 
     </span>
     <span class='ocr_line' id='line_1_56' title="bbox 106 2499 1546 2540; baseline 0.001 -11"><span class='ocrx_word' id='word_1_355' title='bbox 106 2500 233 2531; x_wconf 89' lang='lat' dir='ltr'>ductae</span> <span class='ocrx_word' id='word_1_356' title='bbox 264 2500 399 2540; x_wconf 87' lang='lat' dir='ltr'>pictura</span> <span class='ocrx_word' id='word_1_357' title='bbox 425 2500 635 2540; x_wconf 86' lang='lat' dir='ltr'>Pompeiana</span> <span class='ocrx_word' id='word_1_358' title='bbox 661 2502 714 2531; x_wconf 82' lang='lat' dir='ltr'>est</span> <span class='ocrx_word' id='word_1_359' title='bbox 745 2500 777 2530; x_wconf 91' lang='lat' dir='ltr'>in</span> <span class='ocrx_word' id='word_1_360' title='bbox 808 2500 891 2531; x_wconf 83' lang='lat' dir='ltr'>Mus.</span> <span class='ocrx_word' id='word_1_361' title='bbox 924 2500 1020 2531; x_wconf 78' lang='lat' dir='ltr'>Borb.</span> <span class='ocrx_word' id='word_1_362' title='bbox 1055 2500 1139 2531; x_wconf 85' lang='lat' dir='ltr'>xui.</span> <span class='ocrx_word' id='word_1_363' title='bbox 1166 2500 1201 2530; x_wconf 85' lang='lat' dir='ltr'>T.</span> <span class='ocrx_word' id='word_1_364' title='bbox 1229 2499 1259 2530; x_wconf 79' lang='lat'>6.</span> <span class='ocrx_word' id='word_1_365' title='bbox 1309 2499 1376 2530; x_wconf 86' lang='lat' dir='ltr'>Sed</span> <span class='ocrx_word' id='word_1_366' title='bbox 1402 2508 1546 2539; x_wconf 75' lang='lat' dir='ltr'>prorsus</span> 
     </span>
     <span class='ocr_line' id='line_1_57' title="bbox 107 2553 1543 2596; baseline -0.001 -10"><span class='ocrx_word' id='word_1_367' title='bbox 107 2556 244 2596; x_wconf 79' lang='lat' dir='ltr'>egregia</span> <span class='ocrx_word' id='word_1_368' title='bbox 275 2557 330 2586; x_wconf 83' lang='lat' dir='ltr'>est</span> <span class='ocrx_word' id='word_1_369' title='bbox 360 2556 474 2595; x_wconf 76' lang='lat' dir='ltr'>imago</span> <span class='ocrx_word' id='word_1_370' title='bbox 505 2555 631 2586; x_wconf 86' lang='lat' dir='ltr'>Bacchi</span> <span class='ocrx_word' id='word_1_371' title='bbox 663 2557 698 2586; x_wconf 88' lang='lat' dir='ltr'>et</span> <span class='ocrx_word' id='word_1_372' title='bbox 726 2555 899 2587; x_wconf 76' lang='lat' dir='ltr'>Ariadnae</span> <span class='ocrx_word' id='word_1_373' title='bbox 929 2564 1011 2587; x_wconf 89' lang='lat' dir='ltr'>cum</span> <span class='ocrx_word' id='word_1_374' title='bbox 1037 2554 1163 2596; x_wconf 63' lang='lat' dir='ltr'>Comof,</span> <span class='ocrx_word' id='word_1_375' title='bbox 1202 2553 1289 2585; x_wconf 76' lang='lat' dir='ltr'>iltius</span> <span class='ocrx_word' id='word_1_376' title='bbox 1317 2553 1370 2584; x_wconf 79' lang='lat' dir='ltr'>vel</span> <span class='ocrx_word' id='word_1_377' title='bbox 1398 2553 1464 2585; x_wconf 79' lang='lat' dir='ltr'>tilio</span> <span class='ocrx_word' id='word_1_378' title='bbox 1490 2554 1543 2585; x_wconf 83' lang='lat' dir='ltr'>vet</span> 
     </span>
     <span class='ocr_line' id='line_1_58' title="bbox 106 2609 1545 2651; baseline -0.001 -11"><span class='ocrx_word' id='word_1_379' title='bbox 106 2609 264 2647; x_wconf 75' lang='lat' dir='ltr'>alumno,</span> <span class='ocrx_word' id='word_1_380' title='bbox 291 2612 396 2650; x_wconf 80' lang='lat' dir='ltr'>atque</span> <span class='ocrx_word' id='word_1_381' title='bbox 414 2610 604 2650; x_wconf 73' lang='lat' dir='ltr'>Tragoedia</span> <span class='ocrx_word' id='word_1_382' title='bbox 629 2610 719 2651; x_wconf 86' lang='lat' dir='ltr'>apud</span> <span class='ocrx_word' id='word_1_383' title='bbox 738 2610 893 2642; x_wconf 81' lang='lat' dir='ltr'>Gerbard</span> <span class='ocrx_word' id='word_1_384' title='bbox 917 2612 1102 2651; x_wconf 70' lang='lat' dir='ltr'>Vasenqem.</span> <span class='ocrx_word' id='word_1_385' title='bbox 1130 2611 1166 2641; x_wconf 89' lang='lat' dir='ltr'>T.</span> <span class='ocrx_word' id='word_1_386' title='bbox 1187 2610 1245 2646; x_wconf 76' lang='lat'>56,</span> <span class='ocrx_word' id='word_1_387' title='bbox 1272 2610 1302 2639; x_wconf 78' lang='lat'>⁶2.</span> <span class='ocrx_word' id='word_1_388' title='bbox 1324 2609 1494 2648; x_wconf 81' lang='lat' dir='ltr'>&lt;Bacchus</span> <span class='ocrx_word' id='word_1_389' title='bbox 1511 2612 1545 2639; x_wconf 86' lang='lat' dir='ltr'>et</span> 
     </span>
     <span class='ocr_line' id='line_1_59' title="bbox 107 2664 1544 2706; baseline -0.001 -10"><span class='ocrx_word' id='word_1_390' title='bbox 107 2665 255 2697; x_wconf 73' lang='lat' dir='ltr'>Ariadne</span> <span class='ocrx_word' id='word_1_391' title='bbox 273 2666 411 2706; x_wconf 73' lang='lat' dir='ltr'>egregie</span> <span class='ocrx_word' id='word_1_392' title='bbox 430 2665 594 2706; x_wconf 83' lang='lat' dir='ltr'>descripti</span> <span class='ocrx_word' id='word_1_393' title='bbox 613 2667 691 2696; x_wconf 82' lang='lat' dir='ltr'>sunt</span> <span class='ocrx_word' id='word_1_394' title='bbox 709 2665 752 2695; x_wconf 89' lang='lat' dir='ltr'>ab</span> <span class='ocrx_word' id='word_1_395' title='bbox 772 2665 892 2696; x_wconf 80' lang='lat' dir='ltr'>Ovidio</span> <span class='ocrx_word' id='word_1_396' title='bbox 911 2669 947 2698; x_wconf 82' lang='grc' dir='ltr'>Α.</span> <span class='ocrx_word' id='word_1_397' title='bbox 966 2669 1003 2697; x_wconf 92' lang='grc' dir='ltr'>Λ.</span> <span class='ocrx_word' id='word_1_398' title='bbox 1024 2667 1051 2704; x_wconf 72' lang='lat' dir='ltr'>t,</span> <span class='ocrx_word' id='word_1_399' title='bbox 1069 2666 1131 2697; x_wconf 72' lang='lat'>527</span> <span class='ocrx_word' id='word_1_400' title='bbox 1146 2665 1237 2705; x_wconf 81' lang='lat' dir='ltr'>sqq.)</span> <span class='ocrx_word' id='word_1_401' title='bbox 1268 2682 1300 2685; x_wconf 85' lang='lat'>—</span> <span class='ocrx_word' id='word_1_402' title='bbox 1330 2664 1380 2695; x_wconf 67' lang='lat' dir='ltr'>it.</span> <span class='ocrx_word' id='word_1_403' title='bbox 1407 2664 1544 2704; x_wconf 78' lang='lat' dir='ltr'>Penthei]</span> 
     </span>
     <span class='ocr_line' id='line_1_60' title="bbox 109 2715 1545 2764; baseline -0.001 -14"><span class='ocrx_word' id='word_1_404' title='bbox 109 2722 252 2752; x_wconf 80' lang='lat' dir='ltr'>Pausan.</span> <span class='ocrx_word' id='word_1_405' title='bbox 286 2722 317 2757; x_wconf 78' lang='lat' dir='ltr'>t,</span> <span class='ocrx_word' id='word_1_406' title='bbox 344 2722 401 2752; x_wconf 71' lang='lat'>20.</span> <span class='ocrx_word' id='word_1_407' title='bbox 430 2721 463 2751; x_wconf 72' lang='lat'>3:</span> <span class='ocrx_word' id='word_1_408' title='bbox 498 2716 705 2761; x_wconf 52' lang='grc' dir='ltr'>(Ἀθήνησι)</span> <span class='ocrx_word' id='word_1_409' title='bbox 731 2717 918 2753; x_wconf 58' lang='grc' dir='ltr'>Διωνύσοι’</span> <span class='ocrx_word' id='word_1_410' title='bbox 944 2721 1021 2752; x_wconf 64' lang='grc' dir='ltr'>ἐστὶ</span> <span class='ocrx_word' id='word_1_411' title='bbox 1049 2717 1142 2764; x_wconf 61' lang='grc' dir='ltr'>πρὸς</span> <span class='ocrx_word' id='word_1_412' title='bbox 1167 2717 1215 2762; x_wconf 73' lang='grc' dir='ltr'>τῷ</span> <span class='ocrx_word' id='word_1_413' title='bbox 1242 2716 1385 2764; x_wconf 72' lang='grc' dir='ltr'><em>θεάτρῳ</em></span> <span class='ocrx_word' id='word_1_414' title='bbox 1412 2717 1453 2750; x_wconf 86' lang='grc' dir='ltr'>τὸ</span> <span class='ocrx_word' id='word_1_415' title='bbox 1478 2715 1545 2763; x_wconf 69' lang='grc' dir='ltr'>ἁρ-</span> 
     </span>
    </p>
   </div>
  </div>
 </body>
</html>
