1997 3219
656 229 730 259 ΜΒ.
760 230 810 259 ιιι.
861 230 896 258 (3.
925 229 997 259 xii.
1495 226 1566 267 *4:21

621 438 1102 476 ExcURSUS

751 539 799 568 AD
826 539 862 569 il.
890 539 958 569 xli.

228 682 346 721 Nuper
377 680 590 711 Kirchncrus
616 680 710 717 gNor.
745 680 887 718 Quae-stt.
922 679 1037 710 Iloral.
1064 687 1096 719 p.
1124 679 1212 717 tia),
1239 680 1426 718 postquam
1453 686 1575 718 «prac-

137 735 269 767 rlarum
305 735 386 767 illud
423 737 495 767 sive
521 735 733 766 Lachmanni
769 735 841 766 sive
866 734 1026 766 Meinekii
1063 734 1136 765 sive
1162 733 1342 774 utriusque
1368 734 1572 769 inventum,

135 792 250 822 onmia
277 792 404 822 lloratii
430 791 584 822 carmina
618 792 649 821 et
681 799 772 830 quae
798 790 1052 830 monostropha
1077 789 1192 820 adhuc
1223 790 1257 820 et
1281 797 1372 829 quae
1397 788 1574 829 distropha

135 846 230 878 suere
267 847 299 879 in
335 847 489 878 carmina
526 846 762 886 tetrastropha
800 845 1005 884 niutandip)
1045 844 1099 876 vel
1124 845 1238 886 potius
1264 845 1296 875 in
1321 846 1575 884 quaternorum

134 911 300 933 versuum
326 902 488 943 strophas
513 901 712 939 dividendi,
740 901 878 932 eximiis
902 900 1064 933 laudibus
1089 900 1220 938 extulit,
1247 902 1408 931 nostrum
1433 908 1575 940 quoque

135 966 277 989 carmen
303 957 418 988 eidem
443 956 508 997 legi
533 956 742 988 submittere
770 958 918 989 conatus
943 959 1020 996 est,
1046 957 1098 988 his
1123 955 1260 988 verbis:

222 1014 354 1045 «t'num
389 1014 497 1044 restat
532 1022 698 1050 carmen,
738 1012 829 1044 Libri
854 1014 907 1044 lll.
941 1012 1191 1044 duodecimum
1227 1011 1332 1043 illud:
1373 1011 1575 1043 Miserarwn

133 1072 178 1099 est
203 1078 304 1107 neque
327 1068 435 1098 amori
460 1070 556 1106 cett„
584 1068 677 1108 quod
705 1068 934 1108 quadraginta
959 1068 1110 1108 pedihus
1134 1068 1259 1099 Ionicis
1283 1077 1302 1098 a
1327 1067 1463 1098 minore
1488 1076 1574 1098 eon-

133 1126 228 1156 stans
252 1134 270 1155 a
296 1124 423 1155 criticis
455 1124 569 1155 omnis
593 1124 736 1157 aetatis,
775 1124 843 1155 iani
877 1123 956 1154 inde
983 1133 1001 1154 a
1026 1123 1150 1164 priscis
1175 1123 1436 1160 Grammaticis,
1478 1123 1573 1153 varie

134 1179 291 1210 habitum
328 1188 369 1210 ac
398 1188 461 1219 per
492 1180 655 1220 strophas
687 1179 935 1217 distributum,
974 1180 1114 1210 conatui
1148 1181 1266 1210 tamen
1291 1178 1334 1210 ad
1359 1177 1575 1219 reliquorum

133 1236 327 1266 carminum
361 1243 522 1266 normam
553 1235 715 1275 strophas
748 1233 914 1274 aequales
946 1234 1181 1266 constituendi
1207 1234 1386 1274 quaternis
1412 1232 1576 1265 versibus

132 1292 333 1322 constantes
369 1290 484 1321 adhuc
520 1289 663 1321 obstitit.
712 1290 787 1328 Quo
812 1289 855 1321 (le
882 1291 1038 1322 carmine
1063 1289 1162 1321 multi
1188 1298 1266 1321 esse
1298 1298 1508 1330 possemus,
1547 1290 1576 1320 si

131 1345 185 1377 vel
211 1346 373 1377 codicum
399 1348 601 1376 nostrorum
625 1346 813 1378 varietates
838 1347 871 1378 in
895 1345 1043 1377 lectione
1068 1355 1109 1377 ae
1134 1354 1302 1377 versuum
1327 1344 1574 1377 distributione

131 1402 275 1434 afferre.
325 1400 378 1432 vel
414 1401 528 1432 varias
563 1401 718 1432 xirorum
755 1401 942 1433 doctorum
977 1401 1020 1432 de
1057 1410 1098 1432 co
1134 1401 1326 1433 sententias
1361 1409 1574 1442 percensere

134 1456 325 1488 xellcmus:
368 1457 430 1488 sed
456 1459 533 1497 post
559 1456 700 1488 doctam
724 1456 870 1489 Bentleii
895 1457 1170 1498 disputationem
1194 1465 1321 1497 magno
1346 1456 1466 1488 critico
1491 1465 1574 1487 vere

133 1512 296 1552 (lignani,
338 1520 405 1552 qua
442 1521 484 1542 ex
509 1512 778 1552 Hephaestionis
810 1513 1027 1552 grammatici
1053 1514 1244 1553 praecepto
1269 1513 1336 1544 hoc
1361 1521 1504 1544 carmen
1530 1512 1573 1543 ad

131 1567 246 1599 Alcaei
272 1566 453 1607 exemplar
477 1567 637 1599 versibus
662 1567 715 1598 vel
741 1568 893 1608 strophis
918 1568 1018 1599 denis
1043 1567 1194 1608 pedibus
1228 1567 1396 1599 absolutis
1427 1576 1575 1608 compo-

131 1624 235 1654 situm
272 1632 351 1654 csse
386 1623 526 1658 docuit,
569 1622 662 1654 unde
700 1624 773 1663 ipse
809 1623 972 1664 strophas
1009 1623 1147 1655 (luobus
1183 1623 1396 1654 tetrametris
1431 1631 1572 1663 unoque

133 1678 282 1710 dimetro
319 1679 434 1710 lonico
471 1679 684 1719 compositas
719 1678 891 1709 confecit:
933 1687 1014 1710 cum
1051 1679 1124 1719 ipse
1150 1678 1265 1717 dicat,
1308 1677 1388 1709 nihil
1415 1679 1570 1718 referre,

133 1736 248 1765 utrum
276 1733 403 1772 trihus,
440 1743 483 1765 an
510 1734 648 1765 duabus
672 1736 731 1765 aut
755 1734 875 1772 unica,
914 1734 942 1766 si
974 1734 1047 1765 fieri
1083 1734 1215 1775 possit,
1253 1733 1344 1764 linea
1380 1733 1572 1773 decapodia

132 1798 294 1829 quaeque
320 1789 496 1821 scribatur
514 1799 519 1819 :
546 1789 645 1821 liceat
673 1789 772 1821 nobis
795 1790 885 1821 hanc
903 1789 1109 1821 divisionem
1126 1798 1323 1830 proponere
1341 1814 1346 1827 ,
1373 1798 1440 1829 qua
1459 1789 1573 1829 primo

132 1844 352 1876 Bentleianae
388 1846 558 1885 cuiusque
594 1845 758 1886 strophae
796 1853 901 1876 versu
938 1846 1142 1876 tetrametro
1177 1845 1210 1876 in
1258 1844 1358 1876 binos
1405 1844 1573 1876 dimetros

132 1900 240 1932 ‹lixiso
266 1909 408 1932 carmen
436 1901 695 1941 tctrastraphon
721 1901 788 1931 110<-
813 1901 947 1931 existit:

303 2007 549 2047 Miserarum
582 2012 644 2046 est
675 2019 809 2060 neque
841 2007 973 2046 amori

303 2089 410 2127 Dare
443 2085 616 2134 ludum,
655 2099 790 2140 neque
826 2086 936 2127 dulci

300 2166 405 2208 Mala
437 2168 532 2208 vino
566 2168 704 2208 lavere
743 2172 813 2207 aut
851 2166 1080 2207 exanimari
1116 2171 1348 2207 metuentes

418 2249 595 2289 Patruae
634 2246 810 2288 verbera
846 2249 1022 2300 linguae.

304 2353 396 2394 Tibi
432 2354 600 2407 qualum
640 2354 868 2410 Cythereae

303 2436 406 2475 l‘uei·
442 2435 555 2481 ales,
599 2433 672 2474 tibi
707 2433 806 2474 telas

307 2517 603 2568 (iperosaeque
632 2515 839 2555 Minervae
874 2515 1053 2556 studium
1083 2514 1237 2562 ausert,
1276 2513 1483 2555 Neobulei

419 2596 579 2649 Liparci
619 2595 728 2636 nitor
768 2594 920 2636 Hebri:

310 2699 440 2742 Simul
472 2706 617 2741 unctos
652 2700 859 2741 Tiberinis

312 2782 518 2822 llumcros
554 2780 651 2822 lavit
688 2781 725 2821 in
764 2780 906 2822 undis,
