1997 3219
664 172 740 204 LIB.
769 171 821 203 IV.
860 171 908 203 C.
937 171 1018 203 XIV.

1531 168 1576 210 61
1588 169 1613 210 3

514 276 596 317 Per
626 274 768 317 titulos
799 288 1099 331 memoresque
1130 274 1257 317 fastos

397 376 617 418 Aeternet.
652 388 694 424 o,
729 387 814 431 qua
845 373 907 416 sol
943 373 1195 417 habitabiles
1588 374 1611 411 5

397 455 580 498 Illustrat
610 468 729 505 oras,
762 455 944 498 maxime
975 455 1245 511 principum?

453 537 592 587 Quem
622 536 728 593 legis
758 542 958 592 expertes
988 536 1160 578 Latinae

510 616 714 659 Vindelici
746 616 936 659 didicere
967 630 1126 673 nuper,

395 722 508 774 Quid
535 722 665 764 Marte
696 735 860 778 posseS.
901 721 1028 764 Milite
1058 735 1154 764 nam
1185 728 1256 764 tuo

393 804 559 845 Drusus
593 802 841 852 Genaunos,
875 801 1151 859 implacidum
1181 816 1341 858 genus,

1565 801 1610 844 10

256 911 287 944 4.
312 911 416 951 fastos
438 910 639 948 Scd,LCtF:
675 910 780 950 fastus
804 910 902 948 BbT,
939 908 1118 941 Bentleius
1150 909 1185 940 et
1216 909 1260 941 M.
1288 908 1356 941 Cir.
1384 909 1500 941 Carm.
1526 908 1565 946 3,

214 961 272 999 47,
300 960 329 992 4.
358 959 513 1001 (Ultimus
538 961 592 991 est
616 959 672 991 hic
695 968 728 990 v.
748 960 783 991 in
798 959 849 999 B.)
870 977 906 982 —
931 959 962 990 5.
988 959 1148 990 Aeternae
1171 961 1271 998 etqua
1286 958 1322 990 T.
1348 975 1384 980 -—
1410 957 1441 989 6.
1467 959 1567 989 horas

210 1019 254 1041 m.
275 1010 480 1050 principium
503 1011 539 1041 T.
570 1028 605 1032 —
637 1010 689 1041 40.
718 1009 856 1041 Habent
879 1010 1055 1041 Genaunes
1078 1007 1211 1039 bSTcd.
1239 1006 1463 1048 corruptelas
1487 1007 1566 1040 vide

212 1059 306 1100 apud
330 1060 477 1091 lanium.
507 1078 541 1081 —
568 1059 772 1099 inplacidum
795 1059 831 1090 T.

170 1153 318 1184 amator.
358 1151 588 1184 Pleonasmus
614 1155 668 1184 est
691 1160 734 1183 eo
751 1152 866 1184 minus

137 1236 139 1241 ¹
168 1202 332 1240 vitiosus,
361 1202 456 1242 quod
472 1211 527 1233 vv.
547 1202 581 1233 in·
597 1210 716 1233 aevum
733 1202 865 1242 integro

172 1250 346 1283 versiculo
372 1259 390 1282 a
415 1259 448 1282 v.
467 1254 612 1283 aeternet
635 1251 746 1283 divisa
770 1252 862 1283 sunt.

170 1301 210 1331 V.
237 1303 413 1332 aeternare
437 1302 555 1332 autem
579 1301 761 1341 usurpavit
795 1301 864 1331 iam

169 1349 279 1381 Varro
305 1358 359 1390 ap.
386 1350 474 1381 Non.
501 1358 536 1390 p.
560 1351 618 1388 75,
645 1350 698 1381 ΞΟ.
735 1348 863 1381 Similia

171 1408 227 1430 vv.
260 1400 455 1440 antiquiora
487 1400 522 1430 in
552 1399 660 1430 vitam
683 1400 864 1431 revocavit

170 1449 334 1480 Horatius
350 1458 356 1482 2
384 1449 433 1480 sic
450 1448 512 1480 Od.
531 1448 566 1487 4,
586 1448 622 1487 3,
641 1448 677 1481 4:
714 1449 860 1488 clar-are,

170 1497 233 1529 Od.
260 1497 295 1535 4,
323 1496 359 1536 4,
385 1497 448 1528 36:
491 1498 702 1537 indecor-are,
739 1498 801 1530 Od.
828 1498 860 1538 4,

169 1547 227 1584 45,
257 1547 322 1577 20:
348 1547 533 1578 inimicare.
574 1546 635 1578 Od.
666 1547 704 1586 3,
731 1548 767 1586 ⁶2,
796 1547 858 1579 ⁴8:

164 1596 391 1627 intaminatus.
424 1613 460 1618 -
486 1597 669 1637 Inscriptio
701 1597 858 1628 nummi:

163 1645 445 1681 AETERNITATI
485 1645 677 1677 AVGVSTI.
718 1664 752 1668 —-
794 1656 862 1686 qua

161 1694 219 1736 sol]
245 1693 408 1726 Similiter
433 1695 503 1726 Cic.
529 1703 593 1735 pro
618 1693 686 1726 Mil.
706 1695 766 1727 35:
793 1704 860 1735 qua

159 1745 240 1785 fines
273 1744 404 1783 imperii
439 1744 555 1783 populi
589 1745 729 1776 Romani
771 1749 856 1777 sunt.

160 1793 254 1833 Virg.
280 1796 366 1824 Aen.
394 1793 430 1830 7,
449 1793 513 1824 99:
539 1797 668 1833 nepotes
692 1793 856 1834 (Aeneae,

161 1841 197 1873 id
213 1844 278 1880 est,
297 1842 482 1882 Augustus)
502 1842 621 1874 Omnia
637 1843 695 1873 sub
706 1844 855 1883 pedibus,

161 1900 229 1931 qua
251 1891 308 1922 Sol
330 1895 507 1930 utrumque
532 1900 706 1922 recurrens
735 1892 859 1932 Aspicit

163 1941 329 1972 Oceanum
355 1941 503 1980 vertique
532 1941 668 1981 regique
689 1941 854 1974 ridebunt.

163 2007 197 2011 —
227 1989 561 2030 habitabiles-oras]
601 1992 637 2021 ut
667 1986 691 2032 ἡ
725 1991 856 2023 οἰκου-

158 2039 255 2081 μένη
268 2047 331 2080 pro
345 2039 431 2070 orbe
445 2041 631 2070 terrarum.
647 2057 682 2062 —
696 2040 854 2082 manime]

161 2090 241 2129 «qui
265 2097 426 2120 summus
443 2114 449 2126 ,
477 2089 584 2120 immo
601 2097 692 2120 unus
710 2098 747 2121 cs
764 2090 858 2130 prin-

159 2147 244 2179 ceps
277 2147 341 2179 per
371 2140 481 2170 totum
511 2138 638 2169 orbem
663 2141 852 2179 terrarum,

158 2187 420 2228 potentissimus
445 2188 533 2219 inter
557 2188 752 2220 homines.»
787 2189 856 2221 Uti—

160 2237 217 2267 tur
251 2237 391 2268 nomine
438 2237 598 2273 honoris,
649 2246 757 2278 quem
793 2246 857 2279 per

160 2285 455 2317 consuetudinem
503 2287 744 2327 quotidianam
789 2287 855 2320 sibi

159 2335 329 2375 impertiri
359 2344 378 2366 a
407 2335 573 2367 Romanis
603 2336 762 2368 voluerat
784 2338 856 2369 Au-

161 2385 295 2424 gustus.
321 2384 401 2416 Tac.
420 2386 507 2416 Ann.
529 2386 541 2416 4
560 2411 566 2423 ,
586 2386 626 2416 9:
662 2395 725 2418 non
755 2395 856 2427 reque

160 2451 177 2456 -
194 2442 296 2473 neque
315 2435 501 2473 dictatura,
526 2436 580 2466 sed
604 2436 770 2476 principis
795 2445 855 2467 710-

160 2483 246 2514 mine
261 2484 470 2514 constitutam
486 2492 555 2515 rem
566 2485 744 2524 publicam.
782 2485 855 2517 Noli

160 2531 356 2574 explicare:
399 2534 570 2564 «maxime
599 2535 688 2565 inter
716 2537 854 2566 eeteros

163 2584 277 2614 terrae
295 2583 511 2624 principcsn2
540 2591 619 2614 nam
645 2583 688 2614 ‹lc
714 2593 855 2625 eompa-

161 2632 294 2663 ratione
340 2632 482 2671 Augusti
529 2640 609 2663 cuni
647 2633 852 2665 Parthorum

160 2689 265 2721 rege,
304 2679 355 2712 vel
381 2680 474 2721 quod
501 2682 604 2713 ctiam
630 2682 744 2713 minus
769 2691 854 2714 con-

160 2731 366 2762 sentancum
407 2730 549 2766 suisset.
599 2739 677 2763 cum
726 2730 853 2772 regulis

917 1151 1066 1192 imperio
1083 1151 1238 1183 Romano
1255 1150 1430 1190 obnoxiis,
1457 1151 1609 1192 cogitare

916 1210 986 1233 non
1010 1201 1124 1242 potuit
1146 1202 1260 1241 poeta.

959 1250 990 1281 7.
1017 1250 1049 1281 8.
1089 1249 1169 1291 leyis
1185 1253 1335 1290 expertes
1349 1249 1499 1291 Latinae]
1526 1258 1610 1282 «an-

915 1299 971 1330 tea
995 1299 1143 1339 imperio
1160 1299 1315 1330 Romano
1337 1307 1407 1330 non
1424 1298 1609 1331 subiecti.»

915 1348 976 1379 Od.
993 1347 1024 1387 4,
1041 1349 1092 1387 ⁴5,
1107 1349 1148 1380 2⁰2
1165 1358 1171 1379 :
1196 1349 1344 1380 Edicta-
1358 1348 1456 1379 Iulia.
1474 1367 1510 1371 —
1529 1349 1609 1380 Vin-

913 1397 1017 1438 delici]
1033 1396 1101 1429 Cfr.
1118 1398 1261 1429 Excurs.
1278 1397 1323 1428 ad
1340 1397 1403 1428 Od.
1418 1397 1438 1429 4
1451 1423 1458 1437 ,
1474 1398 1513 1429 47
1527 1406 1606 1439 sqq.

915 1465 951 1469 —-
977 1447 1135 1489 didicere]
1163 1455 1332 1486 «novere,
1359 1455 1504 1479 sensere
1531 1447 1604 1489 (Od.

912 1496 943 1534 4,
963 1496 994 1534 4,
1009 1496 1075 1536 25.)
1095 1505 1176 1528 cum
1193 1496 1322 1528 damno
1340 1498 1375 1528 et
1391 1495 1605 1532 cladesua».

912 1546 966 1577 Sic
994 1545 1099 1586 Soph.
1129 1546 1241 1586 Antig.
1266 1546 1340 1577 960.
1376 1546 1419 1577 de
1447 1547 1607 1586 Lycurgo

910 1594 1054 1635 punito:
1109 1598 1234 1635 κεῖνος
1273 1593 1414 1637 ἐπέγνω
1452 1596 1608 1636 μανίαις

915 1641 1054 1676 Ψαύων
1076 1641 1143 1675 τὸν
1163 1641 1268 1676 θεόν.
1294 1644 1347 1676 Ad
1372 1646 1608 1677 constructio-

911 1702 994 1725 nem
1023 1694 1126 1733 Quem
1152 1711 1204 1716 —-
1228 1694 1388 1733 didicere,
1424 1695 1509 1734 Quid
1538 1696 1604 1727 cet.

910 1742 973 1774 cfr.
1000 1743 1138 1774 Terent.
1172 1743 1259 1774 Eun.
1292 1743 1327 1782 3,
1355 1744 1394 1782 5,
1421 1744 1483 1775 118:
1521 1752 1606 1775 me-

908 1793 1016 1831 noris,
1050 1801 1151 1832 quam
1174 1792 1304 1833 eleyans
1324 1793 1514 1833 formarum
1536 1801 1607 1832 spe·

908 1845 1015 1873 ctator
1042 1843 1131 1874 siem.
1180 1841 1267 1874 Ibid.
1306 1841 1343 1881 4,
1373 1842 1412 1882 3,
1443 1843 1505 1874 45:
1547 1851 1605 1884 eqo

907 1892 1001 1922 illum
1023 1892 1147 1929 nescio,
1175 1892 1231 1931 qui
1252 1891 1364 1931 fuerit.

952 1940 971 1970 9
985 1940 1071 1970 -42,
1098 1940 1203 1971 Milite
1226 1949 1306 1972 nam
1327 1941 1401 1982 tuo]
1425 1941 1525 1974 Idem
1547 1950 1606 1974 re-

906 1989 993 2030 petit
1014 1998 1049 2020 v.
1068 1989 1126 2020 33:
1156 1989 1195 2020 Te
1209 1990 1322 2029 copias
1337 1991 1427 2029 cet.,
1453 1992 1492 2021 ut
1507 1999 1604 2022 sum-

909 2047 965 2070 ma
990 2038 1156 2070 victoriae
1192 2037 1298 2078 gloria
1331 2038 1375 2070 ad
1409 2040 1604 2079 Augustum

909 2086 1095 2119 redundet.
1128 2105 1163 2110 —
1192 2087 1337 2129 Drusus]
1361 2089 1425 2120 Dio
1454 2088 1513 2127 54,
1542 2090 1601 2121 22:

909 2134 930 2171 ὁ
948 2132 1168 2180 Αὔγουστος
1192 2134 1377 2182 πρῶτον
1399 2134 1466 2169 τὸν
1481 2136 1604 2183 Δροῦ-

908 2196 979 2219 σον
1000 2186 1060 2219 ἐπὶ
1085 2184 1174 2227 τοὺς
1193 2182 1363 2226 Ῥαιτοὺς
1386 2182 1549 2229 ἔπεμψε.
1565 2207 1599 2211 -

908 2236 1098 2278 Genaunos]
1135 2235 1265 2268 incolas
1299 2235 1397 2268 vallis
1434 2230 1600 2278 Alpinae,

907 2295 997 2327 quae
1022 2286 1125 2318 hodie
1147 2286 1234 2318 Valle
1257 2287 1290 2318 di
1312 2287 1387 2319 Non
1410 2285 1604 2328 appellatur

909 2336 1008 2375 (non,
1035 2338 1073 2367 ut
1087 2335 1207 2368 volunt
1223 2335 1276 2368 alii
1293 2362 1299 2375 ,
1321 2336 1382 2368 Val
1397 2336 1598 2378 d'Anayna).

910 2404 944 2408 —
982 2385 1206 2427 Breunosque]
1249 2386 1440 2418 Brunecken
1488 2394 1599 2427 prope

906 2435 1121 2476 Stet-zinyem
1147 2435 1199 2467 :ilii
1221 2444 1282 2467 eos
1303 2435 1474 2468 collocant
1492 2436 1524 2467 in
1544 2436 1601 2466 Val

906 2484 939 2514 di
962 2484 1105 2525 Bregma.
1155 2485 1222 2516 Cir.
1252 2484 1434 2517 Wolssartli
1459 2485 1492 2516 in
1516 2484 1599 2516 Ann.

906 2533 977 2564 ‹lett'
995 2534 1072 2565 [nst.
1091 2534 1175 2566 Xlll.
1199 2534 1273 2565 Ταυ.
1293 2535 1384 2566 a'Ad.
1405 2535 1441 2565 13.
1469 2533 1602 2565 vocan-

907 2584 962 2613 tur
979 2583 1083 2614 otiam
1099 2584 1248 2615 Breoncs.
1268 2583 1336 2615 Csr.
1353 2583 1508 2614 Venuntii
1524 2584 1602 2615 For-

908 2633 1014 2664 tunati
1058 2633 1101 2666 de
1134 2634 1200 2664 vita
1231 2634 1263 2664 S.
1297 2632 1430 2664 Martini
1457 2631 1494 2671 4,
1525 2632 1598 2665 (345.

907 2690 984 2723 pag.
1018 2682 1090 2715 470.
1127 2682 1186 2714 1311.
1215 2682 1343 2714 Luclii:
1387 2683 1460 2722 Qua
1493 2682 1601 2714 vicina

907 2732 1015 2764 sedent
1039 2733 1200 2766 Brennum
1226 2733 1320 2771 loca,
1342 2741 1443 2773 perae
1463 2741 1524 2772 per
1544 2732 1601 2763 ΛΙ-
