1997 3219
402 172 426 212 t&

433 172 454 212 (W

458 172 482 211 α.

916 173 1083 204 llORATll
1109 173 1329 206 ‹JARMINUM

743 257 934 304 Laetitia,
967 258 1168 299 moriture
1204 256 1327 304 Delli,

627 365 710 403 Seu
744 368 930 403 maestus
962 362 1073 402 omni
1107 369 1296 417 tempore
1329 362 1504 403 vixeris.
1812 364 1834 401 :5

627 444 711 483 Seu
743 448 782 483 te
815 442 855 482 in
886 447 1048 483 remoto
1080 441 1270 497 gramine
1301 455 1379 498 per
1409 441 1500 483 (lies

685 524 829 564 Festos
851 521 1108 568 ,reclinatum
1139 521 1280 564 bearis

739 602 940 643 luteriore
972 609 1070 644 nota
1102 601 1279 644 Falerni.

626 710 718 756 Quo
750 707 876 762 pinus
910 707 1056 763 ingens
1087 706 1269 763 albaque
1302 707 1484 763 populus

483 890 512 917 ὲ),
548 888 616 926 Ouo
642 887 807 924 BbSTrd,
844 895 966 918 omnes
990 886 1152 925 Bentleii,
1192 888 1250 917 Ct:

436 935 543 967 Bentl.
561 963 566 971 ,
594 937 635 967 Μ.

436 1103 465 1135 4.
494 1103 664 1142 niorilnre]
681 1103 847 1140 «Quando
865 1103 1009 1143 quidem
1029 1103 1088 1134 tibi

394 1160 535 1192 quoque
554 1151 778 1183 moriendum
797 1153 850 1183 est
865 1161 906 1183 ae
926 1154 1090 1192 propter-

391 1210 430 1232 ea
464 1200 545 1232 nihil
583 1202 615 1232 te
648 1202 765 1232 iuvant
793 1210 858 1232 nee
883 1200 1088 1233 sollicitudi-

389 1259 465 1290 nes,
491 1259 607 1290 neque
625 1250 735 1281 effusa
752 1249 913 1281 laetitia.»
944 1251 1085 1282 Comiee

390 1300 481 1331 hano
506 1300 729 1338 sententiam,
757 1308 846 1339 quae
865 1299 959 1340 apud
976 1301 1087 1331 Hora—

390 1350 475 1380 tium
502 1350 572 1380 tam
605 1348 731 1379 erebro
750 1349 935 1389 reperitur,
962 1350 1012 1380 sie
1030 1359 1087 1381 ex-

387 1398 517 1439 pressit
552 1397 693 1429 Plautus
724 1398 886 1429 Bacchid.
922 1407 955 1429 v.
985 1400 1025 1437 5,
1053 1400 1082 1437 2,

388 1448 448 1479 75:
474 1448 549 1478 Non
571 1447 627 1478 tibi
649 1447 786 1477 venitin
801 1450 958 1486 mentem,
985 1456 1085 1478 αηια-

387 1496 438 1535 bo,
464 1497 518 1535 Si,
547 1497 624 1527 clwn
646 1497 759 1535 vivas,
785 1496 841 1527 tibi
865 1496 942 1527 bene
963 1497 1082 1536 facias,

386 1547 459 1577 Iam
478 1545 537 1585 pol
560 1546 594 1576 icl
618 1545 748 1583 quidem
782 1554 846 1576 esse
883 1546 974 1576 haud
1002 1555 1085 1585 per—

387 1595 603 1635 longinquum
617 1604 627 1624 .·
644 1595 755 1632 Neque
770 1595 798 1625 si
813 1595 872 1625 hoc
887 1595 980 1626 hodie
996 1596 1085 1626 anii—

387 1645 483 1683 seris,
516 1647 593 1684 post
629 1644 664 1674 in
687 1644 794 1675 Morte
827 1644 861 1674 vid
892 1647 1084 1676 eventurum

390 1703 454 1725 esse
485 1692 662 1731 unquam?

431 1743 462 1773 5.
491 1742 520 1773 6.
547 1740 701 1781 maestus]
729 1741 797 1772 Csr.
825 1741 886 1772 Od.
914 1742 943 1780 «¹,
963 1743 994 1780 7,
1015 1742 1081 1781 47.‚

386 1791 480 1822 unde
517 1791 623 1821 etiam
656 1790 713 1821 hie
748 1789 901 1821 nonnulli
934 1790 1083 1822 Dellium

386 1838 603 1879 aegritudine
621 1839 726 1870 animi
744 1847 952 1879 oppressum
976 1839 1082 1871 fuisse

386 1890 460 1922 sine
485 1891 582 1920 certo
607 1890 814 1929 argumento
839 1889 904 1919 rati
928 1890 1018 1920 sunt.
1046 1907 1079 1910 —

384 1941 419 1970 in
442 1942 567 1970 remoto
591 1937 755 1978 gramine]
791 1938 846 1968 «in
869 1939 968 1978 prato
998 1946 1083 1978 pro—

386 1991 465 2030 pter
503 1988 617 2028 ipsam
656 1986 881 2019 solitudinem
918 1988 1082 2026 pergrato

388 2037 451 2076 illi,
495 2037 553 2077 qui
592 2035 774 2076 tranquille
815 2037 848 2067 et
887 2044 905 2066 a
942 2036 1082 2067 nemine

389 2084 628 2127 interpellatus
654 2086 775 2125 potare
801 2086 928 2125 eupit.»

430 2137 461 2167 8.
488 2135 578 2175 nota]
604 2135 751 2166 Nomina
769 2133 973 2173 consulum,
1005 2135 1083 2174 qui-

389 2186 453 2217 bus
478 2186 558 2216 nata
584 2185 683 2215 erant
707 2184 804 2222 vina,
839 2183 934 2215 eadis
959 2184 1084 2216 inscri-

387 2235 574 2266 bebantur.
601 2235 673 2264 lam
699 2235 978 2264 consentaneum
995 2234 1080 2271 erat,

386 2286 425 2315 ut
456 2284 489 2314 in
522 2282 701 2323 apothecis
735 2282 811 2313 cadi
837 2283 905 2313 vini
930 2283 1082 2313 recentis

388 2340 532 2373 semper
555 2332 772 2372 ponerentur
788 2332 868 2363 ante
886 2331 980 2372 prius
1003 2341 1085 2362 eon-

388 2382 499 2418 ditos3
534 2380 627 2411 unde
661 2380 784 2419 fiebat,
821 2382 859 2411 ut
888 2390 958 2421 quo
981 2383 1084 2412 vetu-

389 2431 495 2463 stiora
528 2431 647 2461 essent
678 2430 774 2468 vina,
813 2438 855 2461 eo
879 2429 1014 2469 longius
1039 2429 1081 2461 ab

390 2480 478 2512 ostio
496 2480 617 2511 essent
633 2480 766 2510 remota
785 2488 825 2510 ae
842 2478 1084 2519 depromenda

390 2539 433 2561 ex
464 2528 620 2559 interiore
651 2527 748 2559 cella.
800 2529 884 2559 lline
917 2529 1022 2560 etiam
1047 2530 1085 2559 (Ie

390 2578 524 2609 ¹meliore
546 2581 625 2609 nola
649 2576 770 2609 Catull.
801 2577 854 2615 68,
880 2578 932 2608 28.
960 2578 1084 2609 Curius

394 2636 449 2667 ap.
477 2627 546 2657 Cie.
575 2626 619 2657 ad
650 2627 743 2658 Fam.
778 2627 817 2665 7,
849 2627 909 2657 29:
947 2626 1084 2665 Sulpicii

390 2676 565 2706 successori
590 2685 646 2707 nos
670 2677 708 2707 cle
731 2676 865 2707 meliore
892 2679 970 2707 nom
993 2684 1083 2706 Com-

394 2725 521 2755 menda.
552 2725 623 2755 Vid.
640 2725 846 2756 Exeursum.
869 2742 903 2746 —
923 2724 1083 2756 Nonnulli

1293 896 1357 926 [sua
1385 888 1423 918 L.
1453 896 1470 918 e
1497 889 1652 920 Lambini
1679 889 1774 920 (lodii

1139 1105 1314 1135 commate
1358 1106 1438 1144 post
1476 1113 1507 1135 v.
1549 1104 1683 1136 Falerni
1720 1106 1833 1145 posito

1138 1153 1320 1193 stropham
1344 1154 1481 1185 tertiam
1506 1154 1649 1193 iungunt
1674 1162 1756 1185 eum
1775 1163 1834 1185 se·-

1139 1202 1271 1235 eunda:
1291 1202 1355 1233 sed
1367 1203 1513 1243 propter
1529 1202 1711 1234 meliorem
1729 1203 1833 1235 totius

1136 1252 1272 1292 periodi
1324 1253 1483 1292 poeticae
1534 1253 1832 1284 constructionem

1137 1302 1318 1341 praestare
1342 1301 1483 1332 videtur
1506 1302 1625 1333 nostra
1643 1301 1829 1339 distinctio,

1136 1358 1243 1389 quam
1267 1350 1427 1390 sequitur
1451 1350 1556 1382 etiam
1578 1350 1608 1381 J.

1180 1400 1210 1430 9.
1239 1400 1309 1438 Quo
1327 1399 1439 1440 pinus]
1465 1401 1519 1430 Sie
1544 1399 1647 1431 Libri.
1683 1401 1758 1439 Qua
1786 1400 1834 1440 (ut

1135 1448 1197 1478 Od.
1225 1448 1255 1487 3,
1283 1448 1313 1487 3,
1341 1448 1382 1480 46
1407 1450 1442 1480 et
1465 1449 1517 1488 30,
1549 1449 1601 1480 40.
1649 1448 1770 1480 Tibull.
1798 1450 1830 1490 ⁶2,

1135 1498 1165 1535 5,
1192 1497 1258 1537 96.)
1284 1507 1303 1529 e
1328 1499 1419 1530 coni.
1439 1498 1619 1529 dumtaxat
1636 1499 1830 1539 repositum

1134 1546 1291 1585 videtur,
1326 1547 1389 1578 etsi
1414 1547 1604 1578 Lambinus
1629 1546 1738 1579 libros
1766 1556 1830 1587 ap—

1133 1594 1249 1635 pellat.
1269 1594 1367 1628 Falso
1381 1595 1481 1636 volgo
1495 1595 1684 1636 explicant:
1707 1597 1830 1628 «Ferre

1133 1644 1215 1675 iube
1239 1645 1319 1676 vina
1343 1654 1396 1683 eo,
1422 1645 1477 1676 ubi
1502 1646 1610 1682 eet.»;
1645 1654 1711 1676 nee
1741 1655 1826 1677 vero

1134 1694 1349 1733 iungendum
1388 1696 1463 1726 erat
1501 1703 1582 1727 eum
1624 1694 1829 1735 praeeedd.‚

1134 1742 1295 1774 videlieet
1333 1744 1407 1775 sine
1455 1744 1726 1783 interrogatione
1766 1752 1830 1782 qno

1132 1794 1305 1832 ‘qi-anzine,
1343 1802 1408 1824 nee
1434 1794 1503 1832 Quo
1527 1792 1829 1833 interpretandum

1134 1850 1198 1879 qno
1221 1842 1301 1880 ioci,
1327 1843 1365 1872 ut
1388 1842 1441 1873 est
1465 1851 1550 1874 sane
1572 1842 1667 1882 apud
1691 1842 1761 1873 Cic.
1785 1842 1828 1873 de

1134 1891 1245 1922 Divin.
1272 1891 1310 1929 ¹2,
1338 1891 1397 1922 66:
1425 1900 1488 1930 qno
1511 1892 1616 1922 radia:
1639 1892 1831 1922 locinasce-

1132 1943 1245 1978 retur,
1277 1940 1311 1970 id
1336 1941 1410 1979 est,
1443 1940 1570 1971 «ubi».
1618 1940 1704 1971 Vide
1729 1939 1827 1971 infra.

1134 1983 1242 2023 Fingit
1274 1983 1375 2023 igitur
1407 1982 1473 2015 sibi
1504 1983 1621 2014 locum
1651 1983 1830 2015 amoenis-

1134 2032 1283 2071 simum,
1310 2040 1418 2072 quem
1442 2030 1684 2072 contemplans
1708 2031 1742 2062 in
1766 2031 1830 2062 has

1133 2082 1422 2121 interrogationes
1438 2082 1646 2122 prorumpit.
1668 2099 1704 2103 —
1717 2080 1829 2121 pinus]

1133 2129 1268 2169 Italica,
1305 2131 1413 2169 Pini03
1447 2139 1538 2171 quae
1574 2130 1719 2161 arbores
1745 2138 1828 2161 sane

1134 2181 1292 2220 ingentes
1306 2181 1386 2211 sunt
1400 2181 1434 2211 et
1451 2179 1553 2211 simul
1570 2175 1826 2221 czncpiaacpetffi

1134 2229 1177 2261 cf.
1204 2230 1304 2261 Voss.
1332 2230 1376 2261 ad
1392 2230 1484 2270 Virg.
1505 2228 1574 2261 Eel.
1601 2230 1637 2268 7,
1665 2229 1704 2260 65
1722 2238 1728 2259 :
1749 2228 1829 2267 pul-

1132 2279 1298 2309 cherrima
1315 2279 1417 2318 pinus
1438 2279 1473 2309 in
1496 2278 1608 2309 hortis.
1648 2296 1682 2300 —
1718 2286 1828 2317 popu-

1133 2328 1197 2368 lus]
1244 2326 1380 2370 (λεύκῃ)
1416 2327 1555 2368 Virgilio
1582 2327 1652 2359 Ecl.
1694 2327 1730 2365 9,
1767 2326 1824 2358 411:

1133 2378 1276 2408 eandida
1292 2403 1298 2415 ,
1317 2380 1402 2409 Aen.
1422 2378 1457 2415 8,
1477 2378 1556 2408 276:
1583 2377 1715 2408 bicolor.
1745 2375 1828 2407 «Ce-

1135 2428 1250 2458 terum
1288 2426 1363 2467 lege
1400 2436 1481 2459 eum
1518 2425 1628 2457 Codd.
1664 2425 1825 2463 albaque,

1135 2485 1204 2507 non
1229 2475 1381 2515 aliaque,
1408 2478 1445 2508 ut
1469 2475 1657 2508 Lambinus
1674 2474 1828 2514 suspica-

1136 2527 1191 2556 tur
1215 2534 1257 2556 ex
1281 2525 1390 2566 Epod.
1417 2526 1455 2563 2,
1483 2525 1541 2556 40:
1573 2524 1665 2555 Alias
1686 2523 1827 2554 maritat

1131 2575 1278 2614 populas.
1308 2575 1441 2615 Quippe
1464 2573 1544 2605 nihil
1563 2572 1716 2613 frigidius
1732 2574 1827 2603 esset

1135 2625 1273 2664 gemino
1299 2624 1353 2655 illo
1378 2623 1536 2656 eiusdem
1566 2621 1827 2661 significationis

1135 2675 1288 2714 epitheto
1327 2675 1439 2714 inqens
1472 2672 1646 2710 altaque.»
1704 2671 1823 2701 BENTL.

1134 2724 1246 2763 Atque
1272 2723 1365 2754 idem
1390 2726 1442 2755 est
1467 2721 1630 2753 indicium
1649 2719 1775 2751 lleinsii
1794 2719 1825 2749 in
