1997 3219
435 355 497 401 Et.
532 354 790 410 quandoque
829 355 1039 410 potentior

833 252 1000 284 noum!
1028 252 1249 286 CARMINUM

489 435 608 490 Largi
644 434 893 476 muneribus
926 437 1066 478 riserit
1097 437 1269 479 aemuli.

430 514 614 556 Albanos
646 529 780 571 prope
812 523 851 558 te
880 516 1000 568 ,lacus

486 596 619 637 Ponet
649 609 929 638 marmoream
961 596 1040 639 sub

432 706 514 748 illic
544 705 723 762 plurima
754 707 927 749 naribus

1073 596 1190 639 trabe
1222 597 1363 639 citrea.

409 857 460 887 1¹8.
500 857 618 897 Largis
652 856 861 895 bSe,LCtFJ.
900 858 1016 898 (Largi
1050 856 1161 898 Bau),
1189 866 1278 889 eorr.
1304 857 1349 896 β,
1387 859 1469 890 item
1498 860 1650 891 Pottierii
1676 862 1708 891 «l.

358 906 395 943 7,
422 905 458 943 8⁷
487 905 537 936 [Π.
566 905 730 938 Praetulit
754 906 859 937 etiam
883 905 1006 947 Bentl.)
1036 922 1070 928 -
1098 907 1150 938 ΞΟ.
1178 907 1281 938 citrea
1303 907 1347 946 B,
1375 906 1494 939 Bland.
1515 909 1708 949 antiquiss,

358 955 508 986 Pottierii
534 956 568 993 4,
595 955 631 992 7,
658 955 703 993 8.,
731 955 867 987 Comm.
896 956 1021 996 Cruq.,
1048 956 1099 987 LC
1127 958 1160 987 et
1191 955 1383 992 Bentleius,
1420 958 1588 989 varietate
1618 959 1710 990 haud

359 1006 572 1035 memorata:
611 1005 735 1044 Cypria
757 1004 911 1043 b0,tFM‚
950 1006 1078 1044 Cyprea
1102 1006 1139 1043 S,
1178 1006 1261 1037 item
1285 1003 1329 1047 γδ
1353 1015 1408 1047 ap.
1434 1007 1572 1039 Kirclin.
1600 1009 1638 1039 N.
1671 1010 1707 1046 Q.

360 1055 437 1085 Hor.
466 1064 499 1094 p.
527 1054 578 1086 36.
606 1055 658 1086 56.
688 1055 738 1094 (Ut
762 1063 836 1092 nos,
862 1055 903 1093 J.)

316 1199 368 1229 ex
386 1189 484 1221 solita
501 1189 557 1221 illa
581 1190 731 1230 imagine
750 1189 811 1221 Od.
831 1189 869 1228 3,
888 1190 942 1228 26,
961 1190 1005 1229 2.)
1032 1190 1035 1193 '

313 1239 462 1277 efficiet,
489 1241 527 1270 ut
550 1239 704 1271 victricia
729 1240 787 1270 tua
811 1247 909 1270 arma
932 1238 1009 1270 uhi-

312 1298 380 1329 que
405 1288 631 1320 celebrentur
653 1288 921 1329 proferaturque
946 1289 1009 1321 im-

313 1339 452 1378 perium
476 1339 610 1369 tuum.»

358 1388 408 1418 47.
438 1387 489 1419 48.
508 1388 561 1426 Et,
582 1387 793 1428 quandoque]
820 1388 881 1419 «Et
894 1396 1008 1428 quan-

316 1437 504 1478 docunque
517 1436 663 1468 rivalem
682 1438 746 1469 etsi
762 1436 911 1478 largiora
928 1447 1008 1470 mu-

312 1496 395 1518 nera
422 1487 555 1518 amicae
581 1486 788 1518 offerentem
813 1488 955 1528 proprio
973 1489 1008 1519 et

310 1537 439 1568 decore
465 1537 499 1568 et
522 1537 659 1576 ingenio
676 1536 799 1567 vicerit
814 1537 909 1577 apud
926 1546 1006 1569 eam

310 1586 471 1626 adeoque
489 1585 584 1617 illum
602 1585 784 1617 deriserIt»
803 1587 870 1617 cet.
897 1587 1004 1627 Iunge

305 1636 471 1675 potentior
492 1635 698 1673 muneribus,
726 1643 854 1675 «quam
878 1644 1006 1668 mune-

309 1694 390 1724 ra»,
428 1693 497 1716 non
522 1693 604 1716 cum
627 1683 700 1716 aliis
723 1685 835 1716 riserit
861 1686 1006 1717 wtuneri-

309 1735 377 1766 bus.
397 1751 430 1756 -
456 1734 559 1775 Laryi
576 1751 594 1756 —
610 1751 628 1756 —
643 1734 765 1766 aemuli
781 1735 943 1776 praefero
961 1744 1003 1766 ex

310 1785 516 1817 auctoritate
543 1783 627 1816 Cod.
655 1785 836 1824 antiquiss.
862 1785 899 1815 B.
948 1785 1003 1816 Sic

309 1834 521 1866 constructio
558 1842 700 1873 quoque
738 1833 777 1865 fit
813 1832 1004 1874 elegantior

308 1886 413 1925 atque
437 1884 577 1915 Horatio
601 1883 747 1923 dignior.
785 1884 873 1921 Quin
897 1884 1001 1915 etiam

307 1934 374 1965 hoc
398 1932 499 1973 longe
523 1932 708 1964 acerbius:
751 1931 858 1964 «Nihil
895 1932 1002 1964 habet

307 1982 486 2021 aemulus,
519 1991 582 2013 cur
604 1981 833 2023 praeferatur,
859 1983 1002 2023 praeter

307 2033 442 2064 divitias
467 2031 728 2071 tantummodo,
762 2040 849 2072 quas
873 2031 1001 2063 identi-

307 2083 389 2114 dem
413 2081 507 2122 large
532 2080 732 2122 profundit,
765 2080 829 2113 sed
852 2080 997 2119 frustra3

306 2134 340 2163 tu
377 2132 471 2162 enim
506 2139 588 2162 eum
621 2131 732 2162 vincis
766 2131 801 2162 et
830 2130 941 2162 forma
966 2132 1001 2162 et

305 2180 484 2212 nobilitate
512 2181 548 2211 et
577 2179 773 2212 facundia.»
815 2179 914 2219 (v.113
932 2179 998 2220 sq.)

306 2231 418 2270 Atque
477 2228 608 2261 facilius
663 2228 999 2261 aecommodabatur

306 2279 517 2310 adiectivum
553 2278 597 2309 ad
631 2279 830 2319 proximum
868 2287 996 2311 nomen

305 2337 411 2368 quam
436 2328 480 2359 ad
503 2327 735 2368 longinquius.

349 2378 400 2408 49.
426 2377 566 2409 Albanos
582 2395 600 2400 —
615 2394 634 2399 -
650 2376 751 2417 lacus]
787 2376 849 2410 Ubi
873 2378 998 2409 contu—

305 2426 386 2458 leris
422 2426 691 2457 delineationem
736 2425 826 2457 illius
865 2427 997 2459 tractus

305 2475 398 2516 apud
422 2475 600 2515 Nibbyum
630 2476 765 2516 Via-qaia
790 2477 829 2506 II.
856 2484 889 2516 p.
916 2476 994 2515 33.,

306 2525 442 2557 videbis
484 2527 649 2565 quattuor
686 2524 782 2557 lacus
820 2525 867 2556 ibi
907 2526 997 2557 anti-

305 2575 421 2615 quitus
453 2574 518 2606 sibi
548 2575 728 2615 proximos
760 2574 882 2613 fuisse,
930 2576 993 2614 ita,

304 2626 341 2655 ut
365 2625 463 2664 quasi
493 2623 772 2665 quadrangulum
801 2624 992 2656 efficerent.

305 2674 389 2704 Sunt
424 2674 452 2713 4)
478 2673 574 2705 lacus
597 2672 751 2705 Albanus
774 2674 916 2713 proprie
941 2674 995 2705 ‹li-

305 2723 400 2760 ctus;
427 2722 456 2761 (2)
482 2722 577 2754 lacus
600 2722 845 2759 Nemorensis3
872 2722 901 2761 3)
928 2724 994 2753 La-

304 2770 410 2811 (Jhello
427 2796 431 2809 ,
451 2772 524 2803 sine
538 2772 678 2803 nomine
692 2772 851 2812 propr103
878 2770 908 2810 li)
927 2773 994 2803 La-

305 2829 363 2857 (1⁰,
390 2821 463 2861 0in
484 2821 572 2853 Valle
586 2821 731 2853 Aricina..
768 2822 804 2852 ln
830 2829 869 2851 ea
893 2821 994 2860 igitur

1058 1191 1201 1230 regione
1246 1191 1384 1223 videtur
1430 1193 1598 1225 Maximus
1637 1192 1751 1225 villam

1057 1239 1236 1272 habuisse.
1285 1242 1475 1273 Parietinas
1508 1242 1683 1283 Nymphei
1719 1246 1753 1274 et

1058 1288 1196 1321 delubri
1218 1298 1329 1331 prope
1349 1289 1446 1323 lacus
1462 1289 1585 1322 Albani
1603 1293 1752 1324 emissa—

1057 1339 1148 1370 rium
1169 1340 1373 1372 etiamnunc
1395 1349 1582 1381 superesse
1603 1341 1752 1373 testatur

1057 1388 1222 1420 Bianconi
1257 1390 1360 1429 Opere
1393 1391 1418 1422 1.
1456 1399 1534 1431 pag.
1561 1390 1634 1422 ’190-
1683 1390 1751 1422 Sed

1057 1436 1158 1469 villae
1182 1438 1310 1470 horum
1333 1439 1584 1478 Maximorum,
1619 1441 1658 1471 ut
1680 1439 1751 1472 volt

1056 1486 1129 1525 ille,
1163 1487 1226 1519 has
1251 1496 1330 1520 esse
1353 1487 1520 1529 reliquias
1545 1490 1622 1529 quis
1646 1498 1750 1530 prae-

1056 1535 1189 1568 stabit?

1098 1586 1151 1617 20.
1179 1586 1289 1628 trabe]
1327 1587 1531 1626 «trabibus,
1569 1589 1749 1628 contigna-

1056 1636 1164 1675 tione,
1194 1635 1324 1668 tholo.»
1344 1656 1380 1660 -—
1405 1637 1525 1678 citrea]
1551 1638 1648 1669 Hanc
1665 1637 1745 1670 lect.

1055 1684 1140 1716 Cod.
1167 1686 1192 1716 B
1217 1685 1377 1726 praetuli.
1433 1687 1584 1725 Vereor,
1611 1696 1655 1718 ne
1684 1687 1748 1726 Cy-

1049 1734 1129 1773 pria
1157 1735 1231 1765 orta
1261 1735 1305 1766 sit
1335 1744 1376 1765 ex
1401 1734 1454 1766 illa
1479 1734 1580 1775 longe
1605 1736 1743 1768 diversa

1052 1782 1144 1814 trabe
1160 1783 1283 1822 Cypria
1299 1783 1360 1815 Od.
1382 1785 1411 1823 4,
1433 1785 1461 1823 l,
1483 1784 1554 1823 43„
1581 1794 1647 1817 nee
1670 1794 1746 1816 ma—

1052 1841 1207 1873 gnopere
1242 1833 1358 1874 placet
1387 1834 1481 1865 deam
1505 1834 1605 1874 Cypri
1640 1834 1746 1866 Iocari

1051 1882 1108 1913 sub
1132 1882 1224 1914 trabe
1247 1883 1381 1922 Cypria.
1418 1883 1550 1914 Verum
1567 1883 1745 1924 appellare

1051 1930 1131 1962 licet
1156 1932 1261 1963 etiam
1290 1931 1386 1963 Plinii
1410 1931 1527 1963 locum
1554 1933 1594 1963 H.
1615 1934 1654 1964 N.
1683 1933 1741 1971 ¹¹3,

1052 1980 1123 2018 46„
1161 1980 1222 2012 ubi
1257 1980 1300 2012 de
1332 1982 1418 2013 citro
1444 1981 1533 2012 inter
1556 1980 1620 2013 alia
1654 1982 1743 2013 haec

1050 2028 1212 2069 leguntur
1227 2039 1233 2060 :
1271 2030 1505 2070 Theophrastus
1518 2047 1537 2052 —
1553 2048 1571 2053 -
1585 2039 1744 2071 magnum

1049 2079 1118 2110 iam
1133 2080 1207 2110 huic
1223 2080 1337 2111 arbori
1352 2080 1507 2111 honorem
1523 2080 1653 2119 tribuit,
1678 2089 1745 2112 me-

1048 2132 1198 2160 moratas
1231 2138 1274 2161 ea:
1302 2138 1342 2160 ea
1375 2130 1518 2170 referens
1549 2130 1744 2169 templorum

1047 2182 1193 2210 veterum
1221 2179 1480 2220 ceizt-ifflzationes
1510 2180 1744 2218 quandamque

1048 2228 1332 2260 immortalilatem
1376 2229 1539 2260 materiae
1582 2229 1616 2259 in
1653 2230 1742 2260 tectis

1048 2281 1165 2309 eontra
1185 2278 1270 2309 vitia
1292 2278 1403 2309 onmia
1426 2278 1651 2317 incorruptae.
1683 2279 1742 2310 Mi-

1047 2327 1141 2358 nime
1173 2327 1276 2367 igitur
1299 2327 1463 2359 audiendi
1496 2329 1577 2359 sunt
1614 2328 1740 2368 partim

1047 2376 1086 2415 ii,
1121 2377 1181 2416 qui
1212 2376 1255 2407 dc
1287 2375 1424 2409 laminis
1450 2378 1584 2408 tantum
1610 2377 1737 2415 citreis,

1047 2425 1175 2466 quibus
1200 2425 1362 2458 inductae
1387 2426 1455 2457 sint
1477 2425 1610 2465 trabes,
1637 2426 1741 2457 inter-

1045 2476 1245 2515 pretantur,
1281 2476 1408 2515 partim
1433 2475 1491 2515 qui
1516 2484 1558 2506 ex
1581 2475 1657 2515 ipsa
1690 2475 1740 2506 hi-

1046 2525 1151 2555 storia
1175 2524 1321 2556 naturali
1339 2526 1374 2556 et
1389 2524 1484 2556 cedri
1504 2526 1538 2556 et
1554 2525 1629 2556 citri
1656 2524 1735 2557 lect.

1046 2574 1170 2613 Cypria
1182 2574 1368 2614 probatum
1383 2575 1528 2605 iverunt.
1549 2575 1591 2605 lis
1605 2576 1734 2607 autem.

1046 2624 1104 2663 qui
1134 2623 1200 2654 hoc
1234 2623 1457 2664 praeferunt,
1506 2625 1585 2654 ante
1622 2623 1735 2654 omnia

1045 2672 1267 2713 probandum
1308 2673 1373 2704 erit
1407 2673 1564 2712 Cypriam
1600 2671 1733 2702 trabem

1045 2722 1095 2753 sic
1121 2722 1213 2753 nude
1233 2722 1300 2754 dici
1322 2731 1386 2763 pro
1403 2722 1558 2759 cedrina,
1585 2720 1734 2751 maxime

1045 2780 1126 2802 eum
1151 2771 1318 2809 Libanus,
1353 2771 1469 2811 Syria,
1495 2771 1597 2801 Creta
1625 2769 1734 2808 magis

1045 2822 1149 2853 eliam
1181 2829 1287 2861 quam
1312 2821 1448 2861 Cyprus
1484 2819 1597 2851 cedris
1621 2818 1734 2849 abun—
