1997 3219
741 206 817 237 LlB.
845 206 898 236 111.

949 206 984 236 C.
1012 205 1065 237 xl.
1554 201 1632 241 4100

687 543 997 582 cml-V
1036 543 1136 582 xl-

417 654 619 700 Mereuri.
652 679 707 685 —
737 668 834 695 nam
863 660 903 696 te
933 653 1084 696 docilis
1114 653 1314 709 magistro

416 734 544 775 Movit
576 734 782 790 Amphion
814 733 978 790 lapides
1008 733 1220 782 canendo,
1253 758 1308 763 —

416 815 563 871 Tuque
595 814 763 856 testudo
794 827 998 856 resonare
1032 820 1196 870 septem

527 893 688 937 Callida
717 894 859 937 nervis
875 928 882 943 ,

276 1013 329 1044 XI.
356 1013 463 1044 Inser,
489 1010 578 1052 volg.
604 1012 652 1043 Aa
674 1013 894 1050 Mercurium,
921 1014 957 1043 et
980 1013 1031 1044 sic
1054 1012 1142 1044 BST.
1163 1029 1201 1034 —
1224 1012 1391 1044 Mercurio
1414 1012 1588 1051 Lyciaeque

234 1062 267 1112 li.
298 1079 334 1084 —
359 1062 526 1093 Mercurio
550 1062 706 1100 lyraeque
730 1070 759 1093 c.

231 1179 286 1210 XI.
333 1180 587 1219 Argumentum
625 1179 692 1210 hoe
729 1175 799 1210 est:
845 1179 883 1209 In
934 1174 1036 1220 ᾠδὴν
1082 1177 1291 1209 συνθέουσι
1336 1177 1401 1209 καὶ
1439 1174 1630 1210 ἀκούουσι

189 1228 326 1267 Lyden,
353 1227 507 1268 puellam
532 1227 690 1259 timidam
708 1229 742 1259 et
761 1227 886 1259 adver-

188 1285 248 1308 sus
283 1285 443 1308 amorem
478 1276 720 1314 obfirmatam,
762 1275 883 1308 oeulos

189 1325 379 1357 conjiciens
403 1328 568 1366 precatur
587 1326 820 1363 Mercurium,
846 1327 884 1356 ut

187 1373 255 1405 sibi
293 1373 515 1406 dulcissimos
555 1382 715 1414 quosque
757 1374 882 1406 modos

189 1423 377 1461 concedat,
404 1423 532 1463 quibus
548 1424 645 1462 virgo
663 1423 805 1455 tandem
823 1424 885 1454 sse-

189 1473 313 1510 ctatur,
333 1472 610 1513 recordatusque
623 1473 816 1513 potentiam
832 1473 884 1514 ly-

187 1531 265 1560 rae,
292 1530 399 1561 quam
423 1521 477 1552 ille
501 1521 645 1562 pulsans
670 1523 774 1554 etiam
798 1523 883 1554 Tar-

187 1572 252 1602 tari
283 1572 439 1602 monstra
471 1570 584 1611 placat
614 1571 883 1604 damnatorum-

187 1628 257 1660 que
282 1619 426 1651 umbras
451 1618 631 1652 laboribus
655 1620 762 1659 levat,
796 1621 884 1653 sub-

187 1669 276 1701 sistit
298 1669 333 1700 in
356 1669 552 1700 Danaidum
575 1670 716 1710 poenis,
753 1671 882 1710 quihus

186 1726 255 1749 una
280 1717 352 1756 illa,
379 1727 470 1758 quae
495 1719 619 1750 marito
643 1719 713 1750 fida
737 1729 883 1752 reman-

187 1768 247 1805 sit,
274 1769 437 1808 exempta
463 1769 527 1799 est.
569 1769 642 1800 Iam
666 1771 785 1809 sperat
807 1769 881 1801 fore

187 1818 223 1847 ut
249 1816 343 1856 Lyde
369 1816 434 1847 hae
464 1816 610 1857 perfecti
635 1819 765 1850 amoris
792 1820 882 1851 ima-

186 1866 264 1906 gine
289 1867 379 1896 tacta
403 1866 534 1897 amanti
558 1875 662 1898 aures
692 1867 879 1908 praebeam

187 1914 251 1947 sed
275 1914 383 1954 lyrica
407 1916 602 1958 φαντασία
625 1915 732 1947 veluti
762 1917 884 1949 absor—

186 1965 268 2004 ptus
293 1963 327 1994 in
350 1964 416 1994 hae
441 1964 567 1995 desinit
590 1973 705 2005 neque
722 1966 765 1996 ad
782 1966 884 2006 puel—

187 2011 258 2043 lam
279 2011 396 2043 denuo
413 2020 450 2043 se
469 2014 650 2044 convertit.
679 2014 766 2053 (vid.
786 2015 830 2045 ad
847 2024 880 2046 v.

188 2062 256 2100 52.)
271 2061 366 2100 Lyde
383 2069 534 2101 persona
551 2071 663 2102 aeque
683 2062 760 2094 {ieta
778 2065 882 2104 atque

190 2109 298 2141 altera
324 2109 378 2141 illa
406 2110 564 2142 eiusdem
590 2111 739 2143 nominis
756 2112 817 2143 od.
844 2114 882 2151 Ξ,

191 2160 247 2194 Μ,
274 2160 326 2190 22.
347 2159 396 2199 (Α.
417 2168 450 2190 u.
470 2169 500 2190 e.
520 2160 640 2199 727.<?)

234 2209 263 2239 ⁴.
301 2209 331 2239 2.
381 2209 546 2249 Mercuri]
584 2209 788 2241 «testudine
825 2212 882 2241 tua

190 2266 276 2288 eane
302 2257 443 2294 modos,
482 2258 611 2298 quihus
642 2259 737 2298 Lyde
763 2268 883 2291 amore

190 2308 361 2345 tangatur.
410 2306 497 2338 Nihil
529 2308 622 2339 enini
654 2308 694 2338 iis
719 2309 881 2340 resistit.»

193 2373 227 2377 —
269 2355 363 2396 nam]
404 2365 506 2387 «nam
545 2358 645 2397 potes
683 2360 881 2397 praestare,

191 2404 284 2444 quod
310 2407 342 2435 te
366 2414 526 2444 precor.»
574 2406 678 2442 Vide,
705 2415 795 2447 quae
821 2417 885 2439 no-

192 2455 340 2485 tavimus
365 2454 408 2484 ad
442 2454 549 2494 Epod.
578 2455 637 2493 47,
673 2455 733 2488 45:
770 2457 813 2487 Et,
835 2461 882 2496 lu,

187 2507 278 2542 potes
302 2512 398 2541 nani,
424 2503 509 2534 solve
524 2512 574 2535 mc
590 2505 763 2535 dementia.
792 2506 881 2546 Virg.

192 2555 275 2583 Aen.
305 2553 340 2589 1¹,
367 2552 427 2583 65:
452 2552 562 2591 Aeole,
588 2562 732 2592 namque
753 2554 810 2584 tibi
832 2555 885 2585 di—

190 2610 264 2631 rom
291 2605 389 2640 pater
421 2603 487 2632 eet.
516 2601 612 2632 lland
644 2603 741 2633 Turs.
769 2603 822 2634 lV.
849 2613 882 2643 p.

191 2651 221 2680 8.
254 2668 285 2671 —
305 2650 418 2690 Movit]
445 2651 554 2681 Motus
580 2651 705 2682 horum
731 2650 884 2691 lapidum

192 2698 235 2728 aii
272 2698 368 2738 lyrae
405 2708 510 2730 sonos
543 2700 692 2740 expingi!
725 2699 882 2732 Philostr.

192 2749 319 2788 liniq-¹53.
359 2749 392 2786 4,
440 2749 493 2778 1οῑ
544 2747 679 2788 πάντες
719 2748 776 2781 ἰπὶ
818 2746 885 2790 τὴν

933 1227 998 1258 καὶ
1021 1227 1214 1269 γίγνονται
1236 1230 1364 1266 τεῖχος
1387 1226 1466 1258 κτλ.
1496 1245 1531 1250 -
1550 1227 1629 1260 Am—

928 1276 1051 1317 phion]
1092 1275 1281 1308 Thebanae
1327 1277 1417 1308 areis
1457 1277 1627 1308 eonditor.

934 1327 1080 1357 Pausan.
1107 1325 1143 1363 9,
1170 1326 1209 1363 5,
1235 1326 1274 1357 8:
1297 1321 1335 1356 ‘O
1358 1322 1405 1356 τὰ
1428 1320 1501 1367 οέπη
1526 1322 1573 1357 τὰ
1591 1325 1630 1366 ἐς

933 1370 1121 1419 Εὐρώπην
1145 1372 1312 1416 ποιήσας
1335 1375 1457 1416 φησὶν
1476 1370 1631 1416 Ἀμφίο-

932 1434 980 1455 να
1002 1421 1228 1469 χρήσασθαι
1250 1421 1347 1467 λύρᾳ
1371 1422 1521 1468 πρῶτον
1545 1420 1628 1470 Ἑρ-

931 1470 1008 1514 μοῦ
1033 1470 1268 1513 διδάξαντος·
1295 1474 1479 1515 πεποίηκε
1502 1471 1542 1505 δὲ
1565 1474 1630 1506 καὶ

933 1521 1049 1554 λίθων
1077 1522 1142 1553 καὶ
1171 1522 1316 1567 ’θηρίων
1341 1518 1400 1554 ὅτι
1424 1523 1488 1554 καὶ
1510 1520 1631 1555 ταῦτα

933 1567 1034 1615 ᾅδων
1080 1565 1159 1613 ἦγε.
1207 1568 1322 1616 Μυρώ
1369 1571 1409 1603 δὲ
1443 1572 1631 1613 Βυζαντία

933 1618 1133 1662 ποιήσασα
1156 1616 1229 1662 ἔπη
1253 1621 1318 1652 καὶ
1345 1619 1491 1663 ἐλεγεῖα
1511 1618 1629 1667 Ἑρμῇ

930 1668 1066 1712 βωμόν
1081 1680 1203 1712 φησιν
1228 1667 1460 1716 ἱδρύσασθαι
1478 1669 1627 1715 πρῶτον

929 1715 1116 1760 Ἀμφίονα
1153 1720 1219 1751 καὶ
1257 1719 1316 1752 ἐπὶ
1357 1717 1479 1762 τούτῳ
1513 1718 1631 1765 λύραν

933 1769 1015 1813 παρ’
1039 1764 1158 1801 αὑτοῦ
1176 1767 1318 1807 λαβεῖν.
1344 1769 1421 1800 Ars.
1441 1771 1534 1810 poet.
1554 1768 1627 1801 394.

932 1817 1032 1850 Silius
1057 1819 1115 1857 Μ,
1153 1817 1227 1850 445.
1277 1819 1411 1850 Seneca
1447 1819 1627 1850 Phoeniss.

932 1867 1015 1898 566:
1038 1868 1163 1907 poteris
1185 1868 1245 1898 has
1258 1867 1449 1906 Amphionis
1465 1868 1631 1907 Quassare

931 1916 1048 1955 meles,
1087 1916 1182 1947 nulla
1215 1925 1299 1955 quas
1335 1917 1460 1947 strzcoeit
1491 1926 1628 1956 manus,

933 1965 1096 1996 Stridente
1141 1966 1275 1996 tardum
1318 1965 1474 1996 machina
1512 1966 1631 1998 ducens

934 2022 1027 2051 onus;
1043 2014 1107 2045 Sed
1123 2018 1320 2046 convocatus
1334 2015 1423 2046 vocis
1437 2018 1468 2046 et
1483 2015 1631 2047 citharae

933 2072 1011 2094 sono
1033 2063 1094 2094 Per·
1117 2071 1149 2094 se
1173 2063 1239 2102 ipse
1262 2066 1371 2094 turres
1392 2063 1478 2094 venit
1496 2064 1528 2094 ιή
1544 2073 1631 2095 sum—

932 2120 1004 2142 mas
1027 2111 1111 2150 lapis
1125 2110 1142 2141 ¹?

977 2160 1008 2191 3.
1024 2160 1054 2192 li.
1085 2160 1193 2198 Tuque
1208 2161 1342 2201 testudo]
1361 2161 1501 2201 Sappho
1519 2162 1629 2201 Bergk

934 2219 968 2250 p.
988 2210 1069 2240 6⁴5:
1093 2204 1171 2251 Ἀγε
1187 2207 1250 2240 δῖα
1265 2207 1405 2251 χελύνη
1430 2208 1524 2251 λέγε,
1553 2220 1630 2248 φω-

934 2256 1061 2289 νᾰσσα
1073 2257 1111 2290 δὲ
1125 2259 1238 2300 γένεο.
1254 2277 1289 2281 -
1297 2268 1455 2290 resonare
1465 2277 1479 2281 —
1489 2259 1627 2299 Callida]

936 2316 1045 2348 «quae
1061 2309 1145 2339 seito
1164 2317 1345 2340 resonas.»
1362 2326 1397 2330 —
1409 2308 1539 2350 septem]
1559 2309 1627 2339 lam

934 2357 967 2388 in
987 2358 1085 2388 llom.
1105 2358 1232 2397 llymn.
1252 2359 1285 2389 in
1307 2359 1411 2389 Mero.
1431 2358 1466 2388 51¹
1485 2366 1491 2387 :
1513 2353 1630 2387 Ἑπτὰ

933 2404 973 2437 δὲ
1004 2404 1240 2448 συμφώνους
1271 2403 1363 2438 ὀίων
1391 2404 1630 2438 ἐτανύσσατο

935 2453 1086 2500 χορδάς.
1119 2456 1251 2488 Verum
1275 2457 1366 2487 hane
1392 2457 1628 2487 inventionem

935 2505 1000 2536 sibi
1014 2505 1133 2537 tribuit
1145 2506 1349 2546 Terpander
1365 2506 1398 2536 in
1412 2505 1625 2536 Schneidew

937 2553 1008 2585 Del.
1035 2563 1112 2595 pag.
1139 2554 1214 2586 237.
1240 2555 1352 2594 Bergk
1382 2563 1414 2594 p.
1442 2554 1524 2584 5:37:
1563 2553 1626 2584 Σοὶ

935 2601 965 2634 δ’
992 2599 1102 2645 ἡμεῖς
1127 2604 1180 2643 (ex
1205 2603 1317 2635 Strub.
1351 2604 1402 2634 43.
1430 2612 1462 2643 p.
1489 2603 1562 2633 618.
1591 2604 1625 2634 Β,

931 2648 1057 2693 ἸῙμεῖς
1076 2662 1132 2684 τοι
1149 2662 1188 2684 ex
1209 2652 1339 2684 Euclid.
1357 2653 1483 2683 inimi
1511 2653 1625 2683 llarni.

937 2711 969 2742 p.
1004 2702 1055 2732 49.
1090 2702 1193 2734 Meib.
1235 2700 1360 2740 Srlin.)
1402 2698 1629 2745 τετράγηρυν

936 2746 1234 2795 ἀποστέρξαντες
1273 2746 1408 2782 (Ξοιὸὰν
1446 2746 1629 2781 ‘Emma-
