1997 3219
285 123 365 163 5570

795 128 961 158 llOllA'l'll
988 128 1209 160 CARMINUM

756 503 1066 542 GARMEN
1104 504 1230 543 vn.

345 614 559 670 llitl'ugere
592 615 730 663 nives,
766 615 946 658 redeunt
976 616 1060 658 iam
1090 617 1279 673 gramina
1309 618 1469 674 campis

503 694 826 752 Arboribusque
858 696 1030 747 com'ae3

368 832 436 862 Vll.
462 832 570 863 lusor.
597 831 689 872 volg.
715 832 764 863 Ad
791 833 1004 872 Torquatum,
1032 836 1065 865 et
1090 835 1138 866 sic
1163 844 1191 866 c.
1215 854 1248 857 —
1273 836 1322 866 Ad
1345 836 1506 868 Manlium
1534 837 1677 876 Torqua—

325 884 393 911 lum
417 880 478 912 Bb.
510 899 545 903 —
572 882 647 912 Om.
674 882 709 912 T.

322 1005 391 1035 Vll.
420 1005 518 1035 Hune
546 1005 779 1044 Torquatum,
806 1004 850 1035 ad
867 1014 975 1046 quem

280 1054 331 1084 est
350 1054 454 1084 etiam
464 1054 571 1094 Epist.
591 1054 621 1090 4,
640 1054 670 1084 5.
686 1053 865 1095 ,plerique
882 1063 975 1085 nune

280 1102 412 1134 habent
439 1112 503 1143 pro
529 1104 656 1143 nepote
682 1105 717 1135 L.
744 1102 858 1135 Manlii
889 1105 974 1135 Tor—

279 1153 393 1193 quati,
432 1161 501 1192 quo
540 1152 683 1185 consule
715 1162 745 1184 a.
772 1163 806 1185 u.
834 1162 863 1184 c.
897 1154 970 1186 689.

280 1204 381 1234 natus
412 1205 465 1234 est
492 1203 672 1235 Horatius:
713 1203 867 1234 nonnulli
892 1203 973 1234 olim

280 1261 344 1293 pro
369 1251 520 1284 consulis
545 1252 630 1291 filio,
666 1254 725 1293 qui
750 1255 869 1284 tamen
893 1255 972 1284 ante

278 1310 308 1332 a.
336 1311 369 1332 u.
402 1310 432 1333 e.
465 1302 539 1333 709.
582 1303 664 1343 (Cic.
702 1303 796 1334 Brut.
834 1303 899 1343 76.)
939 1303 972 1334 in

278 1351 391 1382 Africa
432 1352 571 1382 interiit.
629 1351 729 1392 (Bell.
764 1353 866 1383 Afric.
897 1352 970 1392 96.)

278 1401 408 1431 Verum
433 1410 515 1432 eum
539 1401 582 1432 de
607 1403 642 1433 L.
669 1400 783 1433 Manlii
808 1402 971 1442 Torquati

278 1451 406 1490 nepote
440 1449 522 1481 nihil
556 1452 698 1482 omnino
727 1453 880 1490 constet,
917 1451 971 1483 alii

278 1500 427 1541 amplexi
451 1503 532 1532 sunt
559 1501 699 1533 Marcilii
723 1504 757 1533 et
780 1502 971 1533 Weicherti

278 1551 538 1589 coniecturam,
582 1551 767 1591 probatam
807 1553 911 1583 etiam
952 1560 969 1582 a

279 1600 422 1631 Frankio
439 1626 446 1639 ‚
471 1599 732 1640 intelligendum
759 1610 838 1633 esse
864 1602 901 1632 C.
927 1602 969 1641 (in

279 1650 386 1680 Fastis
435 1649 658 1690 Capitolinis:
712 1651 772 1690 Q.)
820 1651 970 1681 Nonium

276 1701 525 1739 Asprenatem,
553 1699 734 1731 consulem
757 1701 879 1740 postea
903 1698 972 1730 suf-

279 1748 408 1779 fectum
433 1757 463 1779 a.
483 1757 516 1779 u.
537 1758 567 1779 e.
587 1748 660 1780 748.
679 1773 685 1786 ,
720 1748 763 1779 de
789 1757 857 1789 quo
882 1748 969 1778 Sue-

279 1799 348 1828 iou.
374 1798 447 1828 Oct.
472 1797 536 1829 43:
569 1798 606 1828 In
635 1799 756 1829 Troiae
782 1799 908 1829 ludicro
933 1800 966 1830 C.

278 1847 423 1877 Nonium
452 1847 665 1886 Asprenatem
693 1848 787 1887 lapsu
819 1848 970 1879 debilita-

278 1899 345 1926 tum
371 1905 472 1926 aureo
496 1899 611 1935 torque
635 1897 771 1927 donarit
788 1906 970 1936 passusque

278 1949 322 1977 est
347 1946 451 1984 ipsum.
469 1949 680 1985 posterosque
706 1947 861 1985 Torquati
883 1947 970 1987 ferre

277 2004 463 2034 coyizoiiten.
496 1996 609 2034 Atque
628 1995 702 2026 sine
727 2004 833 2027 eausa
857 2004 969 2036 nuper

278 2044 420 2085 quidam
438 2044 616 2075 contendit
640 2045 784 2076 huiusce
802 2046 882 2084 viri,
910 2047 969 2086 qui

277 2095 394 2125 tamen
413 2093 534 2125 consul
552 2094 663 2125 faetus
681 2097 751 2132 est,
777 2104 879 2135 genus
900 2104 967 2126 non

276 2144 431 2183 potuisse
450 2142 632 2174 celebrari.
654 2144 695 2183 (v.
711 2144 776 2183 ⁶23.)
804 2146 969 2176 Ceterum

276 2193 307 2222 in
344 2202 380 2223 re
417 2194 488 2223 tam
524 2193 654 2223 incerta
695 2193 789 2224 haud
828 2195 968 2226 omnino

276 2241 433 2282 displicet
458 2242 679 2279 coniectura,
718 2251 824 2281 quam
857 2253 969 2284 nuper

278 2291 459 2331 proposuit
488 2292 584 2323 Estri‘·
618 2293 696 2322 llor.
731 2294 782 2323 Pr.
815 2302 846 2332 p.
877 2293 965 2330 497„

277 2349 355 2371 esse
379 2341 472 2371 hune
489 2340 613 2372 Aulum
631 2340 724 2372 illum
741 2342 965 2382 'l'orquatum,

276 2390 319 2420 (le
351 2398 420 2430 quo
451 2391 554 2421 Corn.
589 2391 674 2430 Nep.
706 2392 773 2421 Ait.
802 2392 864 2422 Μι
907 2393 968 2431 Qui

275 2439 373 2469 eliam
404 2442 475 2478 pos!
506 2439 669 2478 proelium
702 2440 967 2479 Philippense——

275 2489 311 2518 xl.
342 2478 539 2526 Torquatum
574 2491 757 2527 celeresque
784 2490 862 2527 pari
895 2490 967 2530 sor-

277 2542 355 2567 lzma
371 2538 536 2575 perculsos
554 2538 726 2568 iiisltliwril
743 2539 843 2575 lueri,
870 2543 968 2578 alque

277 2596 319 2615 ei·
344 2587 444 2624 Epiro
477 2587 525 2616 liis
559 2587 668 2617 omnia.
703 2588 966 2619 Samothraciam

278 2636 468 2673 supportari
500 2635 637 2666 iusserit.
688 2636 754 2666 Nisi
790 2635 875 2666 sorte
901 2637 965 2667 oli—

279 2686 341 2714 sia!
374 2686 485 2715 aetas:
530 2693 631 2717 nam,
671 2685 696 2715 si
729 2683 782 2715 vel
815 2685 964 2716 maxime

1026 1006 1058 1037 in
1085 1007 1172 1038 vivis
1198 1006 1259 1038 suit
1282 1008 1320 1039 Α.
1348 1008 1403 1039 hie
1422 1010 1616 1049 Torquatus
1642 1012 1720 1050 post

1026 1064 1056 1086 a.
1083 1055 1182 1094 730.‚
1216 1056 1243 1087 si
1269 1065 1337 1087 non
1362 1058 1555 1090 admodum
1580 1059 1718 1099 grandis

1025 1106 1124 1143 natu,
1166 1106 1284 1137 tamen
1318 1106 1387 1137 iam
1422 1109 1536 1139 aetate
1571 1109 1617 1139 ita
1641 1118 1720 1149 pro-

1024 1155 1146 1185 vectus
1172 1163 1250 1185 esse
1276 1154 1452 1193 debebat,
1485 1158 1522 1187 ut
1552 1157 1641 1189 inter
1664 1168 1719 1190 so-

1025 1202 1121 1235 dales
1158 1204 1288 1235 Horatii
1323 1206 1379 1236 xix
1409 1205 1526 1238 locum
1556 1207 1715 1239 haberet.

1027 1271 1062 1275 —
1080 1253 1163 1284 Inde
1188 1253 1283 1294 quod
1312 1254 1368 1285 hic
1393 1264 1551 1296 quoque,
1577 1259 1615 1288 ut
1636 1267 1717 1289 sae-

1023 1303 1184 1342 pissime,
1221 1302 1351 1335 laetum
1378 1305 1468 1336 vitae
1497 1314 1599 1338 usum
1624 1316 1718 1339 eom-

1023 1352 1165 1383 mendat
1200 1354 1335 1393 amieo,
1384 1363 1606 1395 nequaquam
1640 1366 1718 1397 pro-

1023 1401 1113 1433 fecto
1157 1411 1239 1433 eum
1279 1402 1497 1436 scholasticis
1544 1406 1716 1438 nonnullis

1023 1451 1255 1491 colligendum
1286 1454 1340 1484 est
1370 1453 1473 1484 nimia
1500 1454 1605 1486 fuisse
1630 1456 1715 1486 Tor-

1023 1503 1169 1540 quatum
1192 1502 1403 1541 parsimonia
1430 1504 1534 1543 atque
1559 1505 1712 1536 avaritia.

1022 1550 1160 1581 Minime
1186 1551 1279 1582 enim
1304 1551 1500 1590 urbanitas,
1527 1562 1633 1592 quam
1651 1555 1716 1585 Ho-

1022 1600 1130 1630 ratius
1154 1601 1311 1631 omnium
1336 1601 1466 1641 optime
1485 1600 1654 1640 callebat,
1682 1604 1714 1634 id

1022 1649 1273 1687 concessisset,
1312 1650 1348 1680 ut
1377 1651 1491 1681 virum
1521 1650 1711 1684 illustrem.

1021 1697 1087 1728 sibi
1110 1697 1341 1736 benevolum,
1369 1708 1434 1730 nec
1454 1701 1571 1732 tamen
1595 1702 1712 1734 intima

1021 1746 1073 1777 illa
1109 1747 1260 1778 amicitia
1302 1757 1424 1779 seeum
1463 1750 1710 1785 conium—tum.

1020 1805 1110 1836 quae
1131 1798 1257 1836 poetae
1281 1797 1521 1829 intercedebat
1545 1808 1625 1832 eum
1641 1802 1714 1832 Vir-

1020 1844 1116 1885 gilio,
1147 1846 1266 1884 Vario,
1293 1847 1511 1886 Maecenate,
1543 1850 1617 1880 sine
1645 1850 1711 1882 ulla

1020 1895 1230 1926 necessitate
1245 1894 1418 1935 laederet,
1435 1906 1517 1929 eum
1531 1899 1608 1929 vitia
1623 1900 1708 1937 eius,

1019 1944 1047 1975 si
1071 1943 1126 1975 vel
1144 1945 1295 1976 maxime
1313 1945 1434 1984 vellet,
1460 1947 1577 1987 viginti
1600 1948 1708 1987 hisee,

1020 1994 1157 2033 triginta
1200 1993 1368 2034 epistolae
1412 1994 1499 2027 illius
1530 1997 1710 2029 versiculis

1019 2043 1193 2082 corrigere
1212 2052 1280 2075 non
1296 2046 1427 2084 posset,
1449 2046 1622 2085 siquidem
1640 2046 1712 2078 lon-

1019 2101 1060 2131 ge
1082 2092 1154 2124 aliis
1177 2093 1346 2124 machinis
1368 2103 1456 2134 opus
1474 2097 1527 2126 est
1543 2096 1587 2126 ad
1610 2105 1710 2128 «era—

1019 2142 1134 2173 denda
1170 2143 1267 2182 pravi
1303 2143 1474 2184 cupidinis
1500 2144 1707 2176 elementa.»

1012 2192 1129 2222 immo
1170 2191 1355 2232 utrobique
1399 2191 1561 2224 liberales
1600 2195 1708 2234 ipsius

1018 2241 1179 2280 Torquati
1210 2249 1335 2272 sensus
1366 2241 1473 2273 multa
1497 2251 1578 2273 cum
1602 2252 1708 2274 venu-

1018 2290 1105 2320 state
1123 2291 1312 2329 expressit,
1342 2291 1495 2323 «circum
1512 2292 1586 2323 eius
1604 2301 1707 2332 prae—

1018 2339 1136 2369 cordia
1161 2339 1319 2370 ludens»
1348 2357 1383 2361 —
1414 2341 1593 2380 Temporis
1618 2341 1708 2372 indi-

1018 2388 1070 2419 cio
1113 2388 1180 2419 hoe
1225 2397 1367 2420 carmen
1409 2398 1553 2429 prorsus
1588 2392 1703 2426 earetg

1018 2438 1204 2469 (li-oteseml
1228 2438 1332 2469 referi
1358 2439 1401 2469 ad
1426 2448 1455 2469 a.
1484 2439 1555 2470 7:38.

1062 2487 1116 2517 i-
1137 2487 1166 2519 li.
1214 2488 1384 2527 Diffngsere
1421 2488 1525 2528 nives]
1568 2488 1628 2519 od.
1667 2488 1702 2525 t,

1022 2538 1076 2572 12,
1104 2537 1145 2567 3:
1172 2546 1228 2567 ner
1259 2538 1352 2577 slzwii
1384 2540 1530 2576 slrepwil
1562 2537 1706 2568 Hiberna

1018 2587 1088 2617 nire
1115 2588 1248 2627 mrssidc'.
1283 2606 1305 2609 --
1326 2588 1456 2626 corizae]
1482 2587 1550 2618 Ct'r.
1577 2586 1637 2617 Od.
1667 2587 1700 2623 -t,

1017 2637 1068 2674 21,
1088 2636 1173 2671 1214,
1193 2637 1230 2673 3,
1258 2638 1266 2667 l
1282 2638 1306 2667 1.
1328 2655 1356 2660 -
1380 2638 1488 2668 illiciat
1503 2639 1591 2667 terra
1610 2636 1702 2675 vires]

1017 2686 1149 2717 (lictum
1175 2687 1227 2716 est
1253 2685 1324 2717 sere
1350 2687 1384 2716 ut
1420 2682 1537 2716 πόνον
1561 2687 1699 2721 πονεῖν,
