1997 3219
362 192 439 232 226
868 188 1034 220 uoimTu
1061 186 1283 218 minumum

807 290 997 333 Dodocet
1028 290 1085 330 uti

583 397 784 440 Vocibus,
819 408 996 450 regnum
1028 400 1070 435 et
1100 392 1298 434 diadema
1329 398 1464 432 tutum

583 478 787 520 Desercns
818 475 889 516 uni
923 474 1226 530 propriamque
1258 471 1444 519 laurum,

581 557 784 612 Quisquis
816 556 1009 611 ingentes
1040 552 1164 595 oculo
1197 553 1400 594 inretorto

805 636 977 691 Spectat
1009 647 1199 676 acervos.

442 760 494 790 ³23.
523 757 660 798 ingentis·
683 756 740 787 Bc
773 773 807 777 —
836 755 992 785 inrelorlo
1018 752 1127 784 Codd.
1156 753 1244 790 mci,
1273 752 1376 782 eliam
1402 752 1440 782 (l.
1470 752 1623 782 irretorto
1649 751 1709 783 ΜΔ.

354 864 478 901 docet,
515 863 620 902 idque
652 860 820 901 iudicium
852 861 890 891 ut
907 859 1048 890 tandem

354 914 500 945 missum
530 912 649 948 saciat,
685 909 842 941 suadet.»
893 908 1047 947 (Etenim

354 962 410 994 hic
449 970 589 1002 quoquc
629 960 758 991 dedocet
792 966 893 989 suam
917 957 1048 997 signifi-

353 1012 528 1042 cationem
549 1010 677 1041 retinet
694 1018 758 1040 nec
775 1006 979 1047 simpliciter
995 1008 1049 1038 est

353 1059 471 1099 docet.)
526 1058 723 1090 Recordare
764 1057 821 1088 hic
858 1055 937 1086 illud
974 1057 1047 1087 Me—

353 1108 476 1141 nandri
511 1107 604 1148 apud
637 1106 723 1138 Plut.
758 1106 801 1136 de
836 1105 917 1136 aud.
951 1106 1044 1145 poet.

352 1167 385 1199 p.
424 1158 476 1189 93.
507 1158 636 1196 Wyttt:
667 1151 793 1192 ἫΕχων
828 1153 867 1186 δὲ
903 1151 1047 1195 πολλὴν

353 1202 490 1238 οὐσίαν
507 1206 571 1236 καὶ
589 1202 772 1243 πλούσιος
787 1202 956 1245 Καλοῦμζ
973 1199 1046 1235 ὑπὸ

353 1254 519 1294 πάντων,
544 1251 734 1298 μακάριος
750 1252 780 1284 δ’
798 1250 858 1285 ὑπ’
877 1249 1044 1292 οὐδενός.

395 1306 449 1337 24.
480 1305 624 1345 Vocibus]
649 1303 806 1343 Thucyd.
826 1303 864 1341 3,
890 1303 950 1334 82:
978 1299 1047 1343 τὴν

353 1354 532 1387 εἰωθυῖαν
564 1350 723 1394 ἀξίωσιν
747 1351 820 1384 τῶν
846 1349 1047 1394 ὀνομάτων

351 1403 391 1444 ἐς
413 1401 460 1436 τὰ
477 1400 568 1449 ἔργα
583 1399 822 1444 ἀντήλλαξαν
837 1400 883 1447 τῇ
901 1399 1048 1433 δικαιώ-

353 1464 423 1486 σει.
452 1453 518 1485 Sal.
538 1452 636 1485 Catil.
656 1453 715 1483 5⁶2:
743 1452 940 1491 iampridem
956 1469 974 1474 -
990 1460 1048 1482 nos

350 1512 432 1534 vera
454 1511 568 1534 rerum
590 1501 751 1532 vocabula
777 1501 957 1532 amisimus.

396 1553 449 1583 2¹2.
474 1551 714 1591 propriamque
738 1550 882 1590 laurum]
915 1550 953 1580 ut
977 1550 1044 1580 sat.

352 1602 383 1639 2,
403 1602 438 1640 67
465 1602 501 1632 5:
524 1601 666 1639 propria
682 1609 833 1631 *mimerai
867 1598 1049 1630 Declama-

353 1652 406 1682 tor
429 1651 511 1691 post
534 1649 608 1680 red.
628 1650 662 1680 in
676 1650 755 1680 Sen.
775 1648 806 1688 ἓ.
823 1648 897 1679 lli).:
924 1648 951 1679 st
967 1648 1047 1678 illud

351 1717 368 1722 -
385 1716 403 1721 -
414 1708 559 1738 perenne
584 1708 623 1729 ac
642 1699 820 1738 proprium
842 1706 977 1728 manere
988 1706 1049 1736 po-

352 1748 471 1779 tuisset.
499 1748 591 1787 vlrg.
618 1748 703 1778 Aen.
731 1747 767 1785 3,
793 1748 854 1778 85:
888 1747 944 1778 Da
962 1755 1047 1785 pro—

347 1798 481 1836 priam,
522 1796 736 1835 Thymbraee,
774 1797 906 1827 domum
928 1814 946 1818 —
970 1813 988 1818 -
1018 1799 1047 1826 et

351 1855 547 1877 mansuram
570 1846 693 1876 urbem.
743 1847 802 1877 Est
823 1854 922 1885 ergo:
953 1845 1047 1876 «lau—

352 1904 429 1926 rum
455 1896 657 1927 manentem
674 1896 779 1934 atque
797 1896 964 1931 certan103
991 1903 1049 1925 co-

351 1953 459 1975 ronae
488 1945 606 1975 autem
639 1942 778 1974 laureae
812 1952 934 1983 regum
962 1943 1048 1975 insi-

352 1994 441 2033 gnia.
490 1994 561 2024 Iam
586 1993 783 2025 Stoicorum
812 1993 884 2024 erat
908 1994 1048 2024 senten-

353 2043 397 2074 tia
436 2051 557 2082 regem
593 2051 671 2074 esse
706 2051 816 2073 unum
851 2043 1047 2082 sapientem

354 2091 449 2123 illum
473 2091 681 2132 perfectum,
709 2100 816 2131 quem
840 2092 956 2123 animo
981 2091 1047 2123 sihi

353 2140 590 2172 informarant.

396 2190 449 2221 23.
476 2189 645 2230 inretorto]
674 2190 838 2230 «Sapiens
855 2189 944 2221 adeo
962 2198 1049 2221 con—

354 2239 477 2270 temnit
510 2239 717 2276 thesauros,
753 2247 866 2278 aequo
892 2240 926 2270 et
953 2240 1049 2271 tran-

354 2287 458 2329 quillo
497 2288 613 2318 animo
652 2295 713 2319 eos
757 2288 974 2328 praeteriens
1014 2290 1049 2320 et

353 2336 494 2374 videns,
531 2338 569 2367 ut
598 2345 641 2367 ne
672 2338 879 2376 retorquere
904 2337 1048 2377 quidem

355 2385 476 2417 oculos
500 2385 545 2416 ad
568 2384 642 2416 illos
666 2386 770 2425 atque
796 2385 850 2417 vel
875 2395 939 2426 por
955 2389 1047 2418 tem-

356 2434 448 2475 poris
482 2435 650 2474 punctum
683 2443 744 2466 eos
775 2436 900 2466 intueri
925 2436 1048 2476 digne-

356 2485 430 2522 tur,
458 2492 539 2514 cum
563 2484 727 2515 incensus
751 2484 939 2525 cupiditate
964 2494 1047 2516 ava-

356 2541 414 2563 rus
439 2532 628 2564 identidem
653 2542 693 2565 ac
717 2534 775 2564 ‹liu
800 2534 843 2565 ad
861 2536 934 2565 auri
951 2544 1048 2567 acer-

1098 866 1161 889 vos
1187 857 1411 897 respecturus
1437 855 1525 887 soret
1549 865 1681 896 eosque
1708 855 1793 895 logi—

1099 908 1182 938 timo
1206 905 1403 946 possessori
1429 905 1633 936 invideret.»
1666 906 1793 937 «Grae—

1099 963 1222 986 corum
1258 955 1312 985 est
1341 949 1630 999 ἆμεταστρεπτί.
1680 954 1792 994 (Plato

1099 1004 1142 1035 de
1182 1005 1284 1043 Legg.
1325 1003 1363 1041 9,
1404 1002 1478 1035 854.
1517 1004 1574 1035 C.:
1616 1000 1683 1043 τὰς
1719 1001 1793 1034 τῶν

1098 1051 1225 1084 κακῶν
1259 1049 1464 1093 ξυνουσίας
1497 1050 1615 1095 φεῦγε
1652 1048 1794 1094 ἀμετα-

1098 1102 1279 1148 στρεπτί.)
1303 1101 1486 1133 Efficacior
1514 1105 1633 1134 autem
1657 1105 1690 1134 et
1719 1104 1794 1134 evi-

1098 1152 1235 1184 dentior
1263 1152 1316 1183 est
1343 1152 1477 1191 imago,
1512 1160 1617 1192 quam
1647 1152 1795 1193 praebet

1097 1202 1209 1233 oculus
1224 1194 1412 1239 iareim-tus,
1433 1209 1554 1241 quam:
1577 1210 1666 1233 «non
1684 1203 1796 1233 trans-

1098 1260 1238 1291 versus⁷
1257 1260 1327 1283 non
1343 1250 1481 1282 limus.»
1511 1249 1662 1290 («Oculo‚
1686 1258 1793 1290 quem

1098 1309 1168 1331 non
1191 1301 1399 1340 retorquent
1423 1299 1457 1330 in
1482 1308 1520 1330 se
1546 1299 1694 1339 (Quintil.
1723 1300 1794 1331 De—

1098 1348 1198 1381 clam.
1225 1349 1262 1388 8,
1289 1348 1347 1389 8.)‚
1375 1357 1446 1380 non
1471 1350 1612 1389 captum
1629 1349 1727 1388 quasi
1752 1357 1792 1379 ac

1100 1398 1209 1430 fixum
1232 1399 1353 1429 tenent
1376 1398 1527 1429 acervi.»
1553 1398 1689 1437 REGEL.)
1729 1398 1792 1436 Qui

1098 1448 1148 1479 sic
1189 1445 1376 1488 explicant:
1425 1447 1599 1488 inretorto]
1642 1446 1791 1484 «firmo,

1098 1498 1213 1535 recto,
1240 1492 1368 1536 ἀτενὲς
1384 1494 1597 1534 βλέποντι»,
1625 1505 1692 1527 nou
1711 1496 1793 1528 satis

1098 1546 1293 1586 cogitarunt
1309 1545 1502 1577 admodum
1514 1545 1697 1577 ridiculam
1715 1553 1793 1576 esse

1097 1595 1263 1636 sapientis
1298 1595 1471 1627 eiusmodi
1507 1594 1615 1626 oculis
1652 1595 1795 1626 thesau—

1097 1653 1155 1676 ros
1180 1645 1255 1676 sine
1280 1643 1349 1675 ulla
1373 1646 1492 1676 tamen
1510 1644 1699 1685 cupiditate
1716 1652 1795 1684 spe-

1098 1694 1220 1726 ctantis
1245 1695 1445 1734 imaginem.
1495 1693 1658 1725 Similiter
1674 1695 1711 1725 ut
1727 1694 1795 1724 Ho—

1096 1744 1204 1775 ratius
1239 1744 1406 1783 Synesius
1442 1744 1485 1775 de
1521 1744 1638 1783 Regno
1672 1752 1705 1784 p.
1737 1742 1790 1774 54.

1097 1792 1274 1832 Krabing„
1289 1794 1438 1833 uterque
1454 1792 1600 1825 sortasse
1609 1802 1650 1824 ex
1660 1795 1792 1824 Graeco

1098 1841 1191 1872 fonte
1209 1842 1415 1882 antiquiore,
1444 1842 1487 1873 de
1506 1843 1646 1874 homine
1665 1843 1792 1874 iniusto

1097 1891 1201 1930 atque
1226 1899 1348 1921 avzaro
1386 1887 1457 1922 οὐκ
1481 1889 1584 1931 εἰκός
1608 1901 1649 1933 γε
1673 1887 1792 1923 αὐτὸν

1096 1937 1327 1986 διαοάιιενον
1342 1939 1550 1985 βλοσυοοΐς
1567 1938 1792 1982 ὀφθαλμοῖς

1097 1985 1327 2030 αντιβλέψαι
1365 1992 1528 2035 χρυσίῳ
1568 1987 1792 2023 τοῦναιτίον

1096 2039 1167 2082 μὲν
1199 2037 1425 2081 αἰδεσθιγναί.
1456 2050 1496 2072 τε
1527 2041 1592 2072 καὶ
1618 2038 1793 2072 ἐνδοῦναι

1098 2090 1162 2121 καὶ
1207 2088 1435 2121 τελευτῶντα
1474 2087 1788 2135 περιπτύξασθαι.

1099 2139 1167 2170 Csr.
1194 2139 1300 2170 etiam
1317 2139 1456 2170 Lucian
1475 2140 1598 2171 Piscat
1618 2139 1678 2171 '61
1705 2148 1794 2183 ,τοο-

1098 2188 1179 2228 θεὶς
1203 2189 1381 2245 χρυσίον
1387 2189 1451 2220 καὶ
1475 2186 1592 2229 δόξαν
1615 2189 1680 2221 καὶ
1705 2185 1792 2230 ἦδο-

1097 2235 1180 2279 νήν,
1207 2236 1251 2269 ὸν
1266 2237 1337 2279 μὲν
1352 2233 1402 2268 (ἲν
1419 2234 1544 2270 αὐτῶν
1561 2236 1644 2283 ἴδῃς
1660 2234 1792 2284 ὑπερο-

1097 2285 1221 2333 ρῶντα
1258 2288 1322 2319 καὶ
1359 2284 1548 2329 μηὸαιιῶς
1581 2285 1789 2329 ἑλκόιιενον

1099 2334 1192 2382 πρὸς
1227 2335 1296 2379 τὴν
1331 2333 1445 2378 dunt,
1483 2338 1597 2377 οὑτος
1631 2333 1729 2369 ἔστω
1766 2333 1787 2367 ὁ

1097 2386 1148 2430 τῷ
1172 2385 1299 2418 θαλλῶ
1325 2384 1581 2428 στεφόιιενος·
1619 2383 1663 2417 ὃν
1686 2385 1716 2417 ὁ
1741 2382 1789 2417 ἀν

1095 2432 1224 2476 ατενὲς
1248 2432 1517 2475 ἀποβλέποντα
1539 2436 1603 2467 καὶ
1627 2433 1695 2477 τὴν
1711 2440 1790 2474 χεῖ-

1097 2496 1145 2531 ρα
1168 2482 1351 2531 ὀρέγοντα
1367 2485 1427 2518 ἐπὶ
1444 2483 1487 2518 τὸ
1503 2486 1674 2531 χρυσίον,
1693 2483 1790 2517 ἀπά-

1097 2545 1174 2577 γειν
1190 2533 1263 2581 χρὴ
1289 2535 1346 2568 ἐπὶ
1366 2533 1409 2566 τὸ
1426 2535 1644 2579 καυτήριον.
