1997 3219
759 156 930 188 mmmm
955 155 1182 189 SECFLARE.

1592 156 1669 194 titi]

466 261 579 302 Litus
615 261 834 301 Etruscum
870 266 1045 301 tenuere
1077 266 1264 303 turmae.

467 342 583 381 {ussa
614 354 713 397 pars
744 346 907 381 mutare
939 339 1068 380 Lares
1104 345 1143 379 et
1174 338 1323 380 urbem

580 421 747 476 Sospite
779 433 906 462 cursu
925 454 930 467 ‚

1626 419 1672 458 to

464 520 538 561 Cui
572 532 647 575 per
679 518 898 560 ardentem
929 518 1020 560 sine
1052 517 1200 560 fraude
1233 518 1396 559 Troiam

467 601 618 642 Castus
649 601 813 641 Aeneas
845 598 1005 654 patriae
1036 605 1255 654 superstes

468 679 664 721 Liberum
696 679 872 720 munivit
905 679 1002 721 iter.
1036 678 1212 719 daturus

577 758 700 800 Plura
732 758 889 801 relictis
909 774 914 798 :

463 861 532 906 Di,
567 859 725 915 probos
755 872 897 901 mores
930 858 1056 901 docili
1087 858 1307 900 iuventae.
1624 859 1673 897 νιζ’)

466 940 534 984 Di.
569 940 774 982 senectuti
805 939 999 995 placidae
1030 939 1236 996 quietem,

326 1048 378 1077 32».
406 1045 499 1076 urbes
521 1046 567 1076 Bc
593 1050 672 1084 (non
690 1045 738 1084 h).
761 1064 795 1068 —

822 1045 874 1077 45.
901 1045 1014 1076 docilis
1037 1053 1118 1077 cum
1142 1053 1194 1085 pr.
1212 1043 1333 1076 Battel.
1360 1043 1418 1084 (ω)
1442 1043 1628 1075 Bentleius.

294 1115 320 1118 —
348 1095 399 1127 46.
426 1095 596 1126 senectutis
618 1093 683 1132 βικ
717 1097 771 1126 «et
789 1094 857 1126 duo
880 1094 935 1126 alii
952 1094 1124 1129 inferioris
1137 1095 1274 1131 notae»,
1293 1093 1363 1124 duo
1380 1093 1464 1124 item
1481 1094 1631 1129 Bersm.,

283 1145 353 1175 duo
383 1145 552 1182 Pottierii,
580 1143 767 1175 Bentleius.
808 1163 842 1166 —
879 1144 1049 1183 placidam
1072 1155 1101 1174 ω
1127 1144 1220 1183 (eum
1243 1151 1316 1173 var.
1348 1141 1427 1174 lect.
1450 1142 1631 1182 placidae),

284 1195 430 1226 norman
454 1194 672 1236 Peerlkamp.
701 1195 751 1233 (Ut
773 1203 859 1233 nos,
887 1193 984 1233 Bbe.)

239 1297 257 1317 a
283 1286 456 1318 nonnullis
483 1287 755 1328 reprehensum,
792 1286 932 1317 videtur

238 1336 370 1368 referre
427 1345 631 1368 sermonem
688 1335 928 1375 formularum.

239 1386 343 1417 Certe
369 1386 474 1417 etiam
499 1385 595 1416 Ovid.
616 1386 696 1417 Met.
716 1384 754 1422 4,
782 1385 840 1416 34:
866 1386 932 1416 Pa-

237 1438 331 1466 catus
371 1435 539 1472 mitisque.
586 1437 708 1474 royant
742 1434 929 1473 Ismenides,

238 1485 335 1515 adsis.
366 1502 400 1506 —
436 1483 540 1524 Luna]
574 1484 690 1514 Lunae
723 1483 811 1514 deae
843 1484 932 1515 ima-

237 1534 354 1573 ginem
379 1541 459 1564 eum
484 1532 725 1572 antiquissima
743 1533 846 1564 inser.
866 1533 931 1564 La-

237 1584 305 1614 tina
323 1582 461 1613 LOSNA
477 1582 556 1613 vide
575 1583 607 1613 in
625 1581 781 1613 Gerhard
796 1581 928 1613 Etr-usk.

237 1631 364 1672 Spieslel
387 1632 426 1662 N.
446 1630 585 1662 CLXXI.
607 1649 641 1652 —
657 1630 822 1672 puellam]
842 1632 931 1662 Cum

237 1680 320 1722 quid
338 1679 533 1721 supplicare
547 1679 703 1711 debeant
715 1680 812 1711 chori
829 1688 929 1720 seqq.

238 1730 399 1762 xersihus
424 1731 628 1770 exponatur,
655 1729 711 1760 hie
735 1728 836 1761 colon
867 1737 932 1770 po-

239 1779 394 1811 nendum
419 1781 509 1815 erat,
537 1787 606 1809 non
631 1786 712 1810 eum
729 1777 802 1810 aliis
821 1779 933 1810 maior

239 1827 428 1862 distinctio,
466 1835 533 1867 qua
564 1826 825 1858 dissecarentur
849 1836 932 1860 sen-

240 1878 379 1909 tentiae.

281 1924 412 1957 37—40.
447 1924 585 1964 si-est}
623 1926 675 1955 «si
709 1926 780 1961 est,
817 1926 855 1955 ut
879 1928 931 1956 est

239 1984 406 2016 reapse.»
466 1975 501 2005 In
537 1973 704 2014 precihus
741 1974 933 2006 modestior

238 2023 406 2066 particula
441 2032 548 2064 quam
584 2024 752 2061 quoniam.
795 2023 931 2054 Etenim

238 2075 288 2106 sie
327 2073 525 2115 procedunt
562 2073 773 2104 sententiae:
817 2073 932 2110 «Quo-

239 2125 331 2156 niam
350 2125 455 2155 Roma
470 2124 626 2153 vestrum
641 2124 695 2153 est
711 2130 810 2162 opus,
827 2122 931 2153 etiam

238 2175 271 2205 in
296 2175 477 2214 posterum
495 2172 525 2202 ei
544 2180 754 2211 quocunque
774 2170 878 2202 modo
896 2173 933 2202 ut

239 2223 400 2259 faveatis,
426 2230 650 2262 precamur.»
682 2237 716 2242 —
756 2223 933 2252 vestr-wm-

238 2271 329 2312 opus]
359 2273 531 2311 quatenus
555 2268 676 2310 Apollo
702 2269 788 2309 (eui,
815 2271 852 2301 ut
874 2278 933 2301 so-

239 2319 304 2357 let,
341 2320 491 2359 iungitur
526 2318 640 2357 soror)
676 2320 832 2350 Aeneam
866 2319 933 2349 Ita-

239 2368 318 2400 liam
354 2371 474 2409 petere
511 2368 672 2399 iusserat.
726 2368 815 2407 virg.
846 2369 929 2399 Aen.

238 2418 275 2455 4,
307 2417 387 2450 345:
424 2418 488 2449 Sed
512 2426 597 2448 nunc
621 2417 753 2448 ltaliam
776 2426 932 2457 magnam

238 2468 389 2506 Gryneus
410 2466 542 2507 Apollo,
568 2467 701 2497 Italiam
724 2467 844 2505 Lyciae
864 2467 933 2497 ius-

237 2526 307 2548 sere
347 2525 516 2556 capessere
560 2519 672 2547 sortes.
723 2516 790 2547 (jsr.
827 2516 931 2546 etiam

238 2565 300 2597 nd.
318 2565 354 2602 -l,
380 2566 466 2603 6,2⁴
489 2574 568 2606 sqq.
592 2583 625 2587 —-
649 2566 743 2604 pars]
763 2566 931 2605 quotquot

238 2619 392 2646 Aeneam
428 2615 580 2646 comitati
617 2618 708 2646 sunt.
748 2632 779 2636 —
808 2614 934 2653 Sospite

237 2663 352 2704 mrsu]
388 2663 456 2694 «ita
488 2663 588 2700 iussi,
626 2665 663 2694 ut
686 2662 769 2694 salvi
807 2663 839 2694 in
866 2664 932 2694 lta-

982 1286 1048 1317 tice
1073 1285 1234 1325 iungunt:
1271 1287 1402 1315 tenuere
1429 1284 1548 1324 sospite
1577 1293 1677 1316 cursu

981 1335 1056 1365 litus
1079 1334 1273 1370 Etruseznn,
1300 1333 1441 1364 Lavinia
1464 1331 1574 1364 litora.

1024 1383 1140 1415 [μί-44.
1177 1383 1245 1414 sine
1266 1382 1396 1423 fraude]
1425 1383 1518 1413 «sine
1543 1382 1673 1414 damno

982 1434 1040 1464 aut
1077 1432 1231 1473 pernicie
1269 1434 1408 1463 Aeneae
1445 1432 1675 1472 omniumque

983 1482 1056 1513 eius
1081 1481 1292 1514 comitumnz
1320 1483 1359 1512 ut
1382 1480 1443 1512 Od.
1464 1481 1500 1519 2,
1528 1481 1588 1519 49,
1615 1481 1673 1512 49:

981 1532 1073 1562 Nodo
1111 1532 1240 1562 coerces
1279 1531 1428 1569 viperino
1474 1530 1677 1561 Bistonidum

980 1581 1049 1612 sine
1069 1580 1189 1620 fraude
1211 1580 1327 1611 crines.
1356 1579 1452 1617 (Male
1475 1580 1615 1611 Servius
1632 1579 1676 1610 ad

982 1632 1066 1661 Aen.
1094 1630 1129 1666 11,
1156 1629 1230 1661 242.
1259 1629 1327 1660 sine
1352 1629 1472 1668 fraude
1501 1629 1677 1669 interpre-

983 1681 1074 1710 tatur
1091 1678 1185 1710 «sine
1203 1678 1417 1719 proditione,
1432 1690 1446 1705 n
1472 1686 1579 1718 quam
1595 1681 1679 1718 poe-

982 1729 1055 1766 tae,
1086 1726 1141 1758 vel
1166 1727 1192 1759 si
1217 1728 1429 1767 purgaturus
1455 1729 1564 1765 esset,
1598 1727 1631 1757 li.
1655 1726 1674 1757 l.

982 1785 1265 1809 commemorare
1303 1775 1577 1816 haudquaquam
1614 1775 1678 1806 de-

983 1834 1106 1858 corum
1136 1825 1285 1864 suisset.)
1321 1844 1355 1847 —
1390 1825 1520 1866 Castus]
1554 1825 1675 1866 «pius,

982 1875 1037 1907 eui
1061 1876 1249 1916 propterea
1273 1874 1479 1906 favebatis.»
1511 1875 1565 1905 Sic
1588 1875 1679 1905 inee—

982 1927 1064 1960 stus,
1091 1924 1231 1964 impius,
1259 1923 1320 1954 Od.
1347 1923 1387 1961 3,
1423 1924 1459 1961 2,
1487 1923 1540 1954 30.
1582 1923 1674 1963 Virg.

982 1975 1068 2004 Aen.
1085 1973 1122 2011 6,
1142 1973 1220 2003 66¹:
1258 1973 1384 2011 Quique
1410 1974 1593 2003 sacerdotes
1619 1981 1678 2004 ea—

981 2022 1032 2053 sti.
1064 2039 1099 2043 —
1124 2021 1236 2062 Plura]
1264 2021 1490 2052 «conditurus
1519 2029 1584 2061 per
1612 2030 1678 2062 po-

983 2073 1096 2103 steros
1120 2078 1204 2102 suos
1229 2070 1416 2110 imperium
1440 2070 1586 2102 Troiano
1613 2079 1679 2111 po-

984 2120 1153 2151 tentius.»
1196 2137 1231 2141 —-
1272 2119 1541 2159 Antiquissima,
1587 2128 1677 2159 quae

984 2177 1076 2200 nune
1101 2170 1230 2205 exstet,
1258 2168 1388 2199 mentio
1412 2165 1479 2209 τῆς
1499 2165 1678 2208 ἀποικίας

984 2215 1138 2262 Φρυγῶν
1173 2218 1262 2248 duee
1298 2219 1416 2248 Aenea
1442 2217 1620 2257 reperitur
1644 2217 1677 2248 in

984 2265 1163 2308 Sophoclis
1182 2266 1389 2298 Laocoontis
1411 2267 1461 2297 Fr.
1481 2266 1554 2298 342.
1577 2266 1675 2298 Dind.

1027 2315 1141 2348 45-48.
1179 2316 1235 2356 Di]
1267 2315 1424 2356 proxime
1459 2315 1610 2346 refertur
1635 2315 1678 2346 ad

983 2364 1177 2406 Apollinem
1206 2366 1239 2395 et
1272 2365 1428 2395 Dianam.
1459 2382 1493 2386 —
1526 2365 1679 2396 senectuti

978 2415 1133 2454 placidae
1161 2414 1316 2453 quietem]
1353 2412 1676 2453 «tranquillitatem,

983 2472 1089 2504 quarn
1120 2465 1222 2495 unice
1248 2465 1386 2504 optant,
1413 2462 1558 2494 senibus
1583 2463 1676 2500 date,

983 2516 1019 2545 ut
1055 2513 1208 2554 placide,
1245 2513 1318 2543 sine
1351 2511 1417 2543 ulla
1450 2510 1608 2543 molestia
1637 2521 1678 2543 a(-

984 2563 1135 2599 miseria,
1153 2562 1299 2592 advitae
1315 2562 1420 2592 linem
1436 2560 1675 2600 perveniant.»

985 2611 1080 2644 Pind⁴
1096 2611 1144 2643 Ol.
1160 2613 1191 2648 ὕ,
1214 2612 1250 2642 22
1269 2620 1273 2640 z
1292 2611 1421 2654 ([ίρειν
1437 2607 1556 2653 γῆρας
1569 2605 1679 2642 εὕθυ.

981 2672 1056 2702 μοι·
1083 2662 1120 2700 ῖς
1151 2657 1338 2691 τελευτάν.
1375 2660 1509 2690 Placido
1538 2659 1677 2698 egregie

239 2713 318 2744 liam
345 2713 603 2753 pervenirent.»
631 2711 689 2743 Alii
715 2713 829 2743 minus
847 2715 931 2752 poe-
982 2710 1107 2741 ‹livinu-
1137 2713 1294 2743 svnevtux,
1333 2717 1422 2748 qum·
1454 2707 1518 2738 sibi
1550 2708 1675 2747 placet.
