1997 3219
674 181 749 212 ΗΒ.
778 182 815 212 ll.
865 183 901 212 (I.
930 182 980 212 Vl.

382 283 497 327 [nde
531 284 563 325 si
597 285 753 326 Parcae
785 283 1009 340 prohibent
1041 285 1231 340 iniquae.

379 363 509 406 Dulce
541 363 692 420 pellitis
724 363 876 406 ovibus
907 364 1074 407 Galaesi

381 444 551 486 Flumen
583 452 624 487 ct
655 452 828 501 regnata
858 451 999 501 petam
1030 446 1185 487 Laconi

546 527 603 567 Ru
612 539 655 566 ra
691 524 931 566 Phalantho.

379 629 448 670 llle
479 637 686 671 terrarum
720 629 818 670 mihi
850 635 1018 684 praeter
1048 644 1196 673 omnes

241 756 290 786 lo.
318 755 493 787 Galaesum
517 755 636 786 nescio
660 755 738 794 quis
761 753 855 794 apud
880 754 983 786 Henr.
1011 755 1239 796 Stephanum.
1268 775 1303 779 —
1337 758 1388 789 ⁴⁶2.
1407 758 1547 789 Phalan-

196 805 248 836 tho
271 805 295 835 T
320 812 401 836 cum
430 803 600 835 Strabone
631 806 667 835 et
697 803 886 835 Pausania:
921 805 1081 836 Phalanto
1112 807 1219 837 ceteri
1253 806 1362 838 Codd.
1390 810 1425 839 et
1457 808 1542 839 Edd.

195 862 330 886 omnes.
360 872 393 876 —
426 854 472 885 ⁸3.
503 854 608 885 omnis
629 854 664 885 T.

196 959 226 989 7.
250 958 400 999 vinnam]
427 959 614 990 «itinerum
642 957 841 990 militarium

153 1006 236 1039 olim
273 1008 317 1039 M.
357 1008 461 1039 Bruto
501 1007 590 1039 duce
629 1007 839 1039 sactorum.»

154 1057 238 1097 Epp.
259 1057 293 1093 4.
317 1057 349 1088 ll
368 1082 375 1094 ,
394 1056 429 1088 6:
448 1057 521 1088 odio
538 1058 641 1088 maris
655 1060 753 1096 atquc
767 1058 842 1088 via-

151 1114 237 1137 rum.
275 1106 380 1137 Tacit.
405 1107 493 1138 Anu.
520 1106 559 1143 2,
591 1106 647 1138 1¹4:
684 1107 711 1137 si
735 1108 842 1138 taedio

149 1155 284 1186 viarum
302 1163 342 1186 ac
362 1156 466 1186 amris
483 1156 581 1196 finem
597 1156 742 1195 cupiant.
769 1156 842 1187 Iam

151 1203 279 1245 duplex
303 1212 382 1236 sese
412 1203 514 1235 offert
543 1205 773 1236 constructio:
811 1205 840 1244 l)

150 1254 235 1284 lasso
258 1253 379 1292 nutris,
406 1255 443 1284 ut
465 1253 556 1293 Virg.
582 1256 668 1285 Aen.
696 1256 730 1292 2¹,
758 1254 838 1285 478:

148 1302 225 1342 fessi
251 1310 375 1333 rerum.
422 1302 506 1333 Stat.
539 1303 647 1334 Theb.
681 1303 719 1341 3,
757 1303 839 1334 395:

149 1351 269 1391 sessum
291 1351 427 1390 bellique
448 1352 596 1390 viaeque.
626 1352 655 1391 2)
673 1351 742 1383 Sed
759 1360 841 1384 cum

149 1401 191 1430 sit
222 1400 338 1431 'nodus
370 1400 420 1432 sic
454 1399 613 1432 absolute
648 1400 714 1432 dici
746 1401 840 1432 haud

150 1449 252 1480 nimis
274 1448 429 1490 placeat,
465 1449 626 1490 praefero
652 1449 837 1490 equidem:

148 1499 188 1529 sic
210 1499 325 1529 modus
337 1498 443 1529 maris
461 1501 491 1529 et
504 1498 637 1530 viarum
660 1499 757 1538 lasso,
775 1500 841 1531 sci-

149 1546 227 1579 licet
257 1547 383 1579 harum
413 1546 655 1580 molestiarum
683 1549 788 1580 maris
811 1552 840 1580 et

148 1597 297 1633 viar-uum
334 1596 451 1636 itaque
482 1596 539 1627 hic
568 1605 709 1637 quoque
741 1596 838 1630 locus

148 1654 190 1676 ex
224 1645 263 1677 iis
299 1647 368 1683 est,
405 1644 464 1676 ubi
499 1654 562 1686 per
595 1647 838 1678 attractionem

147 1693 274 1736 duplex
310 1693 427 1726 locum
466 1694 572 1726 habet
610 1697 834 1728 constructio.

146 1744 197 1775 Sit
227 1744 343 1775 amnas
377 1744 416 1775 H.
452 1743 659 1785 Perlkampii
697 1743 838 1786 languet

147 1794 226 1834 post
240 1802 296 1824 νν.
315 1793 364 1824 Sit
379 1794 477 1824 sedes.
512 1793 627 1825 Simile
646 1796 699 1826 est
714 1797 836 1826 votum

146 1841 217 1874 Iulii
252 1841 415 1882 Polyaeni
450 1841 587 1874 Anthol.
622 1842 690 1875 Pal.
724 1844 762 1875 11.
798 1845 834 1876 7:

147 1891 194 1922 Εἰ
215 1893 280 1922 καὶ
308 1900 375 1923 σευ
405 1889 636 1931 πολύφωνος
661 1888 721 1925 ἀεὶ
745 1894 837 1934 πίμ-

148 1939 285 1981 πλησιν
316 1936 464 1980 ἅκουὰς
486 1936 538 1972 Ἤ
565 1938 692 1981 φόβος
723 1938 836 1980 εὐχο-

145 1991 268 2029 μένων
297 1985 323 2030 ἢ
352 1989 460 2034 χάρις
494 1986 729 2034 εὐξαμένων,
765 1989 835 2024 Ζεῦ

147 2039 306 2083 Σχερίης
317 2038 468 2076 ἐφέπων
482 2036 582 2082 ἱερὸν
595 2038 725 2078 πέδον,
739 2035 837 2071 ἀλλὰ

147 2088 210 2119 καὶ,
228 2083 355 2128 ἡμέων
369 2085 488 2118 Maec
505 2088 568 2118 καὶ
584 2084 750 2126 ἀψευδεῖ
759 2087 839 2122 νεῦ-

147 2147 218 2169 σον
243 2134 476 2182 ὑποσχεσίῃ,
498 2133 594 2179 Ἤδη
617 2147 686 2178 μοι
711 2135 836 2180 ξενίης

146 2184 239 2217 ciam
286 2187 423 2229 πέρας,
469 2185 508 2217 ἑν
549 2185 590 2218 δέ
625 2196 674 2227 με
712 2185 835 2233 πάτρῃ

146 2234 263 2266 Ζιυέιν
293 2234 366 2266 τῶν
396 2233 558 2272 ὀολιχῶν
588 2233 836 2278 παυσάμενον

146 2282 249 2325 καμά
256 2294 326 2315 των
332 2308 338 2315 .

187 2335 218 2364 9.
258 2334 359 2374 t'nde]
398 2334 456 2364 «Si
491 2333 627 2366 Tiburis
663 2335 834 2376 refugium

146 2384 228 2415 mihi
253 2392 270 2413 a
298 2384 366 2414 [ato
390 2382 538 2414 adverso
570 2387 733 2424 negatum
757 2387 832 2423 crit,

147 2436 261 2473 petam
280 2432 501 2463 Tarentinum
546 2433 630 2473 l-Ipp.
651 2434 685 2470 l,
712 2435 747 2471 7,
775 2434 832 2467 44:

144 2482 221 2511 mihi
246 2483 312 2511 iam
336 2491 398 2511 non
425 2482 517 2520 rcsJia.
541 2482 662 2520 uonna,
687 2484 750 2513 Sed
771 2493 834 2514 va—

143 2540 239 2561 cuum
274 2530 370 2560 Tibur·
395 2530 503 2569 placet
533 2534 593 2562 aue
622 2531 746 2563 imbelle
771 2533 833 2564 Ta-

144 2582 281 2609 rentum.

190 2630 238 2659 10.
263 2629 397 2669 pellitis]
424 2629 531 2660 Vari-0
558 2630 620 2660 ΚΒ.
648 2630 686 2666 ’2,
715 2631 749 2666 2.
778 2630 828 2662 ⁴8.

892 959 950 990 riri
975 956 1142 999 pellibus,
1179 968 1223 992 ne
1252 958 1362 1009 lana„
1388 969 1478 1001 quae
1503 970 1587 1002 pre-

892 1008 1078 1040 tiosissima
1111 1010 1202 1047 erat,
1240 1010 1330 1041 aeris
1360 1010 1482 1042 iniuria
1508 1020 1587 1042 cor-

891 1059 1115 1097 rumperetur
1160 1059 1220 1088 aut
1263 1057 1360 1090 rubis
1406 1060 1586 1100 spinisque

892 1105 1041 1137 obnoxia
1066 1107 1170 1137 esset.
1198 1107 1326 1138 Contra
1349 1109 1474 1149 priscis
1496 1112 1587 1142 tem-

891 1153 1053 1195 poribus:
1079 1155 1151 1186 Ibat
1173 1156 1242 1186 ovis
1264 1156 1346 1188 lana
1367 1166 1488 1197 corpus
1504 1161 1590 1191 ami-

891 1206 945 1234 cta
978 1212 1050 1234 sua.
1099 1203 1195 1246 Qvffl.
1231 1205 1320 1237 Fast.
1360 1207 1398 1243 2,
1435 1208 1509 1239 ⁶298.
1551 1227 1586 1231 —

892 1252 1039 1294 Galaesi]
1076 1253 1179 1284 hodie
1217 1255 1340 1287 Galaso
1374 1264 1486 1297 prope
1523 1259 1589 1289 Ta-

890 1302 1043 1333 rentum.
1070 1302 1120 1333 Ex
1137 1302 1320 1343 frequente
1339 1304 1473 1337 Galaesi
1492 1316 1589 1339 com-

890 1351 1143 1382 memoratione
1169 1352 1262 1392 apud
1283 1355 1407 1394 poetas
1425 1358 1584 1396 apparet,

888 1400 1087 1439 regionem,
1125 1409 1233 1440 quam
1264 1403 1422 1442 perfluit,
1462 1413 1587 1436 amoe-

889 1450 1071 1482 nissimam
1106 1449 1224 1482 fuisse.
1286 1452 1406 1492 «Virg.
1446 1454 1505 1485 Ge.
1543 1453 1583 1491 4,

890 1499 968 1530 426:
1007 1499 1081 1537 Qua
1113 1499 1208 1539 niger
1235 1500 1399 1532 humectat
1426 1504 1585 1543 flaventia

887 1547 978 1578 culta
1012 1547 1188 1587 Galaesu83
1235 1551 1270 1580 et
1304 1550 1473 1583 Titurius:
1522 1552 1586 1583 Ta-

886 1596 1094 1628 rentinorum
1115 1597 1288 1629 hortorum
1312 1600 1368 1638 qui
1390 1601 1479 1640 yeris
1505 1602 1587 1632 odo·-

888 1654 973 1676 res.»
1000 1646 1120 1677 Senon.
1149 1646 1253 1684 CRL'Q.

932 1695 983 1725 Μ.
1008 1698 1153 1735 »regnata
1167 1713 1186 1718 -
1202 1696 1342 1738 Laconi]
1368 1697 1514 1731 Prorsu‘s
1535 1701 1584 1732 sic

886 1743 978 1784 Virg.
1013 1745 1099 1775 Aen.
1137 1744 1173 1783 6,
1220 1744 1300 1777 794:
1347 1752 1491 1788 refflzata
1522 1759 1586 1789 per

886 1801 972 1823 arva
995 1793 1152 1825 Saturno.
1204 1795 1301 1826 Ovid.
1329 1796 1409 1828 Her.
1437 1798 1495 1836 110,
1522 1799 1580 1830 69:

886 1842 978 1872 tellas
993 1842 1077 1874 iusto
1096 1847 1240 1884 requam
1256 1847 1410 1884 Ρανεηιίς
1437 1846 1583 1880 ulterius

886 1891 992 1923 etiam
1031 1893 1231 1933 procedens
1272 1895 1378 1926 Tacit.
1418 1896 1503 1927 Hist.
1543 1898 1578 1936 11,

887 1940 944 1971 46:
974 1942 1141 1982 flentibus,
1167 1951 1253 1981 quae
1276 1948 1471 1984 rcynantur.

930 1989 981 2021 42.
1007 1991 1202 2032 Phalantho]
1222 1992 1454 2027 «Phalanthus
1471 1996 1582 2027 Lace—

887 2037 1093 2071 daemonius
1126 2040 1187 2072 suit
1218 2042 1350 2075 eiectus
1374 2044 1484 2083 patria
1515 2045 1581 2077 hac

887 2087 930 2118 de
955 2096 1080 2127 causa,
1117 2090 1211 2129 quod
1235 2090 1440 2124 absentibus
1470 2094 1581 2126 Lace-

887 2135 1081 2169 daemoniis
1104 2137 1196 2169 bello
1219 2140 1436 2172 Messeniaco
1457 2151 1580 2176 eorum

887 2184 976 2216 filiae
1011 2194 1054 2217 ex
1083 2187 1194 2218 servis
1229 2189 1392 2227 gravidae
1428 2198 1580 2231 pepere—

886 2236 979 2273 rant,
1014 2243 1103 2275 quos
1127 2235 1214 2268 filios
1239 2236 1295 2268 tali
1320 2237 1421 2279 culpa
1445 2241 1579 2279 genitos

886 2284 1142 2330 (παρθενίους)
1166 2288 1299 2319 reversi
1323 2297 1342 2320 a
1359 2288 1451 2321 bello
1469 2292 1579 2323 Lace—

885 2334 1059 2366 daemonii
1099 2337 1208 2376 patria
1250 2337 1450 2377 eiecerunt‚'
1488 2348 1578 2380 quo-

885 2392 962 2415 rum
987 2384 1057 2415 dux
1081 2384 1291 2418 Phalanthus
1316 2387 1392 2425 suit,
1427 2389 1485 2429 qui
1510 2390 1577 2420 Ta-

885 2434 1056 2466 rentinam
1075 2434 1229 2467 condidit
1245 2437 1437 2476 civitatem,
1457 2440 1493 2469 ut
1511 2438 1576 2468 scr-

885 2484 956 2521 tur,
987 2486 1131 2515 octavus
1160 2484 1204 2515 ab
1231 2484 1413 2517 llere-ule.»
1450 2488 1570 2518 senon..

884 2532 987 2568 Cnuo.
1018 2532 1143 2565 Strabo
1173 2533 1203 2564 6.
1230 2543 1263 2575 p.
1291 2533 1364 2566 426.
1396 2536 1512 2567 lustin.
1539 2536 1572 2571 3.

883 2580 913 2612 4,
940 2582 1082 2621 Dionys.
1110 2583 1242 2623 Perieg.
1268 2584 1347 2615 3715:
1386 2582 1510 2627 Τάρας
1540 2584 1570 2616 δ’

881 2626 974 2670 ἁλὸς
1021 2629 1152 2673 ἐγγύθι
1199 2636 1338 2670 κεῖται,
1381 2628 1446 2665 ιἨν
1488 2636 1568 2666 ποτ’

145 2676 277 2709 ‹zolum
313 2678 350 2713 7,
386 2678 415 2710 4.
459 2677 539 2710 ΙἸίη.
574 2678 612 2713 8,
639 2679 690 2710 427,
732 2678 830 2711 Sole·
878 2674 1106 2720 Ἀμυκλαίων
1130 2680 1362 2713 ἐπολίσσατο
1388 2680 1569 2728 καρτερὸς

146 2725 224 2756 bani
249 2736 333 2757 oves
357 2728 507 2758 maxiuw
525 2728 729 2759 Tam-nunno
747 2737 830 2768 ope·
871 2725 990 2772 Ἤρης.
