1997 3219
723 224 797 254 ΜΒ.
827 223 849 253 l.

479 326 650 367 Tartara
682 324 942 367 Panthoiden
975 326 1125 367 iterum
1157 325 1270 367 Orco

900 223 937 253 tt.
966 222 1108 254 xxviii*
1563 219 1634 260 1355

1589 323 1634 363 lt)

252 405 513 448 hemissum.
547 404 754 460 quamvis,
789 403 926 460 clipeo
959 404 1135 446 Troiana
1168 404 1298 446 refixo

472 486 680 541 Tempora
710 491 887 527 testatus

900 519 906 527 .
939 484 1039 526 nihil
1070 484 1176 526 ultra

249 592 408 632 Nervos
440 596 567 645 atque
600 596 740 631 cutem
771 589 893 630 morti
925 595 1195 631 concesserat
1228 595 1365 630 atrae.

473 668 616 711 Indice
648 675 688 709 te
721 682 804 709 non
837 668 1036 710 sordidus
1067 676 1215 711 auctor

284 794 331 827 ti.
358 794 396 834 te]
424 802 472 824 nze
496 793 620 825 Nescio
645 793 722 832 quis
747 792 842 833 apud
867 792 1170 832 Cuninghamium.

193 910 247 937 tnr
272 914 309 935 «a
335 907 426 936 terra
443 905 600 941 amotus,
626 901 797 933 ablatus.»
825 901 890 941 (Al-

193 959 304 987 teram
331 953 654 994 interpretationem
675 953 818 983 secutus
835 953 888 982 est

194 1003 349 1040 Liibker,
376 1011 445 1033 non
470 1002 552 1033 satis
577 1000 762 1032 attendens
782 994 888 1031 ἀντί-

194 1053 319 1091 Slvom3
354 1051 439 1091 (etsi)
465 1051 610 1082 conviva
645 1049 793 1081 deorum
817 1050 884 1080 cet.

192 1104 314 1134 Nostra
351 1110 391 1132 ex
424 1101 556 1132 ratione
590 1101 660 1131 est:
699 1099 885 1137 Tithonus,

192 1152 256 1183 etsi
287 1152 320 1182 in
351 1149 487 1182 caelum
521 1148 564 1180 ab
589 1150 721 1180 Aurora
753 1149 885 1188 raptus,

192 1203 310 1232 tamen
327 1199 479 1239 denique
497 1197 640 1235 occidit,
665 1198 746 1238 quia
763 1197 888 1227 coniux

193 1247 489 1281 immortalitatem
522 1248 552 1279 ei
589 1256 608 1277 a
643 1247 722 1277 Iove
758 1245 888 1287 pacisci

193 1298 298 1330 oblita
325 1297 423 1337 erat.)

234 1348 265 1378 9.
302 1346 419 1387 Minos]
446 1345 571 1385 Odyss.
609 1354 644 1383 τ,
680 1344 761 1375 479:
797 1340 887 1382 Διὸς

191 1394 360 1439 μεγάλου
386 1391 587 1440 ὀαριστής,
622 1394 680 1434 qui
712 1393 888 1424 admissus

191 1446 336 1478 secretis
353 1445 442 1476 lovis
459 1442 639 1483 colloquiis
657 1442 700 1473 ab
719 1450 761 1473 eo
778 1440 885 1481 leges⁷

192 1504 278 1535 quas
304 1493 467 1526 Cretibus
484 1492 602 1530 daret,
629 1492 827 1531 acceperat.
850 1508 884 1512 —

190 1543 381 1583 habentque]
418 1544 454 1573 ut
489 1542 580 1581 Virg.
614 1542 700 1572 Aen.
732 1541 765 1577 l,
803 1540 885 1570 555:

193 1594 250 1625 Sin
276 1596 306 1624 {e
319 1610 335 1615 -
353 1593 473 1624 Pontus
494 1591 599 1622 habet.

236 1642 287 1673 40.
316 1642 366 1672 tt.
396 1640 549 1681 Tartara]
576 1640 643 1671 hoc
661 1637 738 1670 loco
756 1647 825 1670 non
842 1638 886 1670 de

192 1692 438 1723 damnatorum
456 1689 541 1721 sede
556 1715 561 1727 ,
581 1688 645 1721 sed
662 1688 706 1720 de
723 1689 887 1720 universo

191 1743 298 1778 Orco,
325 1742 358 1771 ct
383 1740 432 1771 sic
458 1739 526 1770 iam
543 1739 676 1770 Graeci.
715 1738 887 1778 Theognis

193 1790 293 1821 4036:
321 1783 413 1819 ὅταν
437 1783 555 1820 αὐτὸν
579 1784 734 1829 (θνητὸν
754 1782 886 1831 ἄνδρα)

192 1835 261 1884 ἔχῃ
287 1836 481 1884 Τάρταρος
505 1834 662 1882 ἧερόεις.
685 1855 720 1859 —
737 1837 890 1868 I'anlhoi-

192 1888 270 1929 den]
311 1887 405 1919 Iliad.
448 1897 473 1918 π
489 1911 496 1925 ,
537 1887 623 1918 808:
667 1884 887 1928 Πανθοίδης

192 1933 417 1982 Ei‘qopsn‘og7
454 1933 498 1976 ὃς
528 1932 679 1978 ἡλικίην
702 1935 888 1968 ἐκέκαστο

182 1983 312 2028 ’Ἕγχεϊ
336 1986 367 2017 θ’
392 1983 583 2031 ἱπποσύνῃ
608 1995 648 2017 τε
673 1982 834 2017 πόδεσσί
850 1994 888 2016 τε

193 2035 500 2080 καρπαλίμοισιν.
532 2038 556 2067 Α
575 2034 733 2067 Menelao
750 2035 888 2066 occisus

195 2087 266 2116 est:
301 2087 485 2125 propterea
520 2085 618 2123 Argis
651 2083 784 2124 clipeus
814 2084 888 2115 eIus

193 2135 328 2165 ‹tnta-tus
364 2134 484 2164 lunoni
523 2132 586 2172 <vel
620 2133 815 2170 Minerxae,
854 2134 890 2163 ut

194 2184 239 2214 ait
265 2183 433 2214 Maximus
457 2182 581 2221 Tyrius
607 2181 660 2220 -16,
686 2182 717 2212 2.
746 2181 804 2212 ubi
822 2180 891 2212 ele-

194 2235 315 2272 ganter
338 2232 520 2264 historiam
545 2231 686 2271 narrat).
734 2232 826 2269 lam,
853 2233 891 2262 ut

194 2284 333 2313 ycteres
369 2280 635 2318 fabulabantur,
674 2281 890 2321 Pythagoras

195 2330 394 2361 attirmabat
418 2339 454 2362 sc
483 2330 621 2361 Troiani
645 2328 725 2361 belli
752 2332 890 2371 tempo—

196 2380 292 2411 ribus
325 2379 429 2410 suissc
460 2378 705 2419 Euphorbum,
744 2381 817 2411 tum
848 2388 889 2411 ex

195 2429 268 2460 aliis
293 2429 325 2460 in
351 2427 414 2459 alia
439 2429 608 2468 migrasse
625 2437 790 2470 corpora,
818 2430 892 2460 tan-

195 2479 277 2510 ‹tem
303 2478 536 2517 Pythagoram
564 2478 703 2508 sactum.
754 2479 815 2509 Cui
840 2479 888 2509 rei

196 2530 230 2558 ut
258 2526 363 2558 tidem
389 2528 538 2563 faceret,
569 2525 719 2566 clipeum
746 2528 778 2558 in
804 2530 891 2559 tem-

196 2576 252 2617 plo
277 2576 366 2608 inter
389 2575 453 2607 alia
478 2571 712 2616 ἀναθήματα
733 2577 887 2614 affixum,

197 2634 316 2662 suum,
337 2634 417 2657 cum
436 2625 644 2666 Euphorbus
661 2628 766 2664 esset,
785 2626 890 2658 fuisse

197 2674 444 2708 contendebat.
472 2675 608 2715 hocque
631 2675 743 2715 ipsum
762 2684 889 2707 nomen

198 2724 402 2764 inscriptum
428 2723 539 2764 clipeo
565 2733 643 2755 mox
669 2726 792 2765 refixo,
826 2725 890 2756 (le-

199 2776 326 2807 tracto.
359 2782 401 2805 eo
436 2775 616 2814 repertum
648 2782 726 2805 esse
762 2774 887 2806 serunt.

1114 903 1132 924 ’ὃ

1119 927 1133 933 “
1148 928 1153 940 t

939 903 1086 933 Pausan.
1194 903 1239 933 17.
1274 903 1370 943 Diog.
1397 905 1509 935 Laert.
1537 905 1572 941 8,
1600 906 1630 935 5.

939 951 1051 983 Schol.
1085 952 1129 983 ad
1159 952 1262 992 Soph.
1297 952 1420 984 Electr.
1454 954 1505 984 62.
1535 954 1630 985 Ovidi

939 1001 1018 1032 Met.
1046 1002 1106 1038 45,
1142 1001 1215 1032 ⁴63.
1255 1019 1288 1023 —
1317 1003 1435 1033 ilerum
1459 1003 1543 1033 Orco
1566 1004 1633 1034 De-

936 1050 1082 1091 missum]
1110 1051 1205 1082 «Etsi
1231 1049 1533 1093 παλιγγενεσίαν,
1565 1062 1634 1093 με-

937 1097 1208 1140 τεμψύχωσιν,
1242 1109 1350 1141 quam
1375 1102 1545 1139 docebat,
1578 1101 1633 1133 illo

939 1148 1044 1180 modo
1069 1150 1214 1182 testatus
1240 1151 1333 1189 erat,
1369 1152 1486 1182 tamen
1517 1151 1634 1182 denuo

939 1198 1026 1229 mori
1051 1199 1082 1229 ei
1107 1207 1255 1231 necesse
1281 1200 1342 1231 suit
1366 1209 1530 1241 nuncque
1551 1209 1633 1232 eum

939 1247 1064 1278 retinet
1081 1248 1201 1287 Orcus⁷
1221 1248 1325 1280 hodic
1343 1258 1517 1290 nusquam
1536 1258 1634 1281 com-

938 1298 1076 1336 paret.»
1117 1298 1167 1328 Dc
1201 1299 1462 1330 constructione
1490 1299 1532 1330 et'.
1562 1300 1630 1330 sat.

937 1345 969 1382 2,
1004 1346 1043 1383 5,
1077 1344 1131 1377 49.
1162 1345 1271 1377 Plaut.
1307 1348 1404 1388 Capt.
1433 1347 1470 1386 3,
1501 1349 1538 1386 5,
1573 1347 1630 1380 34:

939 1394 1078 1433 Quando
1104 1412 1122 1417 —
1149 1413 1166 1417 -
1194 1398 1224 1426 tc
1248 1397 1347 1427 morti
1376 1397 1506 1428 misero.
1538 1397 1630 1437 Virg.

937 1444 1022 1474 Aen.
1057 1444 1096 1481 ἓ,
1129 1443 1210 1475 398:
1241 1445 1360 1476 multos
1389 1446 1548 1477 Danaum
1577 1447 1634 1478 cle-

937 1492 1095 1523 mittimus
1119 1493 1214 1524 Orco.

982 1541 1033 1572 42.
1062 1541 1112 1572 113.
1138 1542 1220 1573 nihil
1240 1542 1331 1573 ultra
1347 1543 1428 1584 cet]
1448 1545 1633 1585 «corporis

938 1589 1119 1621 dumtaxat
1162 1592 1342 1623 exuvias.»
1398 1592 1634 1638 Περίᾳρασις

938 1639 1003 1670 ista
1038 1648 1106 1670 non
1144 1642 1215 1671 tam
1251 1641 1381 1672 ironica
1412 1641 1467 1673 vel
1500 1643 1633 1673 comica

938 1690 1007 1727 est7
1036 1690 1073 1720 ut
1089 1689 1218 1729 opinati
1235 1691 1315 1721 sunt
1330 1691 1539 1732 interpretes
1557 1693 1635 1732 qui-

939 1737 1040 1775 dam⁷
1068 1747 1173 1778 quam
1199 1739 1369 1778 significat
1385 1742 1631 1781 Pythagoram,

939 1787 1117 1828 Euphorbi
1140 1796 1222 1819 cum
1239 1788 1390 1829 clipeum
1408 1792 1632 1829 monstraret,

939 1836 1155 1875 affirmasse,
1175 1846 1224 1876 se,
1245 1839 1349 1869 animi
1368 1839 1635 1871 immortalitatis

939 1887 1094 1925 certum,
1124 1896 1252 1928 corpus
1278 1889 1379 1919 morti
1404 1888 1634 1921 libentissime

940 1936 1179 1975 concessisse,
1217 1946 1298 1969 cum
1331 1938 1405 1978 ipse
1437 1947 1478 1969 ex
1511 1938 1576 1970 alia
1601 1941 1633 1971 in

939 1984 1044 2016 aliam
1068 1984 1216 2016 sormam
1241 1987 1451 2019 transiturus
1469 1990 1574 2019 essct.
1597 2006 1631 2010 —

939 2035 1064 2065 Nem-os
1087 2037 1186 2073 alque
1208 2036 1323 2077 cutem]
1349 2037 1528 2068 Immerito
1545 2038 1633 2069 haec

940 2093 958 2114 a
984 2083 1103 2115 nescio
1136 2092 1205 2123 quo
1235 2086 1417 2125 tamquam
1441 2086 1543 2117 nimis
1568 2087 1633 2117 hu-

941 2131 1033 2163 milia
1072 2133 1178 2172 atque
1217 2133 1354 2165 abiecta
1393 2137 1473 2166 sunt
1511 2144 1634 2176 reprc-

940 2182 1063 2213 hensa.
1112 2178 1165 2212 Τὸ
1197 2180 1317 2227 &apua
1350 2180 1465 2214 τοῦτο
1494 2184 1559 2216 καὶ
1588 2181 1633 2215 τὰ

942 2225 1038 2262 ὀστᾶ
1062 2230 1125 2261 καὶ
1143 2228 1210 2270 τὰς
1226 2230 1390 2276 σάρκας,
1415 2230 1484 2273 τῆς
1500 2230 1635 2274 ψυχῆς

940 2278 1129 2318 χλαινίόια
1157 2281 1223 2312 καὶ
1250 2277 1367 2324 ῥάκια
1395 2277 1541 2323 ἀσθενῆ
1569 2282 1631 2313 καὶ

940 2327 1120 2376 τρύχινα,
1173 2325 1420 2375 ἁπορῥίπτειν
1465 2327 1634 2372 ἅσμενον

939 2379 1065 2412 suadet
1089 2380 1259 2411 'Maximus
1283 2381 1362 2420 Tyr.
1391 2380 1447 2417 43,
1475 2381 1505 2411 5.

986 2429 1035 2461 tt.
1084 2429 1192 2460 Iudice
1215 2429 1254 2470 le]
1280 2430 1342 2467 Qui
1360 2430 1551 2469 Archytam
1569 2430 1634 2461 hoc

941 2480 1066 2509 nautae
1091 2478 1208 2510 (licere
1235 2480 1408 2515 statuunt,
1447 2478 1633 2519 explicant:

943 2527 1076 2559 «iudice
1109 2529 1240 2569 pariter
1264 2530 1298 2560 et
1330 2530 1363 2560 te
1393 2530 1427 2560 et
1457 2528 1632 2566 omnibus,

941 2577 999 2617 qui
1023 2577 1067 2608 dc
1093 2578 1287 2618 Pythagora
1317 2586 1474 2618 unquam
1498 2577 1634 2609 inaudi-

940 2627 1100 2658 verunt.»
1142 2627 1388 2658 Coniecturam
1412 2627 1520 2658 Iudico
1540 2635 1592 2658 me
1615 2635 1632 2657 a

941 2676 1033 2707 lanio
1059 2677 1238 2717 receptam
1265 2676 1440 2708 neminem
1467 2676 1534 2707 iani
1551 2684 1634 2716 pro-

942 2725 1104 2757 baturum
1130 2734 1209 2757 esse
1235 2725 1384 2757 conlido.
1418 2744 1448 2748 —
1479 2735 1541 2757 non
1566 2734 1635 2756 sot·-

940 2775 1044 2815 didus]
1071 2775 1124 2806 Sic
1149 2776 1262 2806 Livius
1287 2776 1345 2810 30,
1370 2775 1422 2807 45.
1452 2774 1632 2815 Polybium
