1997 3219
291 131 371 171 602
793 134 960 166 nomm
986 135 1207 168 CARMINUM

513 236 623 279 Voce
657 250 767 292 quos
798 236 981 288 reddas3
1014 232 1254 280 minuentur
1285 244 1399 280 atrae
1669 238 1721 279 35

626 316 821 360 Carmine
852 330 993 360 curae.

376 454 427 485 35.
455 455 652 486 minuuntur·
675 454 794 486 Codex
818 463 908 487 unus
932 455 1149 488 Bersmanni.

287 566 470 598 cathedras.
498 566 578 605 (Sat.
598 565 610 595 l
629 591 636 603 ,
658 563 800 606 40594.)
834 581 867 587 —
902 566 980 597 red-
1028 569 1196 605 nuuntur,
1247 565 1342 607 quod
1366 565 1538 598 nonnullis
1570 565 1719 608 placuit,

287 616 358 654 das]
385 615 539 646 «mihi».
564 615 675 646 Cantu
699 615 799 655 quasi
822 615 980 647 reddun-
1029 614 1145 647 locum
1170 624 1397 648 communem
1421 624 1574 655 eumque
1598 615 1722 647 admo-

288 667 343 696 tur
355 664 492 695 numeri
506 659 675 708 (ῥυθμοί)
690 664 828 696 etmodi
842 663 977 706 (μέλη),
1032 664 1118 696 dum
1136 666 1279 696 tenuem
1294 664 1529 706 praebuisset.
1554 683 1589 687 -—
1616 664 1722 706 atrae]

288 722 376 754 quos
419 713 496 753 quis
532 722 551 745 a
587 712 806 746 modulatore
846 713 975 746 didicit.
1028 713 1104 745 Vid.
1143 713 1188 744 ad
1218 713 1279 746 Od.
1307 713 1344 752 3,
1378 714 1415 752 4,
1442 713 1494 745 40.
1534 730 1568 735 —
1619 714 1725 746 Cui-as

294 764 348 794 Sic
372 762 435 794 Od.
455 762 495 802 4,
524 762 560 801 6,
588 762 648 795 43:
674 764 808 795 Reddidi
831 772 977 803 carmen,
1029 762 1205 795 Bentleius
1235 764 1333 804 putat
1365 771 1443 795 esse
1469 762 1576 795 solius
1601 762 1725 803 Phylli-

289 813 482 844 «cantavi.»
517 830 552 835 —
591 812 798 853 minuentur]
838 814 979 844 «Statim
1030 812 1103 851 dis,
1146 813 1266 853 utpote
1291 821 1381 852 quae
1407 812 1556 844 adverso
1583 811 1724 853 Telephi

288 861 347 893 ubi
372 863 408 892 tu
432 862 535 893 cantu
559 869 616 893 me
634 860 838 901 delectabis,
862 863 979 894 tristes
1029 870 1151 893 amore
1162 862 1396 894 contristetur.
1410 862 1554 900 Quidni:
1574 863 1722 900 «omnia,

288 920 394 942 curae
419 910 703 952 mitigabuntur.»
741 911 906 944 Consulto
926 911 981 958 ⁴fu-
1030 920 1121 952 quae
1146 920 1209 944 nos
1234 910 1358 944 ambos
1382 913 1511 952 angunt
1527 913 1586 942 tn?

288 961 405 992 turum
437 961 574 1002 posuit;
612 969 693 993 nam
722 969 892 1002 praesens
913 962 980 992 mi-
