1997 3219
690 161 764 190 irini
795 161 815 190 1.
867 162 903 189 tt.
934 160 970 190 u.
1520 158 1570 197 223

139 268 168 298 ’2.
201 266 271 298 tl-'iz
299 267 409 305 Isarae
436 265 533 296 Ater*¹
560 282 577 286 -
594 281 611 286 -
633 263 693 294 Hic
713 265 809 302 pedes
832 264 967 303 insigynis
990 263 1091 302 clipeo
1115 263 1247 302 telisque
1263 263 1410 294 resultat.
1459 263 1571 303 Atque

139 323 226 353 lianc
255 322 425 352 rationem
455 320 592 351 xidetur
621 320 798 360 praeferre
830 318 951 359 Roget.
984 319 1085 350 docte
1115 318 1296 360 disputans
1326 318 1369 349 de
1394 319 1569 357 Iugurtha„

137 377 180 408 de
205 376 287 408 Iuba
313 378 388 417 post
413 375 622 406 acerrimam
647 375 907 406 contentionem
931 374 1057 415 Thapsi
1082 373 1230 406 devicto.
1269 374 1400 405 Verum
1417 373 1466 404 sic
1484 382 1573 413 quo-

137 441 204 472 quc
231 432 349 471 peditis
377 430 551 463 ἐπίθετον
580 429 635 461 vel
665 432 799 461 temere
831 429 1008 461 delectum
1040 431 1093 461 est
1121 428 1175 460 vel
1205 429 1319 470 potius
1350 430 1425 460 sine
1451 429 1573 460 callida

137 488 288 518 invictum
313 495 457 527 prorsus
482 483 714 530 παράδοξον.
741 488 929 526 utrumque
947 494 1030 517 sane
1048 486 1168 516 contra
1186 485 1316 516 Horatii
1335 493 1483 516 morem.
1525 485 1571 516 Ex

136 544 253 574 nostra
278 545 396 573 contra
421 542 592 573 sententia
618 544 669 573 est
695 542 802 573 Mauri
827 542 907 581 post
931 541 1011 581 equi
1039 540 1199 580 generosi
1224 539 1438 580 dominoque
1464 541 1573 572 caris—

136 598 213 629 simi
237 600 388 629 mortem
413 596 644 628 immoderato
670 596 784 628 surore
809 596 948 628 accensi
974 604 1054 627 cum
1071 596 1226 627 Romano
1245 594 1331 627 illius
1350 595 1573 627 interfectore

137 653 307 684 acerrime
332 652 561 692 depugnantis
586 661 729 693 prorsus
755 652 893 692 egregia
924 652 1070 692 pictura.
1118 652 1232 691 Atque
1257 652 1295 682 ut
1319 651 1478 683 Ovidium
1502 650 1523 682 l.
1550 651 1570 682 l.

137 708 254 739 dicere
278 708 411 739 decuit:
438 709 576 747 equique
597 708 682 738 celer
702 707 869 747 fumantia
884 710 979 747 terga
1002 707 1156 745 relinqui!
1179 706 1340 745 Spemque
1362 715 1497 745 sequens
1512 716 1574 738 va—

137 772 213 794 nam
236 764 318 794 sili-a
339 764 459 802 pedes
481 766 572 794 erra!
595 763 628 793 in
653 763 739 801 (dm,
767 763 816 794 sic
841 762 929 793 mira
953 761 1041 793 haee
1066 760 1221 793 brevitas
1243 762 1359 792 Mauri
1377 763 1496 801 peditis
1519 761 1574 802 ly—

138 820 228 850 ricae
253 819 336 849 artis
360 818 598 858 magisterium
626 820 716 856 erat,
744 818 836 858 quod
863 815 1079 858 postulabat,
1105 818 1143 848 ut
1167 817 1247 858 equi
1272 817 1499 849 amissionem
1524 817 1575 849 le—

135 876 212 906 ctor
234 874 308 914 ipse
333 873 398 904 sibi
423 874 629 913 cogitatione
653 873 842 914 suppleret.

203 929 302 967 Quod
326 932 443 961 autem
468 929 511 960 ad
536 930 570 960 T.
592 929 690 960 Fabri
716 930 804 960 coni.
822 930 929 960 Marsi
953 929 1090 968 attinet,
1118 937 1200 960 cum
1216 931 1339 961 nactus
1356 929 1490 960 interea
1508 929 1574 960 sim

138 985 326 1016 editionem
352 984 502 1015 Eduardi
526 985 676 1018 Zurckii.
704 984 856 1016 Harlemi
886 985 997 1022 1696„
1030 985 1247 1016 accuratiora
1275 985 1345 1016 iam
1369 984 1413 1016 de
1438 983 1493 1015 illa
1517 992 1575 1015 re—

139 1041 230 1071 terre
255 1048 410 1080 possum.
461 1040 614 1071 Hominis
639 1039 835 1071 scholastici
860 1039 1043 1071 consilium
1073 1038 1135 1071 fuit
1158 1040 1385 1071 Dacierianae
1411 1048 1516 1071 curae
1541 1040 1574 1070 in

138 1094 478 1127 adolescentulorum
503 1104 606 1126 usum
631 1096 730 1135 quasi
755 1095 1003 1136 compendium
1028 1094 1169 1136 aliquod
1200 1094 1401 1134 elaborare3
1434 1095 1574 1127 codices

139 1151 283 1190 inspexit
310 1149 432 1181 nullos.
479 1151 552 1181 Iam
577 1159 657 1182 cum
682 1151 774 1191 apud
799 1152 979 1182 auctorem
1003 1159 1118 1190 suum,
1145 1151 1258 1183 soceri
1281 1152 1369 1183 mire
1386 1151 1575 1182 immemo-

139 1214 227 1238 rem,
254 1206 342 1236 haec
366 1206 597 1246 repperisset:
623 1206 650 1236 Il
663 1207 735 1246 sau!
760 1207 1028 1237 necessatrement
1051 1207 1111 1238 lire
1134 1207 1254 1244 Marsi,
1281 1215 1404 1238 comme
1427 1207 1509 1237 ἀαηε
1532 1206 1576 1237 ces

139 1261 257 1292 vientes
280 1262 416 1291 editions
444 1279 478 1283 -
504 1262 537 1292 in
563 1261 689 1301 quibus
714 1271 782 1293 non
808 1262 890 1293 dicit
914 1271 1028 1303 neque
1054 1263 1091 1293 ut
1115 1262 1238 1302 opinor
1261 1262 1379 1293 dicere
1403 1262 1575 1302 potuisset

143 1334 177 1338 —
205 1317 277 1356 ipsc
309 1316 526 1348 confidenter
554 1317 708 1357 scripsit:
751 1317 864 1348 «Fide
901 1318 1006 1358 antiq.
1046 1317 1155 1349 Codd.
1194 1318 1334 1358 reposui
1368 1318 1474 1349 Marsi
1509 1325 1572 1358 pro

139 1373 261 1402 Mauri.
