1997 3219
775 136 852 168 LlB.
879 136 901 167 1.
951 136 988 165 C.
1015 134 1082 165 XX.

1588 127 1602 168 1l
1613 128 1666 168 ⁶23

515 240 739 284 Conditum
767 239 870 287 levi,
903 238 1027 280 datus
1058 237 1098 278 in
1130 235 1292 278 theatro

681 321 786 363 Cum
817 318 890 361 tibi
922 318 1119 375 plausus,

515 427 622 469 Care
651 426 875 468 Maecenas
906 437 1063 480 eques,
1096 428 1142 463 ut
1171 420 1334 478 paterni
1642 418 1666 456 5

514 506 716 549 Fluminis
747 505 866 562 ripae
897 502 1020 546 simul
1052 509 1093 545 et
1122 502 1267 544 iocosa

513 586 728 630 Redderet
756 584 906 627 laudes
936 583 1011 626 tibi
1042 582 1228 625 Vaticani

682 665 834 708 Montis
865 665 1017 721 imago.

323 806 352 837 3.
380 805 458 837 elci-i
482 806 569 837 Pott.
595 805 745 845 septem.
774 820 810 825 -
837 803 867 833 5.
895 802 980 833 Care
1002 799 1276 839 BhSTcd,LCtF:
1309 800 1405 831 Clare
1434 808 1476 830 ex
1507 807 1576 830 uno
1606 797 1626 828 2.

279 854 388 889 Bentl.
416 858 447 887 ct
474 856 516 887 M.
559 854 607 894 (Ut
632 861 708 891 nos,
733 852 775 893 J.)

237 975 431 1014 Amphorae,
482 972 578 1003 «Lei-i
601 971 704 1011 igitur
727 978 804 1009 eg0,
830 977 930 1001 sum-

239 1033 294 1055 ma
319 1023 447 1055 laetitia
472 1020 595 1058 elatus,
622 1028 701 1051 cum
719 1018 844 1060 plausu
868 1027 930 1049 ex-

239 1075 364 1113 ceptus
388 1080 488 1103 esses
513 1072 546 1103 in
577 1070 758 1102 theanen:
792 1069 843 1108 (ut
865 1067 927 1098 Od.

242 1124 271 1158 Ξ,
300 1123 350 1158 17,
379 1122 449 1154 25
480 1121 537 1161 qui
563 1119 706 1160 plausus
729 1117 824 1149 idem
848 1124 928 1148 esse

239 1171 377 1203 videtur
402 1180 482 1202 cum
508 1179 561 1207 eo,
588 1176 693 1209 quem
717 1168 774 1199 hic.
797 1174 932 1198 memo-

240 1223 310 1251 rat:
345 1229 426 1251 nam
460 1228 524 1260 per
553 1219 735 1257 utriusque
765 1215 929 1248 carminis

241 1272 381 1309 tempus
416 1269 535 1308 utique
570 1267 638 1298 hoc
677 1266 781 1297 statui
818 1264 928 1304 licet:)

242 1320 335 1350 «iam
372 1320 454 1349 tunc
490 1317 556 1348 lioc
583 1317 703 1347 vinum
732 1314 792 1346 tibi
825 1314 928 1346 tacite

242 1366 426 1408 pollicitus,
445 1366 504 1398 ubi
522 1364 708 1405 aliquando
724 1371 826 1396 meus
843 1372 930 1395 con-

243 1417 320 1448 viva
345 1424 425 1447 esse
449 1414 590 1446 velles.»

282 1467 312 1497 5.
347 1464 440 1505 Care]
465 1465 502 1496 In
527 1463 583 1495 tali
608 1463 728 1495 odario
751 1461 929 1494 familiaris

239 1525 280 1547 ae
305 1514 431 1546 blanda
456 1513 618 1546 allocutio
642 1513 744 1544 unice
768 1513 866 1553 apta,
892 1513 931 1542 ut-

240 1564 301 1596 od.
344 1565 374 1601 Ξ,
413 1564 467 1601 20,
507 1563 542 1594 7:
584 1562 706 1594 Dilecle
742 1563 928 1600 Maecenas,

241 1613 348 1654 Epod.
377 1613 406 1649 4,
434 1613 468 1644 2:
504 1611 614 1643 Amice
638 1612 831 1648 Maecenas,·
860 1619 930 1643 non

241 1663 342 1701 clare,
367 1664 405 1693 ut
429 1662 576 1693 coniecit
601 1660 721 1692 Lamb.
748 1660 792 1691 ad
815 1660 878 1692 Od.
897 1661 929 1699 Ξ,

243 1713 293 1744 ΞΟ,
312 1712 342 1743 7.
362 1711 567 1752 recepitque
584 1718 626 1741 ex
642 1718 712 1741 uno
725 1709 810 1741 Cod.
825 1711 932 1741 Bent-

245 1761 342 1792 leius.
379 1761 449 1792 lloe
473 1760 568 1791 enim
591 1760 667 1800 ipso
691 1758 840 1791 molesto
861 1760 934 1800 epi-

245 1811 340 1842 tlieto
357 1810 568 1842 Maecenatis
585 1809 798 1849 prudentem
814 1808 935 1841 laesis·-

243 1862 295 1890 set
330 1859 551 1891 modestiam.
608 1858 728 1898 Neque
765 1857 932 1899 appellari

243 1908 395 1939 debebat
421 1916 484 1949 pro
508 1906 587 1939 lect.
613 1907 702 1938 clare
729 1907 791 1938 Od.
820 1908 851 1945 3,
878 1908 930 1945 46,

246 1958 300 1988 20:
333 1958 521 1994 illaec-enas,
546 1957 690 1995 equitum
713 1957 826 1994 decus‚·
851 1966 934 1997 par—

247 2007 320 2041 tim,
346 2006 425 2045 quia
443 2007 551 2036 totum
569 2004 650 2035 illud
667 2013 810 2037 carmen
829 2005 936 2037 subli-

248 2055 366 2086 mioris
391 2056 443 2084 est
469 2052 603 2091 indolis,
630 2055 755 2094 partim
780 2055 860 2094 quia
884 2055 934 2086 sic

246 2104 360 2134 vocari
397 2105 534 2144 poterat
565 2103 678 2143 quivis
715 2103 787 2135 sere
823 2112 935 2143 eques

247 2156 421 2185 nonianus
450 2152 602 2184 illustris.
638 2171 672 2176 ·-
709 2153 815 2195 eques]
852 2154 934 2194 «qui

246 2204 403 2242 equestri
442 2202 563 2233 ordine
602 2205 805 2241 contentus,
845 2212 936 2234 nun-

247 2261 352 2292 quam
388 2252 524 2282 intiiusti
560 2251 770 2286 honoribus,
806 2251 935 2292 quibus

248 2305 382 2333 tamen.
408 2302 435 2331 si
461 2309 629 2341 cuperes,
657 2305 689 2333 te
713 2301 862 2333 libenter
878 2311 937 2334 ex-

248 2349 382 2381 tolleret
407 2351 571 2380 ‹mesni-m
600 2350 669 2381 Hae
694 2352 787 2382 enim
811 2351 936 2383 mode-

248 2401 310 2430 stia
337 2408 422 2429 usus
447 2402 481 2429 et
506 2397 650 2430 liberius
674 2400 815 2432 vivebat
831 2401 935 2432 homo

248 2448 400 2480 inollitiei
426 2448 572 2479 stmlcns
597 2451 701 2489 atque
727 2450 865 2482 inanem
891 2450 938 2482 sa-

248 2500 357 2533 stum,
384 2507 490 2537 quo-m
517 2498 667 2529 honores
692 2500 722 2530 ei
748 2500 937 2540 imposuis-

249 2550 338 2583 sent,
356 2547 526 2579 «imitans.
554 2550 587 2577 ct
605 2548 714 2587 magis
732 2548 935 2589 popularem

249 2606 285 2626 sc
305 2596 496 2636 praebebat
514 2596 731 2637 aliorumque
749 2606 936 2638 procerum

250 2646 411 2677 unx-idiunt
430 2647 543 2678 minus
561 2646 745 2677 excitabat
779 2648 934 2688 l'ropert.

249 2695 279 2726 3.
307 2695 337 2729 9,
369 2696 400 2725 l:
429 2696 600 2726 ,llam-enas
623 2704 718 2735 eques
741 2696 878 2726 mrum-0
901 2697 939 2727 de

978 968 1138 1008 sanquine
1160 975 1288 1008 regum,
1312 967 1408 998 Intra
1428 967 1599 1007 fortunam
1615 967 1670 1005 qui

979 1018 1071 1056 cupis
1093 1025 1158 1047 esse
1180 1019 1282 1047 tuam.
1331 1014 1451 1047 Vellei.
1477 1016 1509 1053 ⁶2,
1535 1015 1593 1047 88:
1624 1016 1672 1046 vi-

978 1067 1031 1098 xit
1057 1066 1189 1111 angusti
1217 1065 1303 1096 clavi
1329 1065 1394 1106 fine
1421 1067 1599 1096 contentus.
1633 1082 1669 1086 —

975 1115 1120 1156 paterni]
1150 1114 1286 1146 Tiberis
1315 1113 1359 1145 ab
1384 1114 1521 1145 Etruria
1545 1113 1671 1145 urbem

979 1164 1102 1196 inssuit.
1152 1164 1288 1195 Tuscum
1317 1163 1448 1195 alveum
1474 1165 1577 1195 vocat
1608 1163 1669 1194 Od.

980 1214 1011 1253 3,
1038 1215 1069 1252 7,
1095 1214 1148 1245 ⁶28.
1185 1214 1307 1252 Lydius
1331 1212 1434 1244 Tibris
1456 1214 1511 1244 est
1531 1211 1672 1253 Virgilio

979 1264 1064 1294 Aen.
1091 1263 1122 1300 ⁶2,
1148 1262 1223 1294 78³¹.
1261 1261 1368 1294 Cilnia
1385 1263 1504 1293 autem
1528 1270 1614 1302 gens
1631 1270 1672 1292 ex

980 1312 1127 1350 Arretio,
1142 1311 1301 1343 Etruriae
1315 1310 1456 1352 oppido.
1476 1311 1538 1342 Od.
1551 1311 1583 1350 11,
1596 1311 1626 1349 4,
1640 1311 1669 1341 4,

1023 1361 1053 1392 7.
1098 1360 1259 1402 Vaticani]
1283 1361 1377 1392 Echo
1398 1360 1443 1392 ad
1465 1359 1670 1398 Ianiculum,

981 1409 1078 1442 collis
1100 1410 1258 1442 Vaticani
1281 1411 1432 1452 partem,
1459 1419 1550 1450 quae
1575 1419 1593 1441 e
1613 1418 1673 1441 re-

978 1461 1079 1500 gione
1108 1462 1184 1491 erat
1216 1460 1342 1492 theatri
1366 1460 1522 1501 Pompeii
1546 1459 1673 1500 lapidei

980 1512 1012 1542 in
1051 1510 1184 1551 Campo
1231 1509 1373 1549 Florae,
1419 1509 1538 1542 medio
1582 1510 1674 1540 inter

980 1562 1171 1599 utrumque
1196 1559 1322 1591 Tiberi.

1024 1609 1054 1640 8.
1096 1609 1218 1650 imago]
1253 1603 1292 1641 ut
1315 1610 1377 1641 Od.
1411 1611 1441 1647 l,
1475 1610 1527 1648 42,
1559 1609 1594 1641 3:
1628 1610 1676 1641 io-

980 1667 1055 1690 cosa
1081 1659 1203 1699 imago,
1229 1661 1356 1691 neutro
1379 1658 1457 1691 loco
1482 1659 1600 1691 addito
1614 1669 1675 1691 vo—

980 1709 1044 1747 cis,
1080 1710 1118 1739 ut
1152 1709 1245 1748 Yirg.
1277 1710 1336 1740 Ge.
1369 1708 1401 1747 4,
1434 1709 1492 1740 50:
1523 1710 1676 1749 vocisque

981 1759 1105 1798 offensa
1126 1758 1263 1789 resultat
1285 1758 1408 1798 imayo.
1446 1759 1568 1790 Montis
1593 1759 1676 1790 ima-

981 1816 1022 1848 9⁰
1046 1808 1111 1846 est,
1137 1815 1229 1847 quae
1252 1806 1349 1838 velut
1364 1809 1399 1839 in
1414 1810 1534 1839 monte
1551 1808 1675 1840 sedem

982 1856 1113 1888 habeat
1137 1858 1171 1888 et
1194 1856 1275 1888 inde
1298 1866 1425 1888 vocem
1448 1857 1586 1889 reddat,
1612 1858 1676 1889 Se-

983 1914 1070 1937 neca
1095 1906 1219 1937 Troad.
1247 1906 1325 1938 409:
1350 1905 1565 1946 habitansque
1587 1907 1678 1938 cacis

982 1955 1145 1987 montibus
1191 1956 1290 1987 Echo.
1338 1957 1500 1988 Bossan.
1561 1958 1675 1996 Atque

984 2004 1144 2043 omnim,
1177 2005 1349 2046 quidquid
1376 2008 1497 2038 contra
1522 2006 1677 2046 disputat

986 2054 1024 2085 Η.
1052 2053 1269 2094 Peerlkamp,
1295 2055 1493 2086 rectissime
1518 2056 1569 2087 sic
1593 2055 1677 2087 dici-

986 2104 1042 2133 tur
1065 2111 1173 2134 sonus
1197 2112 1430 2143 repercussus
1447 2112 1466 2135 a
1482 2106 1613 2141 monte,
1639 2106 1676 2135 ut

985 2153 1159 2183 Ausonius
1185 2153 1291 2192 Epist.
1324 2153 1379 2190 ¹⁴25,
1405 2153 1440 2183 9:
1477 2154 1678 2192 Respondent

985 2205 1013 2232 et
1037 2211 1124 2233 scu-a
1146 2202 1289 2238 homini,'
1309 2210 1484 2241 percussus
1506 2202 1548 2233 ab
1571 2203 1678 2233 antris

984 2252 1099 2283 Sermo
1127 2252 1230 2290 redit,
1262 2252 1345 2282 redit
1374 2255 1403 2282 et
1425 2261 1597 2283 nemorum
1620 2262 1678 2283 υο-

984 2301 1065 2332 calis
1088 2301 1208 2341 imayo.
1263 2301 1413 2332 Vaticani
1442 2300 1678 2342 antepenulti-

986 2360 1042 2383 ma
1066 2350 1178 2390 brevi,
1204 2360 1286 2383 cum
1311 2351 1403 2392 apud
1429 2351 1621 2383 Martialem
1644 2353 1679 2382 et

986 2399 1185 2432 luvenalem
1199 2401 1242 2432 sit
1255 2400 1366 2440 longa,
1386 2400 1465 2431 ideo
1484 2409 1677 2441 usurpasse

987 2450 1134 2487 videtur,
1154 2451 1233 2490 quia
1249 2449 1400 2481 nonnulli
1416 2451 1515 2481 Festo
1532 2452 1677 2481 auctore

986 2502 1020 2530 et
1045 2498 1150 2531 Gellio
1169 2500 1219 2533 1¹6.
1240 2501 1290 2531 Π.
1319 2500 1421 2531 liuius
1447 2500 1596 2530 nominis
1612 2501 1679 2530 ori-

986 2550 1101 2588 ginem
1127 2558 1145 2579 a
1170 2550 1334 2580 vaticiniis
1363 2549 1590 2589 repetebant.
1624 2548 1676 2580 vel

987 2597 1178 2639 simplicius
1212 2600 1316 2630 etiaim
1353 2599 1528 2636 dieamus,
1565 2608 1604 2629 ea
1638 2598 1678 2629 li-

987 2648 1098 2679 ‹et-ntia
1125 2648 1156 2678 li.
1176 2647 1196 2679 l.
1224 2657 1326 2678 usum
1344 2656 1435 2685 esse,
1461 2656 1566 2688 quam
1585 2648 1676 2678 liautl

989 2706 1067 2727 raro
1106 2697 1138 2728 in
1181 2696 1382 2728 nominibus
1426 2698 1574 2738 propriis=
1612 2696 1676 2727 silvi
