1997 3219
343 132 422 174 644
879 133 1044 165 llORATll
1071 134 1239 166 spanos

338 226 580 267 praeferamus
605 234 772 266 expresso
796 227 922 266 poetae
956 226 1174 260 testimonia,
1217 235 1280 258 nee
1317 228 1386 258 tan]
1420 227 1555 266 angusti
1591 236 1631 257 ac
1666 225 1777 267 pusilli

340 282 445 313 animi
469 282 530 313 suit
552 282 746 321 Augustus,
774 281 833 321 qui
859 281 1016 312 carmina
1040 280 1195 312 Bibaculi
1221 283 1253 313 et
1277 281 1397 313 Catulli
1417 282 1542 313 referta
1560 280 1779 313 contumeliis

340 338 531 369 Caesarum
555 337 732 378 sapienter
757 335 929 368 tolerabat
955 337 1071 376 (Tacit.
1099 339 1185 368 Ann.
1213 336 1250 375 4,
1279 337 1359 378 34),
1384 339 1422 369 ut
1445 339 1589 379 propter
1611 338 1674 368 tria
1695 336 1780 368 libe-

340 394 430 424 riora
456 393 609 424 carmina
645 393 757 424 totum
782 392 874 423 bunc
909 390 1054 430 librum,
1093 393 1147 424 sat
1170 391 1296 424 multas
1321 393 1428 433 ipsius
1451 392 1573 424 laudes
1598 393 1779 424 continen-

339 450 427 487 tem,
455 447 605 479 celatum
630 448 796 488 cuperet,
823 455 905 478 cum
930 446 964 478 id
989 447 1064 478 tieri
1088 447 1232 479 omnino
1258 448 1434 488 nequiret3
1461 449 1661 489 quicunque
1685 449 1776 480 enim

338 502 496 542 volebat,
535 502 694 544 exempla
726 502 871 543 Epodon
904 511 922 533 a
955 504 1057 543 poeta
1091 503 1166 543 ipso
1198 504 1302 543 atque
1327 505 1378 533 tot
1409 503 1484 535 eius
1508 504 1628 535 amicis
1653 512 1777 544 parare

340 558 404 589 sibi
429 558 516 591 facili
542 567 648 598 opera
673 559 823 599 poterat.

856 741 1166 781 GARMEN
1211 742 1258 781 1.

561 840 646 883 Ibis
677 841 872 883 Liburnis
904 841 1013 883 inter
1043 841 1124 883 alta
1155 841 1345 887 navium,

426 962 448 992 l.
476 962 584 992 Inscr.
609 958 699 1000 xolg.
724 959 773 990 Ad
796 956 1043 998 Maecenatem,
1071 961 1106 991 et
1129 961 1179 992 sie
1204 960 1268 991 BT.
1299 978 1332 981 —
1361 960 1435 991 Om.
1465 968 1590 991 omnes
1614 960 1734 992 inscri-

381 1011 517 1051 ptiones
536 1010 577 1047 S,
597 1010 680 1040 item
697 1009 732 1047 h,
752 1010 900 1049 excepto
917 1008 1036 1049 Epodo
1056 1009 1106 1040 47.
1135 1027 1169 1031 -
1198 1009 1306 1041 Huius
1324 1009 1488 1042 carminis
1505 1010 1582 1041 octo
1600 1010 1734 1041 tantum

384 1069 437 1091 vv.
465 1060 498 1091 in
521 1060 546 1091 B
571 1058 744 1099 leguntur.

380 1166 404 1196 I.
444 1166 534 1196 Sane
559 1172 640 1195 euni
669 1163 737 1194 hoc
761 1171 905 1194 carmen
933 1171 1032 1194 com-

336 1214 467 1254 posuit,
495 1214 722 1245 constitutnm
747 1214 838 1251 erat,
875 1213 913 1244 ut
937 1213 1032 1245 Mae—

337 1272 443 1294 cenas
461 1263 687 1294 Octavianum
704 1262 737 1293 ln
754 1261 887 1293 bellum
903 1261 1033 1292 adver—

337 1321 396 1344 sus
414 1313 457 1344 M.
473 1312 662 1343 Antonium
679 1312 918 1348 comitaretur,
938 1310 1031 1350 quod

336 1364 455 1393 tamen
491 1360 673 1392 consilium
707 1362 830 1401 postea
859 1360 1031 1390 mutatum

337 1419 415 1442 esse
440 1411 752 1449 Maecenatemque
778 1410 907 1440 Romae
931 1418 1033 1440 nian-

337 1461 446 1499 sisse‚
487 1461 525 1491 ut
561 1459 705 1490 urbanis
744 1459 891 1498 negotiis
926 1467 1033 1499 prae—

337 1511 431 1542 esset
460 1518 501 1540 ac
533 1508 722 1540 seditiones
748 1508 895 1539 sortasse
920 1509 1032 1539 oritu-

336 1568 392 1591 ras
410 1560 546 1590 mature
564 1558 798 1598 opprimeret,
826 1558 879 1588 sat
895 1556 1031 1587 idoneis

336 1608 549 1649 argumentis
575 1606 831 1638 demonstravit
851 1606 1031 1637 Massonus

336 1659 370 1690 in
403 1657 479 1688 Vita
515 1657 595 1688 Hor.
627 1664 706 1696 pag.
734 1655 806 1687 114-3.
848 1655 1031 1695 (Tempore

334 1706 416 1738 belli
439 1706 569 1737 Actiaci
593 1706 722 1736 Romae
741 1706 777 1735 et
799 1703 914 1735 ltaliae
932 1712 1032 1744 prae-

336 1756 471 1796 positus
510 1754 649 1785 absentis
688 1752 842 1792 partibas
880 1752 1032 1784 Caesaris

336 1804 474 1835 functus
492 1805 560 1841 est7
595 1803 633 1833 ut
660 1803 706 1833 ait
721 1803 854 1833 Seneca
871 1802 933 1842 Ep.
954 1801 1028 1838 tit,

336 1854 366 1884 6.
395 1854 429 1884 et
463 1853 526 1884 Dio
563 1852 624 1890 51,
661 1852 699 1882 3:
741 1847 963 1892 Μαικήνου,
1000 1845 1029 1892 ᾧ

335 1902 400 1933 καὶ
423 1899 508 1933 τότε
532 1896 555 1943 7‘7'
580 1910 618 1932 τε
638 1896 762 1942 Ῥώμη
786 1900 851 1931 καὶ
875 1896 898 1941 ἦ
917 1897 1029 1941 λοιπὴ

331 1947 467 1982 Ἰταλία
491 1950 781 1995 προσετέτακτο.
820 1949 948 1989 Exigua
967 1958 1032 1979 au—

336 2003 407 2032 tem
432 2002 491 2032 aut
515 1998 606 2030 nulla
633 2001 685 2030 est
708 2000 741 2030 in
767 1999 832 2030 hac
858 2007 894 2029 re
913 2000 1031 2029 aucto-

333 2051 417 2081 ritas
442 2049 626 2090 Scriptoris
654 2047 747 2088 Eleg.
775 2048 809 2079 in
834 2047 891 2078 ob.
919 2048 1027 2079 Maec.

334 2099 392 2132 45:
420 2099 500 2130 Cum
520 2098 606 2138 freta
622 2097 775 2128 Niliacae
791 2099 944 2128 taverunt
961 2096 1032 2127 lala

335 2149 491 2187 carinae,
510 2148 618 2179 Fortis
635 2149 707 2178 erat
726 2147 870 2183 circum,
890 2146 986 2185 fortis
1002 2149 1031 2177 et

333 2201 409 2229 ante
432 2198 556 2228 ducem.
605 2197 692 2227 Nam
718 2194 817 2227 t'aeile
843 2194 901 2226 tali
925 2204 1031 2235 exag—

333 2246 512 2286 geratione
539 2245 587 2276 uti
610 2245 764 2285 poterat,
798 2244 855 2283 qui
876 2243 934 2274 diu
953 2245 1031 2284 post

334 2295 544 2327 Maecenatis
563 2293 696 2324 obitum
726 2293 767 2332 (a.
793 2302 825 2324 u.
842 2293 928 2332 “ili-6.)
949 2293 1032 2324 seri-

334 2345 414 2384 psit.
434 2344 673 2376 Maecenatem
686 2341 846 2373 Liburnis
864 2342 1032 2382 praefuis-

334 2402 371 2425 se
396 2394 429 2424 et
446 2393 627 2424 Horatium
645 2390 699 2422 illo
723 2392 847 2431 agente
865 2390 908 2422 ab
927 2392 1030 2422 Octa—

334 2443 436 2473 viano
470 2440 662 2472 obtinuisse
704 2438 843 2471 militiae
876 2441 1030 2471 vacatio—

334 2499 416 2522 nem
434 2491 516 2522 item
535 2488 806 2521 Scholiastarum
831 2491 910 2520 sunt
932 2498 1028 2521 mera

334 2540 480 2571 somnia.
532 2540 640 2571 «Cum
666 2539 796 2570 Caesar
834 2539 866 2569 et
900 2537 1027 2571 milites

334 2597 457 2620 omnes
481 2590 515 2620 et
539 2596 622 2619 vero
651 2587 756 2619 etiam
786 2588 968 2619 senatores
993 2589 1028 2619 et

333 2639 488 2678 equestris
504 2638 677 2678 dignitatis
693 2637 786 2669 viros
803 2637 1025 2669 Brundisium

333 2689 528 2726 evocasset,
547 2683 636 2726 τοὺς
651 2687 738 2728 μέν,
754 2682 856 2725 ὅπως
874 2695 904 2718 τι
924 2696 1024 2728 συμ-

1081 1160 1273 1207 πράξωσιν
1287 1159 1401 1205 αὐτῷ,
1418 1159 1510 1203 ’τοὺς
1527 1162 1567 1195 δ’.
1584 1158 1687 1203 ὅπως
1702 1175 1777 1206 μη-

1080 1209 1143 1243 δὲν
1172 1212 1409 1252 μονωθέντες
1432 1208 1705 1253 mommio-coac,
1732 1213 1776 1245 τό

1081 1271 1120 1292 τε
1134 1262 1336 1303 μέγιστον,
1355 1256 1459 1302 ὅπως
1474 1259 1681 1304 ἐνδείξηται
1700 1265 1778 1303 τοῖς

1081 1306 1318 1355 ἀνθρώποις,
1356 1306 1416 1343 ὅτι
1441 1312 1507 1343 καὶ
1530 1309 1573 1342 τὸ
1599 1310 1777 1344 πλεῖστον

1080 1361 1145 1391 καὶ
1178 1357 1220 1391 τὸ
1251 1358 1455 1405 κράτιστον
1483 1359 1558 1392 τῶν
1582 1357 1775 1403 Ἱ)ω,ιιαί(ι>ν

1082 1406 1383 1451 ὁμογνωμονοῦν
1407 1405 1491 1448 ’ἔχοι
1517 1411 1590 1450 (Dio
1614 1412 1668 1449 50,
1695 1412 1707 1442 11
1717 1412 1773 1451 1.),

1082 1460 1188 1490 etiam
1212 1460 1397 1491 Maecenas
1423 1460 1497 1500 (per
1521 1459 1660 1500 aliquod
1685 1462 1777 1493 tem—

1082 1508 1164 1548 pus)
1205 1517 1247 1539 eo
1287 1517 1324 1540 se
1364 1508 1551 1541 contulisse
1590 1510 1772 1542 videtur.»

1081 1558 1223 1588 Fimmzss.
1236 1558 1276 1598 (a.
1290 1566 1323 1588 u.
1337 1558 1461 1595 0723„
1477 1567 1545 1598 quo
1557 1567 1647 1589 anno
1657 1568 1771 1600 pugna

1080 1607 1217 1638 Actiaca
1244 1608 1393 1646 pugnata
1420 1609 1473 1638 est
1496 1608 1549 1638 lv.
1570 1609 1655 1638 Non.
1676 1609 1769 1649 Sept.

1080 1655 1156 1686 Vid.
1184 1654 1255 1686 Kal.
1281 1656 1382 1686 Amit.
1414 1656 1522 1687 Inscr.
1548 1665 1594 1687 m.
1624 1658 1660 1688 L.
1681 1658 1719 1688 H.
1739 1667 1772 1698 p.

1079 1704 1154 1736 398.
1186 1704 1252 1735 Cl'r.
1275 1704 1449 1735 Frandsen
1463 1706 1638 1736 Maecenas
1654 1714 1687 1746 p.
1707 1707 1772 1746 37.)

1125 1753 1196 1785 4-4.
1223 1753 1295 1794 Ibis]
1322 1754 1404 1785 Tota
1428 1755 1638 1794 propositio,
1672 1756 1710 1786 ut
1739 1757 1775 1786 et

1079 1812 1111 1833 v.
1138 1803 1190 1833 ltl.
1217 1803 1371 1833 Feremzcs
1387 1806 1593 1842 ——pecto›·e,
1627 1813 1696 1835 non
1721 1806 1774 1836 ost

1080 1851 1302 1891 interrogatio
1334 1852 1381 1891 (ut
1409 1851 1442 1883 in
1459 1852 1545 1883 Edd.
1575 1852 1772 1893 nonnullis),

1080 1900 1143 1931 sed
1167 1900 1363 1931 al'tirmatio.
1407 1901 1594 1933 «Caesaris
1626 1901 1774 1933 navibus

1080 1949 1240 1981 Liburnis
1277 1950 1350 1990 (Od.
1385 1951 1420 1988 st,
1459 1950 1516 1989 37,
1549 1950 1642 1990 30.),
1683 1960 1773 1991 quae

1080 1999 1285 2030 celerrimae
1303 1999 1458 2039 quidem⁷
1485 2000 1548 2030 sed
1573 2000 1774 2031 triremibus

1080 2047 1189 2079 multo
1220 2047 1422 2079 humiliores
1454 2051 1550 2087 sunt,
1588 2048 1653 2081 ibis
1685 2050 1776 2081 inter

1080 2098 1238 2137 ingentes
1256 2096 1329 2128 illas
1346 2098 1508 2130 triremes
1524 2099 1672 2136 Antonii,
1693 2107 1773 2130 cum

1079 2146 1146 2177 hoc
1181 2146 1477 2187 depugnaturus.»
1526 2147 1646 2186 (Minus
1678 2150 1773 2179 recte

1079 2204 1192 2236 nuper
1209 2195 1351 2236 quidam
1368 2195 1439 2226 alta
1454 2213 1472 2217 -
1488 2213 1506 2218 —
1517 2197 1773 2236 propugnacula

1080 2245 1123 2276 de
1150 2245 1309 2276 Caesaris
1335 2243 1445 2275 classe
1470 2253 1591 2276 rursus
1616 2254 1696 2277 cum
1714 2254 1773 2277 an-

1080 2293 1286 2334 tiquioribus
1303 2293 1433 2334 aliquot
1450 2294 1698 2335 interpretibus
1716 2303 1773 2326 ex-

1079 2343 1220 2384 posuit.)
1251 2361 1285 2364 —
1311 2343 1452 2374 Actiaco
1484 2342 1615 2383 proelio
1648 2343 1772 2375 Libur—

1080 2401 1204 2423 narum
1230 2390 1353 2423 auxilio
1379 2392 1567 2432 praecipue
1587 2392 1700 2423 victus
1719 2395 1772 2424 est

1079 2442 1259 2473 Antonius.
1286 2441 1406 2480 Veget.
1434 2441 1477 2472 de
1507 2442 1554 2472 Re
1579 2440 1649 2472 mil.
1675 2442 1711 2479 5,
1738 2440 1768 2472 3.

1080 2490 1141 2522 Ed.
1156 2491 1229 2531 Bip.
1249 2490 1560 2531 ——propuqnaculcq
1579 2489 1715 2522 Plin.H.
1728 2490 1767 2520 N.

1079 2539 1132 2578 32,
1153 2540 1164 2570 4
1182 2548 1188 2569 1
1213 2539 1371 2570 Armatae
1387 2539 1503 2571 classes
1522 2539 1690 2578 imponunt
1710 2537 1770 2568 sibi

1079 2588 1223 2619 turrium
1251 2588 1525 2628 propuqnaeula,
1561 2591 1597 2618 ut
1626 2588 1657 2617 in
1682 2587 1771 2617 mari

1078 2645 1206 2677 quoque
1223 2641 1390 2678 pugnetur
1412 2638 1498 2669 velat
1521 2646 1537 2668 e
1558 2636 1672 2667 muris.
1698 2635 1770 2667 Ξυ-

1077 2685 1203 2726 λίνους
1227 2683 1393 2732 πύργους
1416 2685 1551 2718 Antonii
1576 2692 1683 2716 naves
1705 2684 1769 2715 lia-
