1997 3219
727 180 808 229 ,¹⁴¹¹3·
838 181 875 211 ιι.
925 182 961 210 ‹:.
991 181 1042 211 ιιι.
1566 178 1634 220 231

547 283 709 324 Divitiis
741 283 926 338 potietur
956 283 1094 326 lieres.
1589 284 1642 324 220

436 388 620 430 Divesne
653 389 793 443 prisco
825 394 947 430 natus
979 388 1031 430 al)
1064 388 1236 435 Inacho,

433 467 494 509 Nil
529 468 717 513 interest,
751 482 802 510 an
834 482 1000 524 pauper
1032 476 1072 510 ct
1103 468 1242 510 intima

488 549 550 590 De
581 556 705 604 gente
737 548 817 590 sub
849 548 946 590 divo
980 549 1179 594 moreris,

544 628 718 671 Victima
748 628 804 669 nil
837 629 1076 671 miserantis
1108 629 1220 672 Orci.

432 737 592 776 Omnes
623 733 777 776 eodem
808 734 1022 789 cogimur,
1056 734 1244 775 omnium
1589 735 1642 775 ⁶25

431 815 631 856 Versatur
662 828 768 855 urna
800 813 940 856 serius
971 813 1091 856 ocius

486 895 588 937 Sors
621 895 783 937 exitura
816 901 857 936 et
888 908 965 936 nos
997 894 1037 935 in
1070 902 1291 938 aeternum

249 1033 300 1063 ¹22.
327 1033 415 1064 Nihil
431 1033 466 1063 Τ.
487 1051 520 1055 ——
540 1032 592 1064 23.
612 1033 665 1063 dio
683 1033 718 1070 Β,
739 1032 790 1063 Ct.
810 1050 844 1054 —-
863 1032 915 1063 ς26.
938 1041 1024 1063 urna
1040 1036 1069 1064 et
1084 1033 1187 1064 serius
1204 1033 1236 1065 S.
1256 1033 1352 1065 solus
1370 1034 1461 1065 inter
1485 1041 1596 1065 meos.

203 1157 343 1196 antiqua
369 1156 480 1187 forma
505 1156 626 1187 lavere.
649 1173 684 1177 —
703 1154 810 1186 Villae
836 1163 900 1186 au—

204 1207 274 1236 tem
299 1207 445 1246 propter
461 1205 614 1236 Tiberim
639 1205 725 1236 sitae
743 1204 787 1235 ob
807 1213 901 1236 eom-

204 1256 341 1286 meatus
366 1254 568 1286 facilitatem
593 1255 710 1295 magni
733 1254 900 1286 aestima-

206 1303 342 1334 bantur.

252 1378 298 1408 ¹9.
312 1378 644 1418 erslruetis—J)e't-iliis]
658 1377 813 1408 «acervis
824 1377 899 1407 auri

201 1428 422 1467 argentique,
456 1435 638 1464 vasorum,
670 1426 777 1458 vestis
808 1426 900 1457 stra-

202 1476 301 1517 gulae
326 1478 392 1508 cet.
419 1475 680 1507 accumulatis.»
718 1476 773 1507 Sic
794 1484 900 1515 auge-

201 1530 257 1558 tur
279 1525 463 1567 splendida
487 1534 595 1566 opum
618 1526 753 1566 imag0;
780 1534 896 1565 neque

200 1575 443 1616 accipiendum
461 1575 505 1607 de
528 1576 611 1616 ipsis
628 1574 715 1607 villis
732 1583 773 1606 ac
790 1574 896 1606 domo

201 1625 332 1657 urbana
345 1651 352 1663 ,
375 1634 462 1666 quas
478 1624 649 1656 heredem
666 1632 779 1665 aeque
796 1633 898 1656 secu-

200 1678 253 1707 tas
279 1684 357 1707 esse
382 1683 447 1716 per
470 1684 507 1706 se
533 1673 741 1714 intelligitur.
784 1674 895 1705 Etiam

200 1726 269 1756 Sat.
298 1725 334 1762 Ξ,
373 1724 411 1762 3,
449 1724 501 1755 96.
541 1723 624 1755 (lixit
658 1724 790 1754 divitias
815 1732 895 1754 eon—

199 1777 334 1805 struere.

242 1847 295 1879 2⁴.
321 1847 452 1887 Inacho]
480 1847 620 1879 «Utrum
644 1845 699 1877 vel
724 1846 895 1887 antiquis-

200 1897 287 1928 sima
312 1896 419 1936 stirpe
444 1897 540 1927 ortus
565 1896 624 1933 sis,
652 1897 699 1934 ut,
725 1897 821 1936 puta,
848 1895 892 1927 ab

200 1945 327 1977 Inacho
352 1945 419 1983 illo,
446 1945 561 1986 prisco
585 1945 794 1985 Argivorum
811 1954 893 1986 rege

201 1997 290 2026 cet.»
323 1995 414 2034 Virg.
442 1996 527 2025 Aen.
554 1995 591 2033 7,
625 1994 706 2025 37¹:
742 1995 785 2026 Et
810 1996 895 2026 Tur-

201 2054 260 2082 no,
297 2044 323 2075 si
350 2044 464 2083 prima
494 2044 608 2074 domus
632 2047 802 2083 repetatur
824 2045 895 2075 ori-

199 2103 257 2134 90,
283 2094 424 2125 [nac-hus
438 2093 647 2131 Acrisiusque
663 2096 787 2132 patres.
817 2095 895 2125 «Di—

199 2152 251 2174 ves
273 2146 392 2174 autem
417 2141 471 2174 vel
497 2142 593 2180 ideo,
621 2142 715 2182 quod
740 2151 781 2174 ex
805 2143 896 2174 anti-

199 2193 368 2233 quissima
401 2195 435 2224 et
460 2192 674 2224 nobilissima
699 2194 801 2232 gente
830 2192 895 2224 de-

198 2242 377 2274 scendis.»
426 2243 504 2274 Vim
535 2242 710 2284 poeticam
741 2242 895 2283 infrege-

199 2293 290 2329 runt,
310 2293 368 2332 qui
386 2292 631 2323 coniecerunt:
658 2292 808 2331 Divesne,
822 2292 896 2332 prt-

197 2350 250 2372 sco
274 2344 302 2373 el
327 2344 442 2378 nalus;
469 2342 554 2373 item
570 2341 742 2380 Bossctm,
767 2349 896 2382 propo-

201 2399 306 2422 nens:
352 2391 509 2429 Divesne,
551 2391 662 2430 prisco
709 2394 806 2422 natus
850 2400 894 2422 αη

198 2440 328 2471 Inacho.
350 2440 500 2471 Inachus
513 2441 631 2471 autem
647 2441 784 2480 priscae
802 2441 893 2472 vitae

198 2489 376 2530 quoddam
391 2489 490 2529 quasi
508 2489 687 2529 specimen
701 2491 775 2521 erat
788 2490 893 2521 etiam

198 2538 291 2579 apud
323 2540 485 2570 Graecos.
529 2538 597 2570 Cfr.
629 2538 742 2570 Schol.
769 2539 891 2570 Venct.

199 2588 242 2619 ad
260 2588 432 2628 Aristoph.
451 2589 527 2619 Pac.
542 2588 616 2619 531.
640 2606 674 2610 -
693 2597 737 2619 αη
750 2589 893 2630 pauper]

201 2638 259 2669 lob
291 2638 327 2675 3,
366 2638 424 2669 ⁴9:
462 2639 590 2669 Parvus
619 2641 647 2669 et
680 2647 821 2679 maanus
852 2639 895 2670 ibi

201 2688 244 2730 (in
279 2687 378 2727 Orco)
411 2687 566 2726 aequales
596 2691 686 2725 sunl,
723 2691 751 2719 el
785 2696 897 2720 servus

199 2738 280 2769 liber·
304 2747 323 2768 a
349 2738 479 2768 (Ιοιιιὶιιο
503 2746 570 2768 sun.
622 2737 716 2770 pind.
744 2738 843 2770 Nem.
863 2739 893 2777 7,

952 1156 1007 1185 19:
1030 1151 1185 1195 Ἁᾳνεός
1210 1153 1387 1201 πενιχρός
1411 1166 1449 1187 τε
1472 1156 1642 1188 θάνατον

949 1202 1052 1250 πάρα
1077 1203 1191 1246 Θαμὰ
1218 1206 1378 1237 νέονται.

994 1254 1045 1285 23.
1093 1255 1152 1285 sub
1195 1255 1285 1296 clivo]
1330 1256 1390 1286 Est
1428 1256 1642 1287 Graecorum

949 1300 1153 1348 ὑπαίθριον
1181 1302 1361 1336 διατελεῖν
1387 1303 1517 1335 Philon.
1560 1305 1639 1344 Leg.

949 1352 992 1383 ad
1024 1353 1146 1384 Caium
1175 1362 1210 1394 p.
1238 1354 1310 1385 400.
1338 1353 1451 1393 Lips.;
1484 1353 1518 1384 in
1546 1361 1640 1394 pros.

948 1403 1034 1433 orat.
1077 1402 1164 1440 «hac
1192 1401 1271 1434 luce
1301 1402 1444 1440 fruaris⁷
1482 1402 1516 1433 in
1541 1402 1643 1433 terris

947 1452 1176 1483 verseris.»——
1191 1451 1340 1492 moreris]
1356 1452 1426 1483 Cic.
1441 1451 1484 1482 de
1497 1460 1572 1482 sen.
1582 1450 1640 1482 23:

947 1500 1182 1532 Conmzorandi
1205 1504 1332 1532 natura
1348 1501 1571 1532 deversorium
1585 1510 1643 1531 no-

946 1550 1009 1589 bis,
1035 1560 1100 1582 'non
1123 1551 1293 1582 habitandi
1316 1551 1424 1582 locum
1447 1550 1543 1582 dedit.

990 1599 1043 1631 24.
1070 1600 1117 1630 nil
1132 1600 1328 1641 miserantis]
1350 1599 1489 1631 Hesiod.
1510 1599 1638 1640 Theog.

947 1648 1021 1680 456.
1035 1649 1078 1680 de
1090 1650 1197 1681 Orco:
1227 1648 1357 1691 νηλεὲς
1371 1642 1465 1694 ἦτορ
1482 1644 1594 1687 ἔχων.

988 1699 1042 1730 ⁶25.
1067 1699 1229 1740 cogimur]
1257 1699 1397 1738 «Gregis
1421 1700 1530 1731 instar
1546 1707 1643 1731 com-

945 1746 1124 1788 pellimur,
1158 1746 1427 1790 συναγόμεθα,
1453 1757 1560 1780 aurea
1586 1747 1641 1780 illa

945 1798 1106 1829 Mercurii
1129 1795 1399 1839 ψυχοπομποῦ
1420 1798 1551 1837 virga.»

987 1847 1040 1878 26.
1066 1847 1120 1878 27.
1151 1848 1307 1878 Versatur
1330 1847 1429 1888 urna]
1449 1847 1639 1887 Cogitanda

944 1897 1143 1928 Necessitas
1156 1896 1234 1935 dea,
1249 1896 1386 1941 Μοῖρα,
1402 1895 1638 1942 Εἱμαρμένη,

945 1954 1035 1986 quae
1048 1954 1173 1977 urnam
1186 1947 1292 1984 tenet,
1311 1946 1345 1977 in
1363 1955 1469 1986 quam
1483 1947 1641 1978 omnium

944 1995 1128 2026 hominum
1167 1996 1281 2027 sortes
1324 1996 1503 2027 coniectae
1542 1997 1638 2034 sunt,

945 2052 1123 2084 quamque
1132 2044 1352 2076 continenter
1358 2048 1482 2083 versat,
1494 2042 1638 2083 πάλλει,

944 2093 1065 2133 quatit.
1126 2093 1200 2124 Iam
1245 2093 1344 2124 cuius
1390 2102 1519 2126 nomen
1559 2093 1640 2126 inde

943 2142 1012 2174 emit
1036 2142 1114 2182 (hoc
1137 2150 1171 2172 v.
1196 2145 1379 2183 proprium
1403 2143 1447 2174 de
1471 2145 1565 2175 sorte
1598 2152 1639 2175 ex

945 2201 1032 2224 urna
1069 2191 1287 2232 exsiliente),
1327 2193 1410 2224 huic
1448 2191 1550 2225 fatale
1586 2194 1639 2225 est

945 2242 1046 2273 mori.
1088 2241 1149 2273 Od.
1177 2241 1215 2279 3,
1244 2243 1280 2281 vt,
1308 2242 1366 2274 46:
1403 2242 1504 2274 Omne
1526 2250 1641 2281 capax

944 2295 1050 2323 movet
1080 2301 1167 2323 urna
1198 2300 1326 2323 nomen.
1375 2292 1507 2324 Seneca
1533 2292 1635 2323 Herc.

945 2340 1010 2372 fur.
1038 2341 1094 2373 491
1114 2351 1119 2371 z
1147 2342 1269 2381 Recipit
1287 2341 1427 2381 populos
1450 2350 1538 2372 urna
1553 2341 1640 2371 eita-

944 2395 1003 2424 tos.
1039 2393 1122 2424 Stat.
1142 2391 1222 2424 Silv.
1241 2393 1273 2430 2,
1301 2393 1331 2431 4,
1357 2392 1431 2424 ⁴219.
1459 2391 1552 2423 idem
1577 2392 1639 2422 tri—

944 2442 1064 2474 buitur
1078 2442 1211 2473 Aeaco:
1230 2441 1347 2472 ibimus
1362 2450 1482 2479 omnes,
1499 2441 1638 2473 Ibimus:

946 2492 1110 2523 immensis
1131 2500 1254 2522 urnam
1277 2491 1385 2529 quatit
1399 2491 1526 2522 Aeacus
1540 2491 1635 2522 ulnis.

949 2558 983 2563 —
1001 2541 1106 2572 sertus
1128 2540 1234 2581 octus]
1259 2540 1355 2571 Ovid.
1382 2541 1462 2572 Met.
1491 2540 1550 2578 ⁴0,
1577 2539 1635 2572 33:

947 2589 1066 2621 Omnia
1108 2589 1261 2622 debemur
1299 2589 1389 2620 vobis
1421 2589 1640 2628 patellamque

945 2640 1068 2671 morali
1091 2639 1205 2671 Serius
1227 2642 1287 2670 aut
1312 2639 1407 2670 citius
1428 2638 1534 2670 sedem
1553 2648 1638 2678 pro—

942 2697 1101 2730 peramus
1137 2690 1182 2720 ad
1214 2696 1335 2724 unani:
1377 2687 1546 2720 Tendimus
1578 2688 1639 2718 huc

947 2747 1066 2770 omnes.
1098 2756 1130 2760 -
1159 2738 1295 2769 Recita:
1328 2736 1634 2770 aecer·n'E.1;ili1cm.
