1997 3219
380 204 403 243 Ν.)

409 203 431 243 ,μ

439 205 459 243 (ἐν

888 200 1053 231 ΙΙΟΒᾹἹῚΙ
1081 198 1300 230 [ἈΒΜΙΧΕΜ

600 304 810 346 ‘Barbarus
844 305 1013 360 Syrtes.
1049 302 1118 342 ubi
1153 302 1295 342 Maura
1327 314 1496 355 semper

773 386 945 425 Aestuat.
975 381 1107 428 unda,

601 489 729 531 Tibur
760 491 896 543 Argeo
927 487 1111 543 positum
1142 485 1293 528 colono
1785 485 1809 522 Γ)

603 569 663 610 Sit
692 581 813 610 meae
846 565 973 609 sedes
1004 566 1163 608 utinam
1194 572 1415 607 senectae.

605 649 665 690 S1t
694 647 846 690 modus
878 647 992 689 lasso
1022 646 1151 688 maris
1183 653 1223 687 et
1253 645 1415 686 viarum

768 727 1044 782 Militiaeque!

461 862 490 892 53.
518 862 616 900 syrtis
638 861 725 892 ΒΞΤΑ

373 980 490 1010 ctricia
513 980 557 1009 acl
581 987 634 1010 eos
657 985 757 1008 arma
780 976 948 1007 transtulit
958 983 1068 1014 popu-

373 1029 504 1066 tumque
535 1027 715 1058 barbarum
740 1035 780 1056 ac
811 1026 918 1066 ferum
947 1023 1069 1064 lcqibus

373 1079 417 1108 acl
445 1077 616 1108 cultiorem
644 1077 732 1106 vitae
761 1083 857 1105 usum
879 1074 1069 1111 traductum

373 1128 406 1157 in
421 1127 566 1167 formam,
584 1124 779 1165 provinciae
794 1122 929 1162 redegit.
969 1122 1069 1161 (Can-

373 1176 555 1207 tabrorum
579 1183 654 1212 res,
689 1175 862 1213 quatenus
887 1170 933 1202 ad
956 1171 1068 1202 Hora-

373 1226 458 1256 tium
483 1225 659 1264 spectant,
695 1221 879 1261 diligenter
907 1220 1068 1260 exposuit

372 1275 470 1305 Estre
496 1274 577 1304 Hor.
603 1274 658 1304 Pr.
686 1280 719 1311 p.
740 1270 813 1302 4110.
834 1270 964 1300 Eorum
980 1270 1069 1300 tam-

372 1331 478 1363 quam
495 1322 648 1353 hostium
665 1320 796 1352 mentio
811 1318 904 1359 apud
918 1319 1068 1350 Dionem

373 1374 433 1410 51,
460 1372 513 1402 ΞΟ.
539 1371 694 1411 primum
718 1370 756 1400 fit
780 1377 810 1399 a.
838 1377 870 1399 u.
898 1367 987 1407 7025.)

415 1422 445 1452 3.
473 1420 503 1451 4.
545 1419 717 1450 Barbarus
751 1416 874 1457 Syrtes]
911 1417 966 1448 Sic
997 1416 1066 1446 iam

372 1469 444 1501 Val.
473 1470 545 1501 Cat.
572 1469 641 1499 Dir.
669 1467 727 1499 53:
758 1467 914 1497 Barbara
937 1466 1069 1496 dicatur

372 1519 506 1557 Libyca>
525 1527 620 1549 soror
636 1517 745 1547 altera
760 1516 879 1553 Syrtis.
907 1514 1070 1545 Similiter

373 1569 464 1607 Virg.
488 1569 574 1598 Aen.
601 1566 637 1605 4,
666 1565 723 1597 411:
757 1565 922 1603 inhospita
947 1564 1065 1602 Syrtis.

372 1619 493 1657 Pomp.
509 1616 595 1648 Mela
613 1616 644 1654 2,
663 1616 693 1651 7„
715 1615 727 1646 4
746 1624 752 1644 :
779 1614 887 1653 Syrtis
899 1613 988 1644 sinus
1004 1613 1068 1643 im-

368 1670 523 1705 petuosus
554 1669 583 1696 et
614 1667 726 1695 atroae.
772 1662 858 1694 Plin.
892 1663 932 1694 H.
963 1663 1002 1693 N.
1029 1662 1066 1699 5,

373 1715 407 1746 li:
442 1715 532 1745 sinus
555 1714 701 1754 ςενιιὶιιοε
730 1713 875 1743 duarum
905 1711 1067 1750 Syrtium,

370 1765 493 1795 vadoso
531 1772 571 1794 ac
614 1762 781 1801 reciproco
826 1761 915 1792 mari
961 1760 1066 1796 dir-083

373 1813 476 1844 hodie
507 1813 551 1843 les
572 1812 673 1852 golfes
703 1812 740 1841 dc
765 1811 877 1849 Sym-a
903 1812 932 1840 et
956 1810 993 1840 de
1018 1810 1069 1839 Ga

373 1862 429 1892 bis.
466 1860 709 1901 (Walckenaer
733 1861 755 1890 Ι.
780 1868 813 1899 p.
833 1858 920 1897 272.)
949 1876 984 1880 —
1010 1857 1070 1888 Ae-

372 1910 470 1951 stuat]
497 1911 530 1941 h.
557 1909 579 1941 l.
606 1918 676 1940 non
701 1909 744 1940 de
770 1907 902 1946 calore,
936 1906 999 1938 sed
1024 1906 1067 1937 de

375 1959 514 1991 turbido
538 1959 709 1989 fluctuum
733 1958 847 1994 motu.
879 1965 986 1996 quem
1004 1955 1069 1986 de-

374 2008 496 2040 scribit
519 2006 686 2038 Salustius
711 2008 780 2046 lug.
807 2006 860 2037 78.

417 2059 447 2088 5.
475 2058 591 2088 Nexus
616 2056 706 2087 inter
729 2055 911 2095 stropham
935 2055 964 2085 4.
985 2055 1019 2084 et
1035 2054 1066 2085 ⁶2.

375 2108 430 2138 hic
455 2114 533 2137 esse
558 2105 714 2136 videtur:
753 2103 893 2135 «Probe
924 2102 1069 2143 quidem

375 2156 455 2187 novi
479 2157 511 2186 te.
530 2156 601 2186 tam
622 2154 742 2185 intima
759 2161 901 2184 meeum
918 2152 1069 2183 amicitia

375 2205 602 2237 coniunctum
632 2212 730 2241 esse,
767 2204 820 2240 ut,
854 2210 1011 2242 unquam
1042 2201 1069 2231 si

376 2262 464 2295 opus
489 2254 595 2291 soret,
632 2251 686 2283 vel
718 2252 868 2283 maxime
901 2250 1070 2282 barbaras

377 2302 471 2334 orbis
511 2304 684 2332 terrarum
728 2301 889 2338 regiones
928 2307 1069 2330 mecum

377 2351 535 2383 aditurus
561 2358 677 2381 esses:
704 2357 829 2380 verum
854 2350 936 2388 opto
957 2349 995 2378 ut
1010 2356 1072 2387 po-

378 2402 445 2432 tius
474 2401 506 2431 in
539 2407 689 2430 amoeno
721 2397 836 2437 aliquo
860 2396 974 2428 ltaliae
1001 2400 1071 2428 tra-

379 2452 454 2488 ctu,
492 2447 687 2479 cuiusmodi
719 2447 825 2478 Tibur
856 2448 910 2477 est
941 2455 982 2477 ac
1005 2446 1072 2476 Ta—

380 2499 536 2535 rentum,
574 2496 674 2528 nobis
705 2495 892 2535 aliquando
916 2504 983 2526 una
1009 2494 1073 2526 de-

379 2556 462 2587 gere
481 2549 513 2578 et
538 2553 794 2577 consenescere
818 2543 934 2577 liceat.
960 2552 1072 2584 usque

381 2597 465 2628 dum
483 2598 518 2627 tu
535 2596 619 2626 mihi
636 2596 816 2634 superstes
833 2601 889 2624 me
904 2593 1075 2633 sepelien-

382 2646 465 2676 dum
483 2653 620 2676 cures.»
653 2642 721 2675 Cir.
741 2642 827 2674 infra
847 2641 901 2682 (ad
918 2651 948 2672 V.
965 2642 1008 2681 9.)
1027 2641 1076 2673 lo-

382 2703 462 2725 cum
481 2703 522 2725 ex
540 2694 624 2733 Epp.
646 2693 658 2723 4
675 2717 681 2731 ,
701 2692 718 2722 7
733 2717 740 2730 ‚
759 2691 811 2723 44.
839 2690 938 2728 Quod
955 2692 1073 2722 autem

382 2746 451 2773 tam
464 2752 569 2782 saepe
581 2741 961 2773 Tiburcommemorat.
979 2748 1072 2771 exeo

1118 974 1249 1013 optime
1275 971 1488 1012 explicatur,
1517 971 1629 1012 quod,
1655 967 1812 1012 qnando-

1118 1031 1257 1062 cunque
1298 1022 1329 1052 ei
1367 1020 1548 1061 placebat,
1596 1021 1641 1052 ibi
1681 1021 1810 1062 degere

1117 1072 1257 1111 poterat
1287 1070 1322 1102 in
1350 1069 1427 1101 villa
1461 1070 1575 1111 aliqua
1599 1072 1812 1103 Maecenatis

1116 1120 1172 1151 vel
1196 1119 1282 1151 alius
1299 1120 1421 1158 amici,
1448 1120 1507 1160 qui
1525 1119 1758 1152 diversorium
1775 1119 1814 1152 li-

1116 1169 1245 1200 benter
1267 1169 1299 1200 ei
1315 1168 1545 1209 praebebant.
1585 1168 1651 1200 Alii
1668 1170 1812 1210 opinan-

1116 1220 1184 1257 tur,
1212 1219 1393 1249 Horatium
1410 1217 1537 1249 Tibure
1561 1217 1728 1250 habuisse
1746 1219 1812 1250 ha·—

1116 1267 1326 1299 hitationem
1348 1266 1559 1298 conductam
1589 1267 1810 1309 (Miethloyis);

1118 1317 1214 1347 certe
1243 1315 1360 1347 villam
1388 1315 1604 1348 Tiburtinam
1631 1325 1811 1357 nunquam

1116 1364 1239 1396 habuit
1275 1365 1357 1405 (etsi
1391 1364 1426 1396 id
1460 1365 1566 1396 tradit
1599 1366 1700 1398 vetus
1737 1366 1812 1397 eius

1116 1414 1206 1444 vitae
1246 1414 1396 1454 scriptor
1429 1413 1596 1454 idemque
1631 1417 1813 1447 asseverat

1115 1462 1349 1494 VValckenaer
1378 1464 1402 1494 I.
1434 1472 1468 1503 p.
1503 1463 1609 1503 270),
1642 1464 1707 1496 sed
1735 1465 1812 1495 uni-

1117 1520 1192 1543 cum
1225 1512 1387 1543 Sabinum
1427 1512 1511 1551 (Od.
1544 1513 1580 1550 2,
1620 1513 1679 1550 48,
1718 1513 1810 1553 114ss

1118 1561 1216 1592 cuius
1240 1560 1385 1600 quidem
1407 1562 1624 1592 mentionem
1652 1562 1708 1593 hic
1734 1562 1812 1593 ideo

1117 1619 1188 1642 non
1224 1610 1322 1648 facit,
1363 1610 1443 1650 quia
1477 1611 1624 1651 propter
1656 1612 1812 1651 poeticas

1117 1659 1271 1690 rationes
1306 1658 1407 1699 longe
1443 1660 1666 1692 amoeniores
1697 1660 1812 1692 Italiae

1117 1709 1279 1748 regiones
1297 1708 1500 1740 describere
1517 1708 1733 1749 praestabat,
1752 1709 1812 1741 ubi

1117 1758 1248 1798 gratius
1272 1759 1366 1789 esset
1389 1757 1544 1789 futurum
1567 1758 1681 1789 amico
1699 1758 1813 1791 domi—

1118 1806 1252 1844 cilium,
1279 1815 1386 1846 quam
1410 1807 1443 1837 in
1468 1808 1602 1847 asperis
1627 1807 1691 1839 illis
1716 1816 1814 1839 mon-

1118 1856 1211 1887 tibus
1236 1855 1383 1887 Sabinis.
1424 1857 1537 1895 Atque
1563 1857 1721 1890 omnino.
1754 1858 1812 1896 qui

1117 1906 1152 1936 in
1176 1905 1243 1935 hoc
1266 1903 1344 1935 loco
1368 1905 1479 1935 tricati
1500 1906 1593 1943 sunt,
1617 1905 1712 1938 haud
1730 1907 1813 1937 satis

1118 1952 1359 1991 attenderunt,
1388 1954 1498 1985 totum
1522 1953 1589 1985 hoc
1615 1962 1693 1986 esse
1718 1956 1814 1994 opta-

1119 2004 1194 2034 tum
1218 2010 1316 2033 mere
1347 2002 1545 2042 poeticum,
1578 2002 1672 2043 quod
1702 2002 1813 2034 semel

1119 2051 1307 2091 concipere
1331 2052 1468 2091 poterat
1493 2052 1597 2082 etiam
1621 2050 1738 2082 Sabini
1756 2051 1815 2083 ali-

1119 2101 1218 2132 cuius
1249 2108 1445 2140 possessor.
1475 2117 1511 2122 —
1536 2100 1654 2140 Argeo]
1681 2102 1813 2132 Graeca

1120 2150 1230 2181 forma
1252 2145 1409 2193 Ἀργείῳ.
1451 2149 1548 2181 Cons.
1583 2150 1747 2181 Priscian.
1774 2151 1811 2185 Ξ,

1119 2200 1150 2237 8,
1177 2198 1229 2230 45.
1277 2200 1353 2230 Non
1378 2200 1450 2237 est,
1484 2208 1546 2229 cur
1575 2200 1694 2230 contra
1723 2199 1815 2238 opti—

1120 2256 1197 2279 mos
1222 2250 1360 2279 nostros
1385 2250 1420 2279 et
1444 2247 1587 2279 Bentleii
1613 2247 1723 2279 Codd.
1742 2246 1814 2278 vol-

1119 2306 1240 2337 garem
1257 2296 1445 2328 lectionem
1462 2297 1599 2329 Codicis
1616 2295 1735 2328 Bland.
1755 2304 1814 2327 an-

1120 2346 1304 2386 tiquissimi
1326 2346 1448 2386 Argivo
1475 2346 1728 2386 praeferamus.
1762 2345 1812 2375 De

1120 2404 1157 2426 re
1190 2395 1252 2426 cfr.
1280 2395 1341 2426 Od.
1373 2397 1408 2432 1,
1436 2396 1492 2434 18,
1522 2396 1552 2428 2.
1592 2413 1626 2417 —
1655 2393 1811 2434 positum]

1122 2445 1318 2482 eonditum,
1356 2446 1393 2475 ut
1415 2445 1507 2485 Virg.
1524 2481 1526 2483 ,
1544 2446 1629 2475 Aen.
1656 2442 1694 2481 4,
1727 2443 1806 2474 242:

1121 2494 1235 2525 urbem
1258 2512 1276 2516 —
1297 2512 1305 2516 -
1332 2494 1452 2533 posuit.
1502 2492 1598 2524 ovid.
1636 2492 1716 2523 Met.
1754 2492 1811 2527 2¹2.

1122 2544 1204 2575 587:
1229 2544 1333 2574 Irrita
1355 2541 1411 2581 Qui
1434 2551 1561 2574 meeum
1570 2541 1709 2581 posuisti
1724 2549 1814 2571 moe-

1122 2594 1180 2624 nia
1206 2593 1330 2623 Troiae.

1168 2642 1197 2672 6.
1224 2640 1378 2681 senectae]
1411 2640 1609 2671 «Senectuti
1642 2647 1741 2670 meae
1768 2638 1812 2669 ibi

1124 2692 1167 2722 sit
1190 2692 1351 2732 paratum
1373 2690 1579 2729 refugium.»
1606 2689 1642 2719 V.
1669 2691 1814 2720 senectae

1124 2741 1285 2780 accipere
1310 2747 1392 2770 casu
1418 2738 1518 2769 tertio
1545 2739 1708 2778 praestat.
