1997 3219
352 173 431 213 472

864 179 1032 211 HORATII
1058 181 1280 214 CARMINUM

788 540 1098 580 GARMEN
1136 542 1340 582 XXIV·

455 652 622 694 lntactis
652 652 892 708 opulentior

511 732 738 774 Thesauris
768 733 954 775 Arabum
985 742 1026 776 et
1055 734 1195 778 divitis
1226 735 1370 778 Indiae

457 812 694 856 Caementis
725 813 822 856 licet
851 827 1037 870 occupes

427 968 541 1000 XXIV.
578 969 686 1000 Inscr.
714 968 804 1009 volg.
842 970 879 1000 In
903 979 1036 1003 avaros
1066 988 1100 992 w
1141 970 1190 1002 Ad
1213 971 1328 1003 divites
1352 980 1475 1003 amaros
1499 972 1608 1004 Codd.
1636 975 1717 1005 mei.

385 1111 500 1142 XXIV.
528 1112 743 1152 Exspectans
768 1113 860 1151 fore,
887 1115 924 1144 ut
949 1113 1039 1144 Cae—

342 1168 399 1191 sar
433 1160 537 1192 finitis
568 1160 669 1193 bellis
704 1161 863 1195 civilibus
892 1163 925 1194 in
961 1171 1039 1194 mo-

341 1218 421 1241 rum
446 1210 730 1242 emendationem
748 1212 828 1243 ante
845 1213 961 1244 omnia
983 1213 1038 1243 in—

342 1258 506 1297 cumbat,
525 1261 640 1300 poeta.
660 1269 767 1301 quam
785 1263 939 1302 corrupti
956 1263 1035 1301 sint,

340 1307 560 1340 demonstrat
584 1311 618 1340 et
641 1310 809 1342 remediis
832 1311 937 1342 etiam
961 1312 1039 1342 vio-

343 1356 444 1389 lentis
461 1359 644 1398 pristinam
660 1359 919 1400 simplicitatem
935 1362 1038 1392 resti-

344 1406 512 1438 tuendam
530 1416 608 1439 esse
627 1410 759 1440 censet.
786 1410 826 1442 Ut
842 1410 944 1442 huius
960 1409 1038 1442 libri

342 1456 403 1486 Od.
424 1457 453 1487 4.
472 1457 504 1487 Ξ.
523 1456 569 1495 3.,
596 1459 649 1489 est
672 1467 713 1489 ex
737 1459 776 1490 iis
807 1460 1036 1499 carminibus,

341 1504 469 1545 quibus
487 1506 580 1537 cives
598 1515 681 1538 suos
698 1507 741 1538 ad
755 1508 884 1539 avitam
897 1517 1038 1541 morum

342 1555 578 1586 innocentiam
601 1557 705 1596 atque
729 1557 964 1597 integritatem
979 1568 1039 1590 re-

342 1612 471 1635 vocare
504 1605 643 1643 studet,
680 1606 752 1637 sive
781 1607 958 1647 Augustus
993 1609 1037 1640 ad

340 1651 428 1683 tales
445 1655 685 1697 παραινέσεις
702 1654 933 1688 elaborandas
955 1666 1037 1689 eum

341 1703 521 1741 excitavit,
548 1704 621 1735 sive
646 1706 750 1744 poeta
776 1705 850 1745 ipse
874 1706 964 1737 ultro
989 1707 1039 1738 in—

341 1750 488 1790 tellexit,
541 1761 601 1784 eas
631 1755 746 1793 gratas
793 1756 828 1785 et
873 1757 1036 1795 acceptas

340 1798 413 1830 sore
438 1801 608 1841 principi,
647 1810 728 1833 cum
760 1803 859 1835 cuius
884 1804 1035 1836 consiliis

340 1857 484 1889 prorsus
521 1850 796 1883 concordabant.
844 1854 911 1893 Ipsi
946 1862 1036 1894 quo-

340 1906 409 1937 que
434 1899 654 1939 temporibus
678 1900 823 1933 idoneas
848 1911 927 1934 esse
944 1904 1035 1935 visas

342 1950 622 1980 consentaneum
657 1952 720 1981 est.
781 1951 1035 1993 (Compositum

340 1998 481 2029 ridetur
504 2006 568 2038 per
592 2006 622 2029 a.
650 1999 847 2039 725—726.)

385 2069 415 2100 4.
455 2070 606 2112 Intactis]
655 2073 839 2113 «integris,
880 2075 1037 2108 nondum

341 2117 374 2148 in
409 2118 647 2153 Romanorum
680 2124 893 2163 potestatem
933 2125 1038 2157 reda-

342 2167 440 2199 ctis.»
466 2169 528 2200 Od.
546 2171 575 2208 1,
591 2171 645 2209 29,
665 2172 677 2202 l
697 2181 703 2202 :
730 2172 1038 2206 beatis-Arabum-

340 2218 446 2256 qazis.
474 2220 576 2260 Prop.
597 2220 636 2259 ⁵2,
656 2221 715 2260 40,
736 2222 775 2253 45
794 2231 800 2253 :
825 2223 921 2255 India
944 2225 1034 2264 quin,

340 2266 500 2307 Auquste,
548 2272 603 2300 tuo
638 2271 695 2300 slat
728 2272 813 2302 colla
847 2273 1034 2313 triumpho,

340 2316 383 2346 Ec
406 2318 520 2348 domus
543 2318 685 2350 incaclae
709 2322 738 2350 tc
756 2321 864 2351 tremi!
879 2321 1033 2354 Arabiae.

384 2390 414 2420 3.
453 2390 482 2422 4.
522 2391 719 2433 Caementz's]
747 2393 815 2424 Cl'r.
844 2394 905 2426 Od.
933 2395 974 2434 3,
1003 2397 1033 2435 l,

340 2439 392 2470 535.
422 2457 457 2462 —
490 2449 585 2472 mare
607 2441 797 2483 Apulicum]
835 2445 1034 2484 oppositum

340 2489 532 2527 Tyrrheno.
582 2491 655 2521 Miri
687 2493 804 2523 autem
838 2502 976 2526 crrorcs
1001 2496 1033 2527 in

341 2537 373 2568 h.
394 2546 426 2568 ν.
446 2548 463 2569 a
489 2538 637 2571 librariis
662 2541 839 2573 commissi
865 2544 1034 2583 originem

340 2586 472 2618 ducunt
495 2597 512 2618 a
545 2588 717 2620 vocalium
751 2593 1033 2624 concurrentium

342 2635 495 2668 elisione.
530 2638 626 2677 (Cod.
647 2638 801 2671 Blandin.
827 2641 1007 2681 antiquiss.
1027 2651 1031 2672 :

341 2694 433 2717 >aare
444 2687 612 2725 publicum
629 2696 709 2719 cum
733 2687 834 2729 gloss
867 2689 953 2721 «late
973 2700 1035 2731 pa—

339 2735 463 2773 tens»)
483 2737 660 2768 Sententia
677 2739 744 2769 esi:
768 2739 879 2770 «Licet
899 2739 1037 2780 amplis-

1089 1113 1196 1144 simas
1221 1113 1256 1144 et
1278 1113 1481 1153 magnificas
1497 1113 1595 1146 villas
1617 1115 1662 1146 ad
1677 1116 1784 1147 maris

1089 1160 1169 1193 litus
1194 1163 1354 1194 exstruas
1380 1164 1470 1194 cet.»

1131 1211 1215 1242 5-8.
1242 1211 1278 1242 Si
1294 1211 1376 1252 cet.]
1404 1211 1486 1244 «Ubi
1504 1213 1635 1253 tamen,
1660 1214 1699 1244 ut
1718 1213 1784 1245 sert

1089 1269 1208 1292 rerum
1231 1262 1371 1299 natura,
1403 1262 1602 1294 Necessitas
1627 1262 1786 1303 aliquan—

1089 1310 1133 1341 do
1158 1310 1304 1341 modum
1327 1311 1601 1352 ponit'inceptis
1632 1312 1700 1344 tuis
1725 1320 1786 1343 su-

1088 1358 1226 1399 perbiS⁷
1267 1361 1374 1400 tuque
1399 1360 1434 1391 id
1458 1361 1586 1397 sentis,
1620 1362 1654 1392 et
1689 1363 1785 1392 metu

1089 1408 1249 1440 dolorum
1267 1410 1461 1450 mortisque
1478 1410 1695 1450 propinquae
1713 1412 1786 1442 tor-

1089 1457 1245 1497 quebere
1281 1458 1480 1499 frustraque
1510 1460 1662 1491 mortem
1697 1459 1786 1491 effu-

1088 1516 1170 1546 gere
1196 1507 1354 1539 studebis
1379 1510 1469 1539 cet.»
1489 1525 1527 1531 -
1550 1509 1633 1550 Ῑὶῃὶί]
1662 1508 1784 1542 Ultima

1088 1555 1223 1596 syllaba
1248 1558 1455 1598 producitur
1479 1567 1625 1590 caesura
1651 1561 1683 1590 et
1701 1560 1781 1590 arsi.

1089 1605 1187 1637 Conf.
1214 1606 1277 1638 Od.
1304 1607 1316 1638 l
1335 1632 1341 1645 ,
1361 1606 1400 1644 3,
1420 1607 1472 1638 36.
1498 1608 1530 1645 2,
1549 1608 1580 1646 6,
1600 1606 1652 1639 44.
1677 1608 1709 1645 ἓ,
1730 1608 1781 1647 43,

1089 1656 1140 1686 116.
1167 1656 1205 1693 3,
1226 1656 1284 1693 46,
1303 1656 1355 1687 26.
1391 1656 1659 1696 Supervaeanea
1683 1657 1786 1697 igitur

1087 1706 1141 1736 est
1165 1704 1278 1735 audax
1302 1703 1357 1735 illa
1392 1705 1637 1745 transpositio,
1675 1714 1781 1745 quam

1087 1753 1212 1785 suadet
1236 1753 1357 1784 Axtius
1381 1753 1426 1784 ad
1450 1753 1654 1785 Vestritium
1677 1755 1779 1795 Spur.

1086 1812 1120 1843 p.
1141 1804 1152 1833 1
1163 1803 1202 1833 Ι12
1219 1811 1225 1831 2
1252 1802 1288 1833 Si
1303 1802 1438 1832 summis
1455 1803 1688 1834 adamantinos
1699 1804 1785 1844 Ftyesst

1085 1851 1269 1882 verticibus.
1292 1868 1327 1873 —-
1354 1851 1587 1882 adamantinos
1601 1869 1615 1874 —
1630 1870 1644 1875 -
1659 1853 1781 1894 clavos]

1086 1902 1234 1941 Semper
1267 1900 1491 1940 cogitandum
1515 1901 1559 1932 dc
1583 1903 1694 1942 prima
1719 1912 1784 1934 no-

1086 1951 1178 1981 tione
1215 1959 1248 1980 v.
1280 1944 1454 1990 ἆὸάιιας
1499 1950 1650 1982 «serrum
1682 1952 1783 1983 indo-

1087 1999 1228 2035 mitum,
1255 1998 1495 2031 du11SS1mum
1504 2011 1518 2027 ι)
1566 1998 1648 2031 Plat.
1684 2001 1779 2042 Reip.

1088 2049 1139 2079 40.
1155 2057 1189 2089 p.
1208 2049 1289 2080 616:
1311 2044 1522 2091 Ανάγκης
1503 2044 1694 2094 α’τρακτοι
1708 2068 1748 2089 ,-
1765 2068 1782 2073 -

1087 2090 1132 2130 οὗ
1150 2108 1254 2139 την-
1270 2095 1463 2141 ἠλακάτην
1481 2109 1519 2130 τε
1535 2100 1600 2131 καὶ
1617 2097 1661 2130 τὸ
1678 2096 1719 2142 α’)
1720 2111 1783 2132 κι-

1087 2157 1202 2192 στρων
1237 2146 1333 2180 εἶναι
1371 2146 1411 2189 ἐξ
1449 2144 1602 2190 αδαιιαι
1594 2159 1668 2189 τος
1703 2148 1779 2181 κτλ.

1088 2197 1182 2228 Pind.
1202 2199 1302 2238 Pyth.
1322 2198 1356 2237 4,
1375 2199 1410 2229 Ἡ
1432 2207 1438 2228 :
1466 2199 1530 2238 Τίς
1554 2196 1593 2230 δὲ
1609 2197 1782 2239 κίνδυνος

1086 2249 1284 2292 κρατεροῖς
1298 2243 1519 2289 ἀδάμαντος
1532 2245 1647 2289 δῆσεν
1659 2243 1781 2288 ἅλοις,·

1086 2295 1183 2327 Idem
1212 2297 1262 2327 Fr.
1294 2297 1367 2328 420.
1401 2297 1552 2328 Bocckh.
1579 2297 1641 2329 Ed.
1669 2298 1777 2329 min.:

1086 2343 1283 2391 Ταρτάρου
1310 2343 1467 2387 πυθμὴν
1485 2347 1607 2378 :uacet
1625 2348 1658 2378 σ“
1683 2343 1782 2386 ἀφα-

1086 2394 1175 2434 νοῦς
1191 2406 1241 2434 σᾳ
1252 2393 1452 2440 υρηλάτοις
1468 2391 1663 2438 ἀνάγκαις.
1690 2398 1780 2429 Ano-

1086 2453 1213 2483 nymus
1239 2446 1271 2476 in
1298 2445 1457 2486 Sophocl.
1480 2446 1531 2476 Fr.
1558 2445 1631 2477 604.
1653 2445 1752 2477 Dind.
1772 2455 1776 2475 :

1084 2491 1259 2538 Περιώσί
1277 2489 1433 2533 &spuunt
1451 2504 1489 2525 τε
1505 2492 1629 2536 μήδεα
1646 2504 1779 2525 παντο-

1085 2540 1209 2574 δαπᾶν
1224 2542 1371 2582 βουλᾶν
1386 2540 1658 2586 ἀδαμαντίνως
1671 2541 1780 2582 ὑφαί-

1086 2602 1187 2624 νεται
1205 2595 1373 2638 κερκίσιν
1386 2591 1495 2625 Αἷσα.
1515 2593 1699 2625 Oraculum
1716 2595 1780 2632 Py-

1087 2642 1178 2673 thiae
1203 2643 1295 2683 apud
1322 2643 1450 2675 llerod.
1477 2644 1515 2682 7,
1546 2642 1601 2675 444
1623 2651 1629 2672 :
1656 2642 1720 2673 Σοὶ
1739 2640 1778 2673 δὲ

1087 2688 1160 2723 τόδ’
1192 2686 1299 2731 αὖτις
1338 2687 1431 2732 ἔπος
1468 2692 1559 2737 ἐρέω
1592 2687 1776 2732 ἀδάμαντι

1089 2738 1294 2781 πελάσσας.
1319 2759 1352 2763 --
1377 2741 1465 2782 dira]
1490 2741 1543 2772 Sic
1560 2741 1667 2771 (lirum
1686 2750 1775 2772 omen
