<?xml version="1.0" encoding="UTF-8"?>
<!DOCTYPE html PUBLIC "-//W3C//DTD XHTML 1.0 Transitional//EN"
    "http://www.w3.org/TR/xhtml1/DTD/xhtml1-transitional.dtd">
<html xmlns="http://www.w3.org/1999/xhtml" xml:lang="en" lang="en">
 <head>
  <title>
</title>
<meta http-equiv="Content-Type" content="text/html;charset=utf-8" />
  <meta name='ocr-system' content='tesseract 3.04.00' />
  <meta name='ocr-capabilities' content='ocr_page ocr_carea ocr_par ocr_line ocrx_word'/>
</head>
<body>
  <div class='ocr_page' id='page_1' title='image "./qhoratiusflaccus01horauoft/qhoratiusflaccus01horauoft_0454.png"; bbox 0 0 1997 3219; ppageno 0'>
   <div class='ocr_carea' id='block_1_1' title="bbox 291 194 371 233">
    <p class='ocr_par' dir='ltr' id='par_1_1' title="bbox 291 194 371 233">
     <span class='ocr_line' id='line_1_1' title="bbox 291 194 371 233; baseline -0.038 0"><span class='ocrx_word' id='word_1_1' title='bbox 291 194 355 233; x_wconf 68' lang='lat'>40(</span> <span class='ocrx_word' id='word_1_2' title='bbox 361 196 371 231; x_wconf 84' lang='lat' dir='ltr'>l</span> 
     </span>
    </p>
   </div>
   <div class='ocr_carea' id='block_1_2' title="bbox 794 192 1208 224">
    <p class='ocr_par' dir='ltr' id='par_1_2' title="bbox 794 192 1208 224">
     <span class='ocr_line' id='line_1_2' title="bbox 794 192 1208 224; baseline -0.005 0"><span class='ocrx_word' id='word_1_3' title='bbox 794 193 960 224; x_wconf 66' lang='lat' dir='ltr'>HORATH</span> <span class='ocrx_word' id='word_1_4' title='bbox 987 192 1208 224; x_wconf 80' lang='lat' dir='ltr'>CARMINUM</span> 
     </span>
    </p>
   </div>
   <div class='ocr_carea' id='block_1_3' title="bbox 517 294 1342 351">
    <p class='ocr_par' dir='ltr' id='par_1_3' title="bbox 517 294 1342 351">
     <span class='ocr_line' id='line_1_3' title="bbox 517 294 1342 351; baseline -0.006 -13"><span class='ocrx_word' id='word_1_5' title='bbox 517 297 654 338; x_wconf 66' lang='lat' dir='ltr'>Sei-vit</span> <span class='ocrx_word' id='word_1_6' title='bbox 686 296 896 351; x_wconf 79' lang='lat' dir='ltr'>Hispanae</span> <span class='ocrx_word' id='word_1_7' title='bbox 928 302 1049 336; x_wconf 61' lang='lat' dir='ltr'>vetus</span> <span class='ocrx_word' id='word_1_8' title='bbox 1080 294 1211 335; x_wconf 88' lang='lat' dir='ltr'>hostis</span> <span class='ocrx_word' id='word_1_9' title='bbox 1242 307 1342 334; x_wconf 83' lang='lat' dir='ltr'>orae</span> 
     </span>
    </p>
   </div>
   <div class='ocr_carea' id='block_1_4' title="bbox 517 374 1275 419">
    <p class='ocr_par' dir='ltr' id='par_1_4' title="bbox 517 374 1275 419">
     <span class='ocr_line' id='line_1_4' title="bbox 517 374 1275 419; baseline -0.004 -2"><span class='ocrx_word' id='word_1_10' title='bbox 517 376 725 418; x_wconf 77' lang='lat' dir='ltr'>Cantaber</span> <span class='ocrx_word' id='word_1_11' title='bbox 755 388 852 416; x_wconf 88' lang='lat' dir='ltr'>sera</span> <span class='ocrx_word' id='word_1_12' title='bbox 886 374 1070 416; x_wconf 87' lang='lat' dir='ltr'>domitus</span> <span class='ocrx_word' id='word_1_13' title='bbox 1102 377 1275 419; x_wconf 80' lang='lat' dir='ltr'>catena,</span> 
     </span>
    </p>
   </div>
   <div class='ocr_carea' id='block_1_5' title="bbox 522 453 1368 512">
    <p class='ocr_par' dir='ltr' id='par_1_5' title="bbox 522 453 1368 512">
     <span class='ocr_line' id='line_1_5' title="bbox 522 453 1368 512; baseline -0.005 -15"><span class='ocrx_word' id='word_1_14' title='bbox 522 458 604 497; x_wconf 86' lang='lat' dir='ltr'>lam</span> <span class='ocrx_word' id='word_1_15' title='bbox 639 454 823 512; x_wconf 72' lang='lat' dir='ltr'>Scythae</span> <span class='ocrx_word' id='word_1_16' title='bbox 853 454 948 495; x_wconf 81' lang='lat' dir='ltr'>laxo</span> <span class='ocrx_word' id='word_1_17' title='bbox 979 453 1237 496; x_wconf 78' lang='lat' dir='ltr'>meditantur</span> <span class='ocrx_word' id='word_1_18' title='bbox 1269 466 1368 494; x_wconf 83' lang='lat' dir='ltr'>arcu</span> 
     </span>
    </p>
   </div>
   <div class='ocr_carea' id='block_1_6' title="bbox 743 534 1119 589">
    <p class='ocr_par' dir='ltr' id='par_1_6' title="bbox 743 534 1119 589">
     <span class='ocr_line' id='line_1_6' title="bbox 743 534 1119 589; baseline -0.005 -13"><span class='ocrx_word' id='word_1_19' title='bbox 743 534 907 577; x_wconf 84' lang='lat' dir='ltr'>Cede-re</span> <span class='ocrx_word' id='word_1_20' title='bbox 946 535 1119 589; x_wconf 84' lang='lat' dir='ltr'>campis.</span> 
     </span>
    </p>
   </div>
   <div class='ocr_carea' id='block_1_7' title="bbox 520 642 1733 703">
    <p class='ocr_par' dir='ltr' id='par_1_7' title="bbox 520 642 1733 703">
     <span class='ocr_line' id='line_1_7' title="bbox 520 642 1733 703; baseline -0.007 -14"><span class='ocrx_word' id='word_1_21' title='bbox 520 646 777 703; x_wconf 80' lang='lat' dir='ltr'>Neglegens,</span> <span class='ocrx_word' id='word_1_22' title='bbox 811 660 863 688; x_wconf 89' lang='lat' dir='ltr'>ne</span> <span class='ocrx_word' id='word_1_23' title='bbox 895 659 979 702; x_wconf 88' lang='lat' dir='ltr'>qua</span> <span class='ocrx_word' id='word_1_24' title='bbox 1010 644 1194 702; x_wconf 89' lang='lat' dir='ltr'>populus</span> <span class='ocrx_word' id='word_1_25' title='bbox 1225 643 1413 686; x_wconf 86' lang='lat' dir='ltr'>laboret.</span> <span class='ocrx_word' id='word_1_26' title='bbox 1682 642 1733 682; x_wconf 68' lang='lat'>223</span> 
     </span>
    </p>
   </div>
   <div class='ocr_carea' id='block_1_8' title="bbox 297 819 1019 2772">
    <p class='ocr_par' dir='ltr' id='par_1_8' title="bbox 297 819 1019 2772">
     <span class='ocr_line' id='line_1_8' title="bbox 298 819 992 861; baseline -0.004 -7"><span class='ocrx_word' id='word_1_27' title='bbox 298 823 453 860; x_wconf 79' lang='lat' dir='ltr'>rexerat,</span> <span class='ocrx_word' id='word_1_28' title='bbox 479 822 592 852; x_wconf 77' lang='lat' dir='ltr'>victus</span> <span class='ocrx_word' id='word_1_29' title='bbox 617 821 649 852; x_wconf 94' lang='lat' dir='ltr'>in</span> <span class='ocrx_word' id='word_1_30' title='bbox 674 821 811 861; x_wconf 84' lang='lat' dir='ltr'>Syriam</span> <span class='ocrx_word' id='word_1_31' title='bbox 835 819 879 851; x_wconf 89' lang='lat' dir='ltr'>ad</span> <span class='ocrx_word' id='word_1_32' title='bbox 902 820 992 851; x_wconf 83' lang='lat' dir='ltr'>Cae-</span> 
     </span>
     <span class='ocr_line' id='line_1_9' title="bbox 297 869 991 911; baseline -0.004 -9"><span class='ocrx_word' id='word_1_33' title='bbox 297 880 414 903; x_wconf 81' lang='lat' dir='ltr'>sarem</span> <span class='ocrx_word' id='word_1_34' title='bbox 437 871 609 911; x_wconf 79' lang='lat' dir='ltr'><strong>profugit,</strong></span> <span class='ocrx_word' id='word_1_35' title='bbox 644 869 687 901; x_wconf 85' lang='lat' dir='ltr'>ab</span> <span class='ocrx_word' id='word_1_36' title='bbox 713 878 826 909; x_wconf 86' lang='lat' dir='ltr'>eoque</span> <span class='ocrx_word' id='word_1_37' title='bbox 851 869 991 900; x_wconf 86' lang='lat' dir='ltr'>veniam</span> 
     </span>
     <span class='ocr_line' id='line_1_10' title="bbox 299 912 989 961; baseline -0.007 -9"><span class='ocrx_word' id='word_1_38' title='bbox 299 921 514 961; x_wconf 85' lang='lat' dir='ltr'>impetravit,</span> <span class='ocrx_word' id='word_1_39' title='bbox 540 921 579 950; x_wconf 93' lang='lat' dir='ltr'>ut</span> <span class='ocrx_word' id='word_1_40' title='bbox 601 918 647 950; x_wconf 90' lang='lat' dir='ltr'>ibi</span> <span class='ocrx_word' id='word_1_41' title='bbox 672 919 883 950; x_wconf 80' lang='lat' dir='ltr'><strong>remaneret.</strong></span> <span class='ocrx_word' id='word_1_42' title='bbox 909 912 989 948; x_wconf 72' lang='lat' dir='ltr'>&#39;Cfr.</span> 
     </span>
     <span class='ocr_line' id='line_1_11' title="bbox 300 967 993 1007; baseline -0.006 -6"><span class='ocrx_word' id='word_1_43' title='bbox 300 971 362 1001; x_wconf 94' lang='lat' dir='ltr'>Dio</span> <span class='ocrx_word' id='word_1_44' title='bbox 396 970 455 1007; x_wconf 72' lang='lat'>54,</span> <span class='ocrx_word' id='word_1_45' title='bbox 482 969 534 1000; x_wconf 76' lang='lat'>118.</span> <span class='ocrx_word' id='word_1_46' title='bbox 575 968 724 1000; x_wconf 91' lang='lat' dir='ltr'>Iustinus</span> <span class='ocrx_word' id='word_1_47' title='bbox 760 967 818 1005; x_wconf 72' lang='lat'>42,</span> <span class='ocrx_word' id='word_1_48' title='bbox 845 968 898 1005; x_wconf 83' lang='lat'>5.,</span> <span class='ocrx_word' id='word_1_49' title='bbox 934 967 993 1006; x_wconf 87' lang='lat' dir='ltr'>qui</span> 
     </span>
     <span class='ocr_line' id='line_1_12' title="bbox 299 1016 995 1058; baseline -0.006 -8"><span class='ocrx_word' id='word_1_50' title='bbox 299 1021 440 1050; x_wconf 87' lang='lat' dir='ltr'>omnino</span> <span class='ocrx_word' id='word_1_51' title='bbox 465 1017 670 1058; x_wconf 86' lang='lat' dir='ltr'>inspiciendi</span> <span class='ocrx_word' id='word_1_52' title='bbox 694 1018 786 1048; x_wconf 91' lang='lat' dir='ltr'>sunt.</span> <span class='ocrx_word' id='word_1_53' title='bbox 816 1034 851 1038; x_wconf 96' lang='lat'><strong>—</strong></span> <span class='ocrx_word' id='word_1_54' title='bbox 887 1016 995 1055; x_wconf 74' lang='lat' dir='ltr'>«Inse-</span> 
     </span>
     <span class='ocr_line' id='line_1_13' title="bbox 298 1064 995 1105; baseline -0.007 -6"><span class='ocrx_word' id='word_1_55' title='bbox 298 1071 367 1099; x_wconf 77' lang='lat' dir='ltr'>slus</span> <span class='ocrx_word' id='word_1_56' title='bbox 389 1066 473 1098; x_wconf 87' lang='lat' dir='ltr'>alias</span> <span class='ocrx_word' id='word_1_57' title='bbox 496 1066 678 1103; x_wconf 81' lang='lat' dir='ltr'>Romanis,</span> <span class='ocrx_word' id='word_1_58' title='bbox 718 1073 811 1096; x_wconf 86' lang='lat' dir='ltr'>nunc</span> <span class='ocrx_word' id='word_1_59' title='bbox 840 1064 899 1095; x_wconf 81' lang='lat' dir='ltr'>sibi</span> <span class='ocrx_word' id='word_1_60' title='bbox 931 1064 995 1105; x_wconf 89' lang='lat' dir='ltr'>ipsi</span> 
     </span>
     <span class='ocr_line' id='line_1_14' title="bbox 300 1114 995 1154; baseline -0.007 -6"><span class='ocrx_word' id='word_1_61' title='bbox 300 1117 454 1148; x_wconf 78' lang='lat' dir='ltr'>luctuosis</span> <span class='ocrx_word' id='word_1_62' title='bbox 497 1117 606 1152; x_wconf 78' lang='lat' dir='ltr'>cet.»;</span> <span class='ocrx_word' id='word_1_63' title='bbox 661 1114 867 1154; x_wconf 83' lang='lat' dir='ltr'>neutiquam</span> <span class='ocrx_word' id='word_1_64' title='bbox 912 1121 995 1144; x_wconf 88' lang='lat' dir='ltr'>vero</span> 
     </span>
     <span class='ocr_line' id='line_1_15' title="bbox 302 1162 998 1205; baseline -0.007 -8"><span class='ocrx_word' id='word_1_65' title='bbox 302 1165 518 1205; x_wconf 87' lang='lat' dir='ltr'>iungendum</span> <span class='ocrx_word' id='word_1_66' title='bbox 563 1165 624 1195; x_wconf 88' lang='lat' dir='ltr'>aut</span> <span class='ocrx_word' id='word_1_67' title='bbox 666 1163 801 1203; x_wconf 81' lang='lat' dir='ltr'>infestus</span> <span class='ocrx_word' id='word_1_68' title='bbox 841 1162 900 1193; x_wconf 83' lang='lat' dir='ltr'>sibi</span> <span class='ocrx_word' id='word_1_69' title='bbox 938 1163 998 1192; x_wconf 87' lang='lat' dir='ltr'>aut</span> 
     </span>
     <span class='ocr_line' id='line_1_16' title="bbox 301 1211 999 1251; baseline -0.006 -6"><span class='ocrx_word' id='word_1_70' title='bbox 301 1216 360 1247; x_wconf 76' lang='lat' dir='ltr'>sibi</span> <span class='ocrx_word' id='word_1_71' title='bbox 385 1215 537 1251; x_wconf 76' lang='lat' dir='ltr'>dissidet;</span> <span class='ocrx_word' id='word_1_72' title='bbox 577 1214 627 1245; x_wconf 88' lang='lat' dir='ltr'>sic</span> <span class='ocrx_word' id='word_1_73' title='bbox 661 1213 755 1243; x_wconf 87' lang='lat' dir='ltr'>enim</span> <span class='ocrx_word' id='word_1_74' title='bbox 785 1221 817 1243; x_wconf 88' lang='lat' dir='ltr'>v.</span> <span class='ocrx_word' id='word_1_75' title='bbox 844 1211 999 1242; x_wconf 80' lang='lat' dir='ltr'>luctuosis</span> 
     </span>
     <span class='ocr_line' id='line_1_17' title="bbox 302 1261 997 1298; baseline -0.009 -2"><span class='ocrx_word' id='word_1_76' title='bbox 302 1265 454 1296; x_wconf 85' lang='lat' dir='ltr'>otiosum</span> <span class='ocrx_word' id='word_1_77' title='bbox 477 1262 515 1293; x_wconf 91' lang='lat' dir='ltr'>fit</span> <span class='ocrx_word' id='word_1_78' title='bbox 538 1261 712 1294; x_wconf 74' lang='grc' dir='ltr'>ἐπίθετον</span> <span class='ocrx_word' id='word_1_79' title='bbox 726 1285 734 1298; x_wconf 92' lang='grc'>,</span> <span class='ocrx_word' id='word_1_80' title='bbox 767 1261 884 1292; x_wconf 87' lang='lat' dir='ltr'>omnia</span> <span class='ocrx_word' id='word_1_81' title='bbox 916 1268 997 1291; x_wconf 87' lang='lat' dir='ltr'>cum</span> 
     </span>
     <span class='ocr_line' id='line_1_18' title="bbox 303 1312 1000 1351; baseline -0.009 -6"><span class='ocrx_word' id='word_1_82' title='bbox 303 1322 400 1345; x_wconf 88' lang='lat' dir='ltr'>arma</span> <span class='ocrx_word' id='word_1_83' title='bbox 434 1312 569 1344; x_wconf 89' lang='lat' dir='ltr'>luctum</span> <span class='ocrx_word' id='word_1_84' title='bbox 600 1312 790 1351; x_wconf 72' lang='lat' dir='ltr'>generent;</span> <span class='ocrx_word' id='word_1_85' title='bbox 828 1317 1000 1350; x_wconf 80' lang='lat' dir='ltr'>superva-</span> 
     </span>
     <span class='ocr_line' id='line_1_19' title="bbox 303 1359 999 1394; baseline -0.009 0"><span class='ocrx_word' id='word_1_86' title='bbox 303 1371 452 1394; x_wconf 87' lang='lat' dir='ltr'>caneum</span> <span class='ocrx_word' id='word_1_87' title='bbox 493 1361 598 1392; x_wconf 84' lang='lat' dir='ltr'>etiam</span> <span class='ocrx_word' id='word_1_88' title='bbox 638 1361 692 1391; x_wconf 90' lang='lat' dir='ltr'>est</span> <span class='ocrx_word' id='word_1_89' title='bbox 735 1359 795 1390; x_wconf 86' lang='lat' dir='ltr'>sibi</span> <span class='ocrx_word' id='word_1_90' title='bbox 842 1359 999 1389; x_wconf 89' lang='lat' dir='ltr'>iunctum</span> 
     </span>
     <span class='ocr_line' id='line_1_20' title="bbox 304 1407 998 1443; baseline -0.007 -1"><span class='ocrx_word' id='word_1_91' title='bbox 304 1419 386 1443; x_wconf 88' lang='lat' dir='ltr'>cum</span> <span class='ocrx_word' id='word_1_92' title='bbox 402 1420 434 1441; x_wconf 86' lang='lat' dir='ltr'>v.</span> <span class='ocrx_word' id='word_1_93' title='bbox 454 1410 595 1441; x_wconf 74' lang='lat' dir='ltr'><strong><em>dissidet.</em></strong></span> <span class='ocrx_word' id='word_1_94' title='bbox 644 1410 680 1439; x_wconf 96' lang='lat' dir='ltr'>In</span> <span class='ocrx_word' id='word_1_95' title='bbox 706 1407 813 1439; x_wconf 89' lang='lat' dir='ltr'>altera</span> <span class='ocrx_word' id='word_1_96' title='bbox 836 1407 998 1442; x_wconf 80' lang='lat' dir='ltr'>lectione.</span> 
     </span>
     <span class='ocr_line' id='line_1_21' title="bbox 305 1454 998 1498; baseline -0.009 -6"><span class='ocrx_word' id='word_1_97' title='bbox 305 1461 360 1492; x_wconf 86' lang='lat' dir='ltr'>cui</span> <span class='ocrx_word' id='word_1_98' title='bbox 384 1461 502 1491; x_wconf 88' lang='lat' dir='ltr'>tamen</span> <span class='ocrx_word' id='word_1_99' title='bbox 526 1458 642 1490; x_wconf 82' lang='lat' dir='ltr'>obstat</span> <span class='ocrx_word' id='word_1_100' title='bbox 659 1457 871 1498; x_wconf 86' lang='lat' dir='ltr'>optimorum</span> <span class='ocrx_word' id='word_1_101' title='bbox 888 1454 998 1487; x_wconf 84' lang='lat' dir='ltr'>Codd.</span> 
     </span>
     <span class='ocr_line' id='line_1_22' title="bbox 306 1505 1002 1546; baseline -0.01 -5"><span class='ocrx_word' id='word_1_102' title='bbox 306 1509 506 1546; x_wconf 87' lang='lat' dir='ltr'>auctoritas,</span> <span class='ocrx_word' id='word_1_103' title='bbox 532 1508 646 1539; x_wconf 84' lang='lat' dir='ltr'>Medus</span> <span class='ocrx_word' id='word_1_104' title='bbox 662 1506 784 1546; x_wconf 79' lang='lat' dir='ltr'>infestis</span> <span class='ocrx_word' id='word_1_105' title='bbox 799 1505 858 1536; x_wconf 84' lang='lat' dir='ltr'>sibi</span> <span class='ocrx_word' id='word_1_106' title='bbox 874 1505 1002 1535; x_wconf 66' lang='lat' dir='ltr'>luctuo-</span> 
     </span>
     <span class='ocr_line' id='line_1_23' title="bbox 305 1555 1004 1594; baseline -0.01 -4"><span class='ocrx_word' id='word_1_107' title='bbox 305 1568 360 1590; x_wconf 80' lang='lat' dir='ltr'>sus</span> <span class='ocrx_word' id='word_1_108' title='bbox 388 1558 527 1589; x_wconf 76' lang='lat' dir='ltr'><em>Dissidet</em></span> <span class='ocrx_word' id='word_1_109' title='bbox 553 1557 674 1594; x_wconf 72' lang='lat' dir='ltr'>armiS,</span> <span class='ocrx_word' id='word_1_110' title='bbox 699 1556 814 1587; x_wconf 84' lang='lat' dir='ltr'>Medus</span> <span class='ocrx_word' id='word_1_111' title='bbox 840 1555 1004 1585; x_wconf 75' lang='lat' dir='ltr'>luctuosas</span> 
     </span>
     <span class='ocr_line' id='line_1_24' title="bbox 307 1604 1006 1643; baseline -0.01 -3"><span class='ocrx_word' id='word_1_112' title='bbox 307 1609 439 1640; x_wconf 87' lang='lat' dir='ltr'>dictum</span> <span class='ocrx_word' id='word_1_113' title='bbox 464 1608 559 1638; x_wconf 89' lang='lat' dir='ltr'>esset</span> <span class='ocrx_word' id='word_1_114' title='bbox 582 1607 620 1636; x_wconf 91' lang='lat' dir='ltr'>ut</span> <span class='ocrx_word' id='word_1_115' title='bbox 636 1604 698 1636; x_wconf 90' lang='lat' dir='ltr'>Od.</span> <span class='ocrx_word' id='word_1_116' title='bbox 718 1604 756 1643; x_wconf 87' lang='lat'>3,</span> <span class='ocrx_word' id='word_1_117' title='bbox 776 1605 813 1642; x_wconf 85' lang='grc'>6,</span> <span class='ocrx_word' id='word_1_118' title='bbox 832 1605 862 1635; x_wconf 89' lang='grc'>8.</span> <span class='ocrx_word' id='word_1_119' title='bbox 889 1604 1006 1642; x_wconf 80' lang='lat' dir='ltr'>Hespe-</span> 
     </span>
     <span class='ocr_line' id='line_1_25' title="bbox 308 1652 1001 1694; baseline -0.009 -6"><span class='ocrx_word' id='word_1_120' title='bbox 308 1659 362 1688; x_wconf 80' lang='lat' dir='ltr'>ria</span> <span class='ocrx_word' id='word_1_121' title='bbox 385 1657 555 1692; x_wconf 68' lang='lat' dir='ltr'>luctuosa3</span> <span class='ocrx_word' id='word_1_122' title='bbox 596 1654 720 1694; x_wconf 78' lang='lat' dir='ltr'>infestis</span> <span class='ocrx_word' id='word_1_123' title='bbox 743 1655 862 1684; x_wconf 86' lang='lat' dir='ltr'>autem</span> <span class='ocrx_word' id='word_1_124' title='bbox 887 1652 1001 1689; x_wconf 79' lang='lat' dir='ltr'>armis,</span> 
     </span>
     <span class='ocr_line' id='line_1_26' title="bbox 309 1700 1001 1744; baseline -0.009 -6"><span class='ocrx_word' id='word_1_125' title='bbox 309 1707 375 1738; x_wconf 78' lang='lat' dir='ltr'>etsi</span> <span class='ocrx_word' id='word_1_126' title='bbox 401 1703 561 1744; x_wconf 83' lang='lat' dir='ltr'>exempla</span> <span class='ocrx_word' id='word_1_127' title='bbox 587 1704 777 1744; x_wconf 87' lang='lat' dir='ltr'>suppetunt</span> <span class='ocrx_word' id='word_1_128' title='bbox 801 1702 844 1741; x_wconf 87' lang='lat' dir='ltr'>(v.</span> <span class='ocrx_word' id='word_1_129' title='bbox 863 1700 1001 1740; x_wconf 85' lang='lat' dir='ltr'>Bentl.),</span> 
     </span>
     <span class='ocr_line' id='line_1_27' title="bbox 310 1750 1002 1795; baseline -0.009 -8"><span class='ocrx_word' id='word_1_130' title='bbox 310 1759 427 1787; x_wconf 82' lang='lat' dir='ltr'>lamen</span> <span class='ocrx_word' id='word_1_131' title='bbox 451 1763 535 1795; x_wconf 85' lang='lat' dir='ltr'>prae</span> <span class='ocrx_word' id='word_1_132' title='bbox 561 1755 680 1784; x_wconf 86' lang='lat' dir='ltr'>nostra</span> <span class='ocrx_word' id='word_1_133' title='bbox 705 1751 852 1783; x_wconf 79' lang='lat' dir='ltr'>lectione</span> <span class='ocrx_word' id='word_1_134' title='bbox 885 1750 1002 1790; x_wconf 72' lang='lat' dir='ltr'>friget,</span> 
     </span>
     <span class='ocr_line' id='line_1_28' title="bbox 310 1799 1005 1845; baseline -0.009 -10"><span class='ocrx_word' id='word_1_135' title='bbox 310 1814 378 1845; x_wconf 86' lang='lat' dir='ltr'>qua</span> <span class='ocrx_word' id='word_1_136' title='bbox 414 1804 580 1835; x_wconf 85' lang='lat' dir='ltr'>Parthum</span> <span class='ocrx_word' id='word_1_137' title='bbox 612 1802 823 1842; x_wconf 89' lang='lat' dir='ltr'>perpetuum</span> <span class='ocrx_word' id='word_1_138' title='bbox 856 1799 1005 1830; x_wconf 90' lang='lat' dir='ltr'>nominis</span> 
     </span>
     <span class='ocr_line' id='line_1_29' title="bbox 311 1848 1006 1890; baseline -0.012 -4"><span class='ocrx_word' id='word_1_139' title='bbox 311 1853 454 1885; x_wconf 81' lang='lat' dir='ltr'>Romani</span> <span class='ocrx_word' id='word_1_140' title='bbox 479 1853 617 1883; x_wconf 81' lang='lat' dir='ltr'>hostem</span> <span class='ocrx_word' id='word_1_141' title='bbox 643 1859 722 1881; x_wconf 86' lang='lat' dir='ltr'>esse</span> <span class='ocrx_word' id='word_1_142' title='bbox 747 1851 849 1890; x_wconf 76' lang='lat' dir='ltr'>poeta</span> <span class='ocrx_word' id='word_1_143' title='bbox 874 1848 1006 1888; x_wconf 87' lang='lat' dir='ltr'>signifi-</span> 
     </span>
     <span class='ocr_line' id='line_1_30' title="bbox 312 1898 1004 1942; baseline -0.009 -9"><span class='ocrx_word' id='word_1_144' title='bbox 312 1905 379 1933; x_wconf 84' lang='lat' dir='ltr'>cat.</span> <span class='ocrx_word' id='word_1_145' title='bbox 442 1901 584 1942; x_wconf 82' lang='lat' dir='ltr'><strong>(Digna,</strong></span> <span class='ocrx_word' id='word_1_146' title='bbox 631 1908 721 1939; x_wconf 88' lang='lat' dir='ltr'>quae</span> <span class='ocrx_word' id='word_1_147' title='bbox 762 1898 1004 1935; x_wconf 82' lang='lat' dir='ltr'>examinetur,</span> 
     </span>
     <span class='ocr_line' id='line_1_31' title="bbox 313 1945 1007 1989; baseline -0.01 -6"><span class='ocrx_word' id='word_1_148' title='bbox 313 1949 566 1989; x_wconf 88' lang='lat' dir='ltr'>Dillenburgeri</span> <span class='ocrx_word' id='word_1_149' title='bbox 592 1949 645 1979; x_wconf 90' lang='lat' dir='ltr'>est</span> <span class='ocrx_word' id='word_1_150' title='bbox 668 1948 775 1984; x_wconf 80' lang='lat' dir='ltr'>ratio,</span> <span class='ocrx_word' id='word_1_151' title='bbox 810 1947 869 1987; x_wconf 87' lang='lat' dir='ltr'>qui</span> <span class='ocrx_word' id='word_1_152' title='bbox 893 1945 1007 1986; x_wconf 88' lang='lat' dir='ltr'>dupli—</span> 
     </span>
     <span class='ocr_line' id='line_1_32' title="bbox 313 1995 1010 2038; baseline -0.009 -7"><span class='ocrx_word' id='word_1_153' title='bbox 313 2008 391 2031; x_wconf 88' lang='lat' dir='ltr'>cem</span> <span class='ocrx_word' id='word_1_154' title='bbox 415 2000 471 2030; x_wconf 87' lang='lat' dir='ltr'>bic</span> <span class='ocrx_word' id='word_1_155' title='bbox 489 2006 630 2038; x_wconf 88' lang='lat' dir='ltr'>quoque</span> <span class='ocrx_word' id='word_1_156' title='bbox 649 1997 767 2028; x_wconf 83' lang='lat' dir='ltr'>statuit</span> <span class='ocrx_word' id='word_1_157' title='bbox 783 1995 1010 2027; x_wconf 88' lang='lat' dir='ltr'>constructio-</span> 
     </span>
     <span class='ocr_line' id='line_1_33' title="bbox 314 2045 1005 2087; baseline -0.009 -7"><span class='ocrx_word' id='word_1_158' title='bbox 314 2057 418 2080; x_wconf 87' lang='lat' dir='ltr'>nem:</span> <span class='ocrx_word' id='word_1_159' title='bbox 444 2047 579 2087; x_wconf 81' lang='lat' dir='ltr'>infestus</span> <span class='ocrx_word' id='word_1_160' title='bbox 594 2046 675 2084; x_wconf 83' lang='lat' dir='ltr'>sibi,</span> <span class='ocrx_word' id='word_1_161' title='bbox 702 2047 737 2077; x_wconf 85' lang='lat' dir='ltr'>et</span> <span class='ocrx_word' id='word_1_162' title='bbox 759 2045 818 2076; x_wconf 82' lang='lat' dir='ltr'>sibi</span> <span class='ocrx_word' id='word_1_163' title='bbox 842 2045 1005 2075; x_wconf 83' lang='lat' dir='ltr'>luctuosis.</span> 
     </span>
     <span class='ocr_line' id='line_1_34' title="bbox 315 2094 1008 2132; baseline -0.007 -3"><span class='ocrx_word' id='word_1_164' title='bbox 315 2099 452 2129; x_wconf 82' lang='lat' dir='ltr'>Mecum</span> <span class='ocrx_word' id='word_1_165' title='bbox 478 2097 557 2127; x_wconf 82' lang='lat' dir='ltr'>facit</span> <span class='ocrx_word' id='word_1_166' title='bbox 582 2095 730 2126; x_wconf 80' lang='lat' dir='ltr'>Lubker.</span> <span class='ocrx_word' id='word_1_167' title='bbox 772 2094 903 2132; x_wconf 87' lang='lat' dir='ltr'>Quodsi</span> <span class='ocrx_word' id='word_1_168' title='bbox 924 2102 1008 2124; x_wconf 87' lang='lat' dir='ltr'>vero</span> 
     </span>
     <span class='ocr_line' id='line_1_35' title="bbox 315 2144 1009 2187; baseline -0.006 -10"><span class='ocrx_word' id='word_1_169' title='bbox 315 2146 442 2187; x_wconf 81' lang='lat' dir='ltr'>duplex</span> <span class='ocrx_word' id='word_1_170' title='bbox 485 2147 539 2177; x_wconf 87' lang='lat' dir='ltr'>est</span> <span class='ocrx_word' id='word_1_171' title='bbox 581 2145 814 2181; x_wconf 77' lang='lat' dir='ltr'>constructio,</span> <span class='ocrx_word' id='word_1_172' title='bbox 855 2144 1009 2184; x_wconf 82' lang='lat' dir='ltr'>praestat</span> 
     </span>
     <span class='ocr_line' id='line_1_36' title="bbox 316 2192 1008 2231; baseline -0.006 -4"><span class='ocrx_word' id='word_1_173' title='bbox 316 2197 426 2227; x_wconf 85' lang='lat' dir='ltr'>haec:</span> <span class='ocrx_word' id='word_1_174' title='bbox 459 2195 518 2226; x_wconf 81' lang='lat' dir='ltr'>sibi</span> <span class='ocrx_word' id='word_1_175' title='bbox 542 2195 696 2225; x_wconf 69' lang='lat' dir='ltr'>luctuosis</span> <span class='ocrx_word' id='word_1_176' title='bbox 720 2195 754 2224; x_wconf 83' lang='lat' dir='ltr'>et</span> <span class='ocrx_word' id='word_1_177' title='bbox 777 2194 907 2224; x_wconf 78' lang='lat' dir='ltr'>dissidet</span> <span class='ocrx_word' id='word_1_178' title='bbox 930 2192 1008 2231; x_wconf 83' lang='lat' dir='ltr'>sibi,</span> 
     </span>
     <span class='ocr_line' id='line_1_37' title="bbox 318 2242 1010 2282; baseline -0.006 -6"><span class='ocrx_word' id='word_1_179' title='bbox 318 2245 428 2276; x_wconf 81' lang='lat' dir='ltr'>«inter</span> <span class='ocrx_word' id='word_1_180' title='bbox 451 2252 528 2282; x_wconf 79' lang='lat' dir='ltr'>se»,</span> <span class='ocrx_word' id='word_1_181' title='bbox 555 2245 593 2274; x_wconf 91' lang='lat' dir='ltr'>ut</span> <span class='ocrx_word' id='word_1_182' title='bbox 609 2243 670 2274; x_wconf 87' lang='lat' dir='ltr'>Od.</span> <span class='ocrx_word' id='word_1_183' title='bbox 691 2244 729 2279; x_wconf 64' lang='lat'>³2,</span> <span class='ocrx_word' id='word_1_184' title='bbox 748 2243 786 2279; x_wconf 62' lang='lat'>⁰2,</span> <span class='ocrx_word' id='word_1_185' title='bbox 808 2242 867 2273; x_wconf 76' lang='lat'>48:</span> <span class='ocrx_word' id='word_1_186' title='bbox 900 2242 1010 2273; x_wconf 84' lang='lat' dir='ltr'>Dissi-</span> 
     </span>
     <span class='ocr_line' id='line_1_38' title="bbox 317 2291 1012 2333; baseline -0.006 -8"><span class='ocrx_word' id='word_1_187' title='bbox 317 2295 394 2325; x_wconf 83' lang='lat' dir='ltr'>dens</span> <span class='ocrx_word' id='word_1_188' title='bbox 412 2293 500 2333; x_wconf 82' lang='lat' dir='ltr'>plebi</span> <span class='ocrx_word' id='word_1_189' title='bbox 515 2310 532 2315; x_wconf 85' lang='lat'><em>-</em></span> <span class='ocrx_word' id='word_1_190' title='bbox 546 2293 663 2323; x_wconf 71' lang='lat' dir='ltr'>virtus.</span> <span class='ocrx_word' id='word_1_191' title='bbox 705 2292 788 2322; x_wconf 84' lang='lat' dir='ltr'>voc.</span> <span class='ocrx_word' id='word_1_192' title='bbox 809 2292 930 2322; x_wconf 86' lang='lat' dir='ltr'>contra</span> <span class='ocrx_word' id='word_1_193' title='bbox 951 2291 1012 2321; x_wconf 83' lang='lat' dir='ltr'>sibi</span> 
     </span>
     <span class='ocr_line' id='line_1_39' title="bbox 318 2341 1011 2382; baseline -0.003 -9"><span class='ocrx_word' id='word_1_194' title='bbox 318 2351 399 2374; x_wconf 90' lang='lat' dir='ltr'>cum</span> <span class='ocrx_word' id='word_1_195' title='bbox 439 2352 471 2373; x_wconf 91' lang='lat' dir='ltr'>V.</span> <span class='ocrx_word' id='word_1_196' title='bbox 508 2342 642 2382; x_wconf 80' lang='lat' dir='ltr'>infestus</span> <span class='ocrx_word' id='word_1_197' title='bbox 676 2341 767 2380; x_wconf 91' lang='lat' dir='ltr'>iungi</span> <span class='ocrx_word' id='word_1_198' title='bbox 803 2349 872 2371; x_wconf 92' lang='lat' dir='ltr'>non</span> <span class='ocrx_word' id='word_1_199' title='bbox 907 2348 1011 2380; x_wconf 89' lang='lat' dir='ltr'>posse</span> 
     </span>
     <span class='ocr_line' id='line_1_40' title="bbox 319 2391 966 2431; baseline -0.006 -8"><span class='ocrx_word' id='word_1_200' title='bbox 319 2392 537 2423; x_wconf 86' lang='lat' dir='ltr'>demonstrat</span> <span class='ocrx_word' id='word_1_201' title='bbox 560 2391 633 2431; x_wconf 90' lang='lat' dir='ltr'>ipsa</span> <span class='ocrx_word' id='word_1_202' title='bbox 658 2398 782 2421; x_wconf 80' lang='lat' dir='ltr'>versus</span> <span class='ocrx_word' id='word_1_203' title='bbox 807 2398 966 2421; x_wconf 80' lang='lat' dir='ltr'>caesura.</span> 
     </span>
     <span class='ocr_line' id='line_1_41' title="bbox 360 2438 1010 2479; baseline -0.005 -8"><span class='ocrx_word' id='word_1_204' title='bbox 360 2441 412 2472; x_wconf 70' lang='lat'>24.</span> <span class='ocrx_word' id='word_1_205' title='bbox 440 2441 493 2471; x_wconf 68' lang='lat'>⁶22.</span> <span class='ocrx_word' id='word_1_206' title='bbox 518 2443 609 2471; x_wconf 75' lang='lat' dir='ltr'>vetus</span> <span class='ocrx_word' id='word_1_207' title='bbox 631 2438 739 2479; x_wconf 76' lang='lat' dir='ltr'>hostis]</span> <span class='ocrx_word' id='word_1_208' title='bbox 766 2439 837 2469; x_wconf 86' lang='lat' dir='ltr'>Liv.</span> <span class='ocrx_word' id='word_1_209' title='bbox 864 2438 926 2477; x_wconf 61' lang='lat'>28,</span> <span class='ocrx_word' id='word_1_210' title='bbox 947 2439 1010 2469; x_wconf 73' lang='lat'>42:</span> 
     </span>
     <span class='ocr_line' id='line_1_42' title="bbox 321 2488 1016 2529; baseline -0.003 -9"><span class='ocrx_word' id='word_1_211' title='bbox 321 2489 483 2529; x_wconf 83' lang='lat' dir='ltr'>Hispania</span> <span class='ocrx_word' id='word_1_212' title='bbox 504 2489 618 2528; x_wconf 70' lang='lat' dir='ltr'>prima</span> <span class='ocrx_word' id='word_1_213' title='bbox 641 2488 796 2519; x_wconf 82' lang='lat' dir='ltr'>Romanis</span> <span class='ocrx_word' id='word_1_214' title='bbox 824 2488 907 2518; x_wconf 77' lang='lat' dir='ltr'>inita</span> <span class='ocrx_word' id='word_1_215' title='bbox 932 2496 1016 2526; x_wconf 81' lang='lat' dir='ltr'>pro-</span> 
     </span>
     <span class='ocr_line' id='line_1_43' title="bbox 320 2534 1017 2577; baseline -0.003 -8"><span class='ocrx_word' id='word_1_216' title='bbox 320 2539 523 2575; x_wconf 79' lang='lat' dir='ltr'>vinciarum,</span> <span class='ocrx_word' id='word_1_217' title='bbox 561 2546 645 2577; x_wconf 81' lang='lat' dir='ltr'>quae</span> <span class='ocrx_word' id='word_1_218' title='bbox 668 2537 798 2576; x_wconf 37' lang='lat' dir='ltr'>quidem*</span> <span class='ocrx_word' id='word_1_219' title='bbox 821 2534 1017 2567; x_wconf 74' lang='lat' dir='ltr'>continentiS</span> 
     </span>
     <span class='ocr_line' id='line_1_44' title="bbox 321 2586 1016 2626; baseline -0.003 -9"><span class='ocrx_word' id='word_1_220' title='bbox 321 2590 416 2625; x_wconf 74' lang='lat' dir='ltr'>szmt,</span> <span class='ocrx_word' id='word_1_221' title='bbox 439 2590 608 2626; x_wconf 77' lang='lat' dir='ltr'>postrema</span> <span class='ocrx_word' id='word_1_222' title='bbox 631 2586 776 2616; x_wconf 74' lang='lat' dir='ltr'>omnium</span> <span class='ocrx_word' id='word_1_223' title='bbox 791 2610 798 2621; x_wconf 93' lang='lat'><strong>,</strong></span> <span class='ocrx_word' id='word_1_224' title='bbox 825 2588 938 2615; x_wconf 77' lang='lat' dir='ltr'>nostra</span> <span class='ocrx_word' id='word_1_225' title='bbox 960 2586 1016 2616; x_wconf 86' lang='lat' dir='ltr'>de—</span> 
     </span>
     <span class='ocr_line' id='line_1_45' title="bbox 322 2634 1018 2674; baseline 0.001 -9"><span class='ocrx_word' id='word_1_226' title='bbox 322 2644 412 2666; x_wconf 82' lang='lat' dir='ltr'>mum</span> <span class='ocrx_word' id='word_1_227' title='bbox 435 2639 559 2674; x_wconf 77' lang='lat' dir='ltr'>aetate,</span> <span class='ocrx_word' id='word_1_228' title='bbox 593 2636 692 2666; x_wconf 81' lang='lat' dir='ltr'>ductu</span> <span class='ocrx_word' id='word_1_229' title='bbox 715 2634 926 2673; x_wconf 69' lang='lat' dir='ltr'>auspicioque</span> <span class='ocrx_word' id='word_1_230' title='bbox 948 2635 1018 2666; x_wconf 85' lang='lat' dir='ltr'>Au—</span> 
     </span>
     <span class='ocr_line' id='line_1_46' title="bbox 322 2683 1018 2723; baseline 0 -10"><span class='ocrx_word' id='word_1_231' title='bbox 322 2684 409 2722; x_wconf 54' lang='lat' dir='ltr'>,qusti</span> <span class='ocrx_word' id='word_1_232' title='bbox 425 2684 577 2715; x_wconf 84' lang='lat' dir='ltr'>Caesaris</span> <span class='ocrx_word' id='word_1_233' title='bbox 587 2683 773 2723; x_wconf 76' lang='lat' dir='ltr'>perdomita</span> <span class='ocrx_word' id='word_1_234' title='bbox 789 2685 846 2713; x_wconf 81' lang='lat' dir='ltr'>est.</span> <span class='ocrx_word' id='word_1_235' title='bbox 869 2701 902 2705; x_wconf 91' lang='lat'><strong>—</strong></span> <span class='ocrx_word' id='word_1_236' title='bbox 930 2683 1018 2714; x_wconf 86' lang='lat' dir='ltr'>Can-</span> 
     </span>
     <span class='ocr_line' id='line_1_47' title="bbox 324 2732 1019 2772; baseline 0.001 -10"><span class='ocrx_word' id='word_1_237' title='bbox 324 2732 425 2772; x_wconf 77' lang='lat' dir='ltr'>taber]</span> <span class='ocrx_word' id='word_1_238' title='bbox 453 2732 615 2763; x_wconf 76' lang='lat' dir='ltr'>Cantabri</span> <span class='ocrx_word' id='word_1_239' title='bbox 643 2733 674 2763; x_wconf 93' lang='lat' dir='ltr'>in</span> <span class='ocrx_word' id='word_1_240' title='bbox 702 2732 861 2772; x_wconf 81' lang='lat' dir='ltr'>Hispania</span> <span class='ocrx_word' id='word_1_241' title='bbox 881 2733 1019 2771; x_wconf 79' lang='lat' dir='ltr'>septen—</span> 
     </span>
    </p>
   </div>
   <div class='ocr_carea' id='block_1_9' title="bbox 1041 817 1740 1146">
    <p class='ocr_par' dir='ltr' id='par_1_9' title="bbox 1041 817 1740 1146">
     <span class='ocr_line' id='line_1_48' title="bbox 1041 817 1737 851; baseline -0.006 0"><span class='ocrx_word' id='word_1_242' title='bbox 1041 819 1178 851; x_wconf 87' lang='lat' dir='ltr'>trionali</span> <span class='ocrx_word' id='word_1_243' title='bbox 1211 819 1333 850; x_wconf 87' lang='lat' dir='ltr'>domiti</span> <span class='ocrx_word' id='word_1_244' title='bbox 1369 828 1399 849; x_wconf 89' lang='lat' dir='ltr'>a.</span> <span class='ocrx_word' id='word_1_245' title='bbox 1426 828 1459 849; x_wconf 86' lang='lat' dir='ltr'>u.</span> <span class='ocrx_word' id='word_1_246' title='bbox 1487 828 1517 849; x_wconf 83' lang='lat' dir='ltr'>c.</span> <span class='ocrx_word' id='word_1_247' title='bbox 1543 817 1616 849; x_wconf 77' lang='lat'>734.</span> <span class='ocrx_word' id='word_1_248' title='bbox 1675 818 1737 848; x_wconf 86' lang='lat' dir='ltr'>Dio</span> 
     </span>
     <span class='ocr_line' id='line_1_49' title="bbox 1043 867 1737 907; baseline -0.006 -7"><span class='ocrx_word' id='word_1_249' title='bbox 1043 869 1103 907; x_wconf 76' lang='lat'>53,</span> <span class='ocrx_word' id='word_1_250' title='bbox 1130 870 1182 900; x_wconf 69' lang='lat'>25.</span> <span class='ocrx_word' id='word_1_251' title='bbox 1232 868 1300 900; x_wconf 83' lang='lat' dir='ltr'>Csr.</span> <span class='ocrx_word' id='word_1_252' title='bbox 1327 868 1389 899; x_wconf 85' lang='lat' dir='ltr'>Od.</span> <span class='ocrx_word' id='word_1_253' title='bbox 1420 868 1457 905; x_wconf 61' lang='grc' dir='ltr'>Ξ,</span> <span class='ocrx_word' id='word_1_254' title='bbox 1487 867 1524 905; x_wconf 89' lang='grc'>6,</span> <span class='ocrx_word' id='word_1_255' title='bbox 1542 868 1585 898; x_wconf 66' lang='lat'>2:</span> <span class='ocrx_word' id='word_1_256' title='bbox 1613 867 1737 898; x_wconf 74' lang='lat' dir='ltr'>Canta—</span> 
     </span>
     <span class='ocr_line' id='line_1_50' title="bbox 1043 917 1735 958; baseline -0.004 -9"><span class='ocrx_word' id='word_1_257' title='bbox 1043 919 1139 950; x_wconf 81' lang='lat' dir='ltr'>brum</span> <span class='ocrx_word' id='word_1_258' title='bbox 1173 919 1339 949; x_wconf 79' lang='lat' dir='ltr'>indoctum</span> <span class='ocrx_word' id='word_1_259' title='bbox 1374 919 1454 958; x_wconf 63' lang='lat' dir='ltr'>iuga</span> <span class='ocrx_word' id='word_1_260' title='bbox 1487 917 1577 957; x_wconf 76' lang='lat' dir='ltr'>ferre</span> <span class='ocrx_word' id='word_1_261' title='bbox 1610 920 1735 948; x_wconf 72' lang='lat' dir='ltr'>nostra.</span> 
     </span>
     <span class='ocr_line' id='line_1_51' title="bbox 1044 965 1740 1006; baseline -0.004 -7"><span class='ocrx_word' id='word_1_262' title='bbox 1044 968 1107 999; x_wconf 92' lang='lat' dir='ltr'>Od.</span> <span class='ocrx_word' id='word_1_263' title='bbox 1127 967 1166 1005; x_wconf 75' lang='lat'>4,</span> <span class='ocrx_word' id='word_1_264' title='bbox 1187 967 1246 1005; x_wconf 73' lang='lat'>44,</span> <span class='ocrx_word' id='word_1_265' title='bbox 1266 966 1301 998; x_wconf 70' lang='lat'>44</span> <span class='ocrx_word' id='word_1_266' title='bbox 1321 976 1326 996; x_wconf 92' lang='lat'>:</span> <span class='ocrx_word' id='word_1_267' title='bbox 1371 967 1409 998; x_wconf 87' lang='lat' dir='ltr'>Te</span> <span class='ocrx_word' id='word_1_268' title='bbox 1440 966 1615 1006; x_wconf 79' lang='lat' dir='ltr'>(Auguste)</span> <span class='ocrx_word' id='word_1_269' title='bbox 1653 965 1740 997; x_wconf 80' lang='lat' dir='ltr'>Can-</span> 
     </span>
     <span class='ocr_line' id='line_1_52' title="bbox 1045 1015 1738 1048; baseline -0.004 0"><span class='ocrx_word' id='word_1_270' title='bbox 1045 1016 1138 1048; x_wconf 78' lang='lat' dir='ltr'>taber</span> <span class='ocrx_word' id='word_1_271' title='bbox 1153 1026 1218 1048; x_wconf 80' lang='lat' dir='ltr'>non</span> <span class='ocrx_word' id='word_1_272' title='bbox 1235 1019 1312 1047; x_wconf 76' lang='lat' dir='ltr'>anie</span> <span class='ocrx_word' id='word_1_273' title='bbox 1327 1015 1500 1046; x_wconf 79' lang='lat' dir='ltr'>domabilis</span> <span class='ocrx_word' id='word_1_274' title='bbox 1514 1033 1531 1037; x_wconf 98' lang='lat'><em>-</em></span> <span class='ocrx_word' id='word_1_275' title='bbox 1547 1032 1565 1037; x_wconf 90' lang='lat'>-</span> <span class='ocrx_word' id='word_1_276' title='bbox 1580 1015 1738 1045; x_wconf 74' lang='lat' dir='ltr'>Miratur.</span> 
     </span>
     <span class='ocr_line' id='line_1_53' title="bbox 1046 1064 1740 1107; baseline -0.007 -9"><span class='ocrx_word' id='word_1_277' title='bbox 1046 1067 1132 1107; x_wconf 88' lang='lat' dir='ltr'>Epp.</span> <span class='ocrx_word' id='word_1_278' title='bbox 1153 1067 1165 1096; x_wconf 76' lang='lat' dir='ltr'>l</span> <span class='ocrx_word' id='word_1_279' title='bbox 1184 1090 1190 1104; x_wconf 90' lang='lat'>‚</span> <span class='ocrx_word' id='word_1_280' title='bbox 1211 1065 1268 1104; x_wconf 74' lang='lat'>42,</span> <span class='ocrx_word' id='word_1_281' title='bbox 1286 1065 1344 1096; x_wconf 72' lang='lat'>26:</span> <span class='ocrx_word' id='word_1_282' title='bbox 1388 1064 1551 1096; x_wconf 77' lang='lat' dir='ltr'>Cantaber</span> <span class='ocrx_word' id='word_1_283' title='bbox 1573 1064 1740 1104; x_wconf 69' lang='lat' dir='ltr'>Aqrippae</span> 
     </span>
     <span class='ocr_line' id='line_1_54' title="bbox 1047 1114 1377 1146; baseline -0.006 0"><span class='ocrx_word' id='word_1_284' title='bbox 1047 1133 1065 1138; x_wconf 91' lang='lat'><em>-</em></span> <span class='ocrx_word' id='word_1_285' title='bbox 1080 1116 1203 1146; x_wconf 70' lang='lat' dir='ltr'>virtute</span> <span class='ocrx_word' id='word_1_286' title='bbox 1218 1131 1235 1137; x_wconf 94' lang='lat'><em>-</em></span> <span class='ocrx_word' id='word_1_287' title='bbox 1252 1114 1377 1145; x_wconf 76' lang='lat' dir='ltr'>cecidit.</span> 
     </span>
    </p>
   </div>
   <div class='ocr_carea' id='block_1_10' title="bbox 1048 1181 1754 2001">
    <p class='ocr_par' dir='ltr' id='par_1_10' title="bbox 1048 1181 1754 2001">
     <span class='ocr_line' id='line_1_55' title="bbox 1090 1181 1739 1222; baseline -0.002 -9"><span class='ocrx_word' id='word_1_288' title='bbox 1090 1182 1142 1213; x_wconf 63' lang='lat'>23.</span> <span class='ocrx_word' id='word_1_289' title='bbox 1161 1181 1215 1214; x_wconf 74' lang='lat'>⁶24.</span> <span class='ocrx_word' id='word_1_290' title='bbox 1235 1181 1391 1222; x_wconf 77' lang='lat' dir='ltr'>Scythae]</span> <span class='ocrx_word' id='word_1_291' title='bbox 1418 1181 1540 1217; x_wconf 82' lang='lat' dir='ltr'>iidem,</span> <span class='ocrx_word' id='word_1_292' title='bbox 1565 1189 1654 1221; x_wconf 90' lang='lat' dir='ltr'>quos</span> <span class='ocrx_word' id='word_1_293' title='bbox 1670 1190 1739 1212; x_wconf 79' lang='grc' dir='ltr'>κυ-</span> 
     </span>
     <span class='ocr_line' id='line_1_56' title="bbox 1048 1229 1742 1276; baseline -0.001 -15"><span class='ocrx_word' id='word_1_294' title='bbox 1048 1232 1233 1276; x_wconf 72' lang='grc' dir='ltr'>ριωτέρως</span> <span class='ocrx_word' id='word_1_295' title='bbox 1257 1231 1395 1262; x_wconf 85' lang='lat' dir='ltr'>Gelonos</span> <span class='ocrx_word' id='word_1_296' title='bbox 1420 1231 1523 1261; x_wconf 73' lang='lat' dir='ltr'>vocat</span> <span class='ocrx_word' id='word_1_297' title='bbox 1551 1229 1612 1261; x_wconf 88' lang='lat' dir='ltr'>Od.</span> <span class='ocrx_word' id='word_1_298' title='bbox 1640 1230 1678 1267; x_wconf 72' lang='lat'>2,</span> <span class='ocrx_word' id='word_1_299' title='bbox 1704 1230 1742 1265; x_wconf 78' lang='lat'>0,</span> 
     </span>
     <span class='ocr_line' id='line_1_57' title="bbox 1049 1278 1747 1317; baseline -0.003 -6"><span class='ocrx_word' id='word_1_300' title='bbox 1049 1281 1102 1312; x_wconf 72' lang='lat'>23</span> <span class='ocrx_word' id='word_1_301' title='bbox 1142 1279 1227 1311; x_wconf 84' lang='lat' dir='ltr'>Flor.</span> <span class='ocrx_word' id='word_1_302' title='bbox 1254 1279 1293 1317; x_wconf 80' lang='lat'>4,</span> <span class='ocrx_word' id='word_1_303' title='bbox 1314 1280 1353 1310; x_wconf 45' lang='lat'>⁴¹2</span> <span class='ocrx_word' id='word_1_304' title='bbox 1368 1305 1374 1317; x_wconf 91' lang='lat'><strong>,</strong></span> <span class='ocrx_word' id='word_1_305' title='bbox 1392 1279 1453 1310; x_wconf 71' lang='lat'>20:</span> <span class='ocrx_word' id='word_1_306' title='bbox 1480 1278 1659 1310; x_wconf 80' lang='lat' dir='ltr'>Sarmatae</span> <span class='ocrx_word' id='word_1_307' title='bbox 1682 1288 1747 1317; x_wconf 70' lang='lat' dir='ltr'>pa—</span> 
     </span>
     <span class='ocr_line' id='line_1_58' title="bbox 1049 1329 1747 1368; baseline -0.003 -7"><span class='ocrx_word' id='word_1_308' title='bbox 1049 1329 1186 1361; x_wconf 81' lang='lat' dir='ltr'>tentibus</span> <span class='ocrx_word' id='word_1_309' title='bbox 1200 1329 1327 1368; x_wconf 75' lang='lat' dir='ltr'>campis</span> <span class='ocrx_word' id='word_1_310' title='bbox 1348 1329 1547 1368; x_wconf 73' lang='lat' dir='ltr'>inequitani;</span> <span class='ocrx_word' id='word_1_311' title='bbox 1572 1332 1601 1359; x_wconf 73' lang='lat' dir='ltr'>et</span> <span class='ocrx_word' id='word_1_312' title='bbox 1617 1329 1672 1359; x_wconf 84' lang='lat' dir='ltr'>hos</span> <span class='ocrx_word' id='word_1_313' title='bbox 1688 1337 1747 1368; x_wconf 78' lang='lat' dir='ltr'>per</span> 
     </span>
     <span class='ocr_line' id='line_1_59' title="bbox 1051 1377 1746 1417; baseline -0.003 -8"><span class='ocrx_word' id='word_1_314' title='bbox 1051 1396 1069 1401; x_wconf 93' lang='lat'>—</span> <span class='ocrx_word' id='word_1_315' title='bbox 1084 1378 1257 1410; x_wconf 79' lang='lat' dir='ltr'>Lentulum</span> <span class='ocrx_word' id='word_1_316' title='bbox 1280 1377 1455 1417; x_wconf 77' lang='lat' dir='ltr'>prohibere</span> <span class='ocrx_word' id='word_1_317' title='bbox 1488 1377 1643 1408; x_wconf 80' lang='lat' dir='ltr'>Danubio</span> <span class='ocrx_word' id='word_1_318' title='bbox 1667 1377 1746 1408; x_wconf 71' lang='lat' dir='ltr'>salis</span> 
     </span>
     <span class='ocr_line' id='line_1_60' title="bbox 1050 1425 1745 1468; baseline -0.004 -10"><span class='ocrx_word' id='word_1_319' title='bbox 1050 1428 1123 1468; x_wconf 76' lang='lat' dir='ltr'>fuit.</span> <span class='ocrx_word' id='word_1_320' title='bbox 1152 1427 1230 1466; x_wconf 73' lang='lat' dir='ltr'>(Cir.</span> <span class='ocrx_word' id='word_1_321' title='bbox 1259 1427 1303 1459; x_wconf 91' lang='lat' dir='ltr'>de</span> <span class='ocrx_word' id='word_1_322' title='bbox 1330 1428 1364 1458; x_wconf 93' lang='lat' dir='ltr'>h.</span> <span class='ocrx_word' id='word_1_323' title='bbox 1394 1425 1415 1457; x_wconf 94' lang='lat' dir='ltr'>l.</span> <span class='ocrx_word' id='word_1_324' title='bbox 1448 1427 1560 1466; x_wconf 81' lang='lat' dir='ltr'>Unger</span> <span class='ocrx_word' id='word_1_325' title='bbox 1582 1426 1620 1457; x_wconf 92' lang='lat' dir='ltr'>V.</span> <span class='ocrx_word' id='word_1_326' title='bbox 1649 1427 1686 1457; x_wconf 85' lang='lat' dir='ltr'>R.</span> <span class='ocrx_word' id='word_1_327' title='bbox 1712 1434 1745 1466; x_wconf 86' lang='lat' dir='ltr'>p.</span> 
     </span>
     <span class='ocr_line' id='line_1_61' title="bbox 1053 1475 1746 1515; baseline -0.006 -7"><span class='ocrx_word' id='word_1_328' title='bbox 1053 1477 1127 1508; x_wconf 80' lang='lat'>356.</span> <span class='ocrx_word' id='word_1_329' title='bbox 1164 1478 1198 1507; x_wconf 86' lang='lat' dir='ltr'>et</span> <span class='ocrx_word' id='word_1_330' title='bbox 1222 1476 1309 1515; x_wconf 79' lang='grc'>361.)</span> <span class='ocrx_word' id='word_1_331' title='bbox 1350 1494 1385 1498; x_wconf 82' lang='lat'>——</span> <span class='ocrx_word' id='word_1_332' title='bbox 1427 1475 1521 1515; x_wconf 55' lang='lat' dir='ltr'>lamo]</span> <span class='ocrx_word' id='word_1_333' title='bbox 1555 1475 1746 1512; x_wconf 88' lang='lat' dir='ltr'>«remisso,</span> 
     </span>
     <span class='ocr_line' id='line_1_62' title="bbox 1054 1524 1748 1557; baseline -0.004 0"><span class='ocrx_word' id='word_1_334' title='bbox 1054 1525 1311 1557; x_wconf 83' lang='lat' dir='ltr'>incursionibus</span> <span class='ocrx_word' id='word_1_335' title='bbox 1334 1525 1366 1556; x_wconf 91' lang='lat' dir='ltr'>in</span> <span class='ocrx_word' id='word_1_336' title='bbox 1385 1524 1471 1555; x_wconf 84' lang='lat' dir='ltr'>fines</span> <span class='ocrx_word' id='word_1_337' title='bbox 1489 1525 1662 1556; x_wconf 84' lang='lat' dir='ltr'>Romanos</span> <span class='ocrx_word' id='word_1_338' title='bbox 1681 1525 1748 1555; x_wconf 85' lang='lat' dir='ltr'>iam</span> 
     </span>
     <span class='ocr_line' id='line_1_63' title="bbox 1054 1566 1747 1613; baseline -0.004 -7"><span class='ocrx_word' id='word_1_339' title='bbox 1054 1575 1318 1606; x_wconf 86' lang='lat' dir='ltr'>renuntiaturi.»</span> <span class='ocrx_word' id='word_1_340' title='bbox 1356 1566 1553 1613; x_wconf 59' lang='lat' dir='ltr'>Virg.&#39;Aen.</span> <span class='ocrx_word' id='word_1_341' title='bbox 1575 1574 1608 1604; x_wconf 72' lang='lat' dir='ltr'>ll</span> <span class='ocrx_word' id='word_1_342' title='bbox 1628 1599 1634 1611; x_wconf 83' lang='grc'>,</span> <span class='ocrx_word' id='word_1_343' title='bbox 1661 1573 1724 1605; x_wconf 66' lang='lat'>874</span> <span class='ocrx_word' id='word_1_344' title='bbox 1742 1583 1747 1603; x_wconf 72' lang='grc' dir='ltr'><em>τ</em></span> 
     </span>
     <span class='ocr_line' id='line_1_64' title="bbox 1054 1622 1749 1663; baseline -0.004 -8"><span class='ocrx_word' id='word_1_345' title='bbox 1054 1625 1117 1655; x_wconf 87' lang='lat' dir='ltr'>Sed</span> <span class='ocrx_word' id='word_1_346' title='bbox 1133 1624 1230 1655; x_wconf 62' lang='lat' dir='ltr'>lautos</span> <span class='ocrx_word' id='word_1_347' title='bbox 1253 1623 1399 1663; x_wconf 72' lang='lat' dir='ltr'>referunt</span> <span class='ocrx_word' id='word_1_348' title='bbox 1421 1623 1564 1653; x_wconf 76' lang='lat' dir='ltr'>humeris</span> <span class='ocrx_word' id='word_1_349' title='bbox 1587 1622 1749 1663; x_wconf 72' lang='lat' dir='ltr'>lanquen—</span> 
     </span>
     <span class='ocr_line' id='line_1_65' title="bbox 1054 1671 1749 1711; baseline -0.003 -7"><span class='ocrx_word' id='word_1_350' title='bbox 1054 1673 1138 1704; x_wconf 72' lang='lat' dir='ltr'>tibus</span> <span class='ocrx_word' id='word_1_351' title='bbox 1160 1681 1268 1703; x_wconf 78' lang='lat' dir='ltr'>arcus.</span> <span class='ocrx_word' id='word_1_352' title='bbox 1298 1690 1332 1694; x_wconf 97' lang='lat'><strong>—</strong></span> <span class='ocrx_word' id='word_1_353' title='bbox 1371 1672 1572 1703; x_wconf 73' lang='lat' dir='ltr'>meditantur·</span> <span class='ocrx_word' id='word_1_354' title='bbox 1587 1689 1605 1694; x_wconf 95' lang='lat'>-</span> <span class='ocrx_word' id='word_1_355' title='bbox 1622 1671 1749 1711; x_wconf 75' lang='lat' dir='ltr'>Cedere]</span> 
     </span>
     <span class='ocr_line' id='line_1_66' title="bbox 1055 1721 1749 1763; baseline -0.003 -9"><span class='ocrx_word' id='word_1_356' title='bbox 1055 1724 1088 1754; x_wconf 94' lang='lat' dir='ltr'>in</span> <span class='ocrx_word' id='word_1_357' title='bbox 1113 1731 1164 1763; x_wconf 86' lang='lat' dir='ltr'>pr.</span> <span class='ocrx_word' id='word_1_358' title='bbox 1191 1723 1303 1753; x_wconf 68' lang='lat' dir='ltr'>orat:</span> <span class='ocrx_word' id='word_1_359' title='bbox 1346 1722 1444 1752; x_wconf 85' lang='lat' dir='ltr'>«iam</span> <span class='ocrx_word' id='word_1_360' title='bbox 1468 1721 1551 1752; x_wconf 92' lang='lat' dir='ltr'>inibi</span> <span class='ocrx_word' id='word_1_361' title='bbox 1576 1723 1672 1759; x_wconf 85' lang='lat' dir='ltr'>sunt,</span> <span class='ocrx_word' id='word_1_362' title='bbox 1714 1724 1749 1752; x_wconf 83' lang='lat' dir='ltr'>ut</span> 
     </span>
     <span class='ocr_line' id='line_1_67' title="bbox 1056 1770 1753 1811; baseline -0.003 -8"><span class='ocrx_word' id='word_1_363' title='bbox 1056 1780 1093 1803; x_wconf 86' lang='lat' dir='ltr'>se</span> <span class='ocrx_word' id='word_1_364' title='bbox 1110 1772 1281 1811; x_wconf 87' lang='lat' dir='ltr'>recipiant</span> <span class='ocrx_word' id='word_1_365' title='bbox 1298 1770 1396 1804; x_wconf 81' lang='lat' dir='ltr'>inde,</span> <span class='ocrx_word' id='word_1_366' title='bbox 1417 1779 1485 1810; x_wconf 88' lang='lat' dir='ltr'>quo</span> <span class='ocrx_word' id='word_1_367' title='bbox 1503 1772 1636 1802; x_wconf 87' lang='lat' dir='ltr'>temere</span> <span class='ocrx_word' id='word_1_368' title='bbox 1654 1772 1753 1801; x_wconf 89' lang='lat' dir='ltr'>erant</span> 
     </span>
     <span class='ocr_line' id='line_1_68' title="bbox 1056 1819 1752 1861; baseline -0.001 -10"><span class='ocrx_word' id='word_1_369' title='bbox 1056 1822 1268 1861; x_wconf 76' lang='lat' dir='ltr'>progressi.»</span> <span class='ocrx_word' id='word_1_370' title='bbox 1315 1820 1471 1851; x_wconf 78' lang='lat' dir='ltr'>Medilc11·i</span> <span class='ocrx_word' id='word_1_371' title='bbox 1488 1828 1569 1850; x_wconf 81' lang='lat' dir='ltr'>cum</span> <span class='ocrx_word' id='word_1_372' title='bbox 1587 1819 1752 1851; x_wconf 73' lang='lat' dir='ltr'>infinitivo</span> 
     </span>
     <span class='ocr_line' id='line_1_69' title="bbox 1057 1869 1754 1907; baseline -0.003 -6"><span class='ocrx_word' id='word_1_373' title='bbox 1057 1870 1162 1901; x_wconf 83' lang='lat' dir='ltr'>etiam</span> <span class='ocrx_word' id='word_1_374' title='bbox 1193 1870 1260 1900; x_wconf 82' lang='lat' dir='ltr'>Sat.</span> <span class='ocrx_word' id='word_1_375' title='bbox 1288 1869 1324 1906; x_wconf 62' lang='grc' dir='ltr'>ἓ,</span> <span class='ocrx_word' id='word_1_376' title='bbox 1351 1869 1389 1907; x_wconf 87' lang='grc'>3,</span> <span class='ocrx_word' id='word_1_377' title='bbox 1416 1869 1496 1900; x_wconf 70' lang='lat'>263:</span> <span class='ocrx_word' id='word_1_378' title='bbox 1524 1869 1754 1899; x_wconf 64' lang='lat' dir='ltr'>cin-mediter</span> 
     </span>
     <span class='ocr_line' id='line_1_70' title="bbox 1054 1917 1750 1960; baseline -0.003 -11"><span class='ocrx_word' id='word_1_379' title='bbox 1054 1919 1152 1960; x_wconf 74' lang='lat' dir='ltr'>finire</span> <span class='ocrx_word' id='word_1_380' title='bbox 1174 1917 1329 1949; x_wconf 78' lang='lat' dir='ltr'>labores?</span> <span class='ocrx_word' id='word_1_381' title='bbox 1368 1917 1511 1949; x_wconf 89' lang='lat' dir='ltr'>Rutilius</span> <span class='ocrx_word' id='word_1_382' title='bbox 1536 1919 1620 1958; x_wconf 90' lang='lat' dir='ltr'>Lup.</span> <span class='ocrx_word' id='word_1_383' title='bbox 1649 1919 1682 1954; x_wconf 58' lang='lat'>21,</span> <span class='ocrx_word' id='word_1_384' title='bbox 1711 1919 1722 1947; x_wconf 55' lang='lat' dir='ltr'>sl</span> <span class='ocrx_word' id='word_1_385' title='bbox 1745 1928 1750 1947; x_wconf 77' lang='lat' dir='ltr'>t</span> 
     </span>
     <span class='ocr_line' id='line_1_71' title="bbox 1057 1968 1514 2001; baseline -0.004 -2"><span class='ocrx_word' id='word_1_386' title='bbox 1057 1978 1115 1999; x_wconf 76' lang='lat' dir='ltr'>nos</span> <span class='ocrx_word' id='word_1_387' title='bbox 1130 1986 1148 1990; x_wconf 98' lang='lat'><em>-</em></span> <span class='ocrx_word' id='word_1_388' title='bbox 1164 1986 1182 1991; x_wconf 92' lang='lat'><em>-</em></span> <span class='ocrx_word' id='word_1_389' title='bbox 1196 1968 1282 1998; x_wconf 71' lang='lat' dir='ltr'>vinei</span> <span class='ocrx_word' id='word_1_390' title='bbox 1305 1968 1514 2001; x_wconf 79' lang='lat' dir='ltr'>meditamur.</span> 
     </span>
    </p>
   </div>
   <div class='ocr_carea' id='block_1_11' title="bbox 1060 2035 1760 2704">
    <p class='ocr_par' dir='ltr' id='par_1_11' title="bbox 1060 2035 1760 2704">
     <span class='ocr_line' id='line_1_72' title="bbox 1102 2035 1754 2076; baseline -0.002 -9"><span class='ocrx_word' id='word_1_391' title='bbox 1102 2037 1154 2067; x_wconf 70' lang='lat'>25.</span> <span class='ocrx_word' id='word_1_392' title='bbox 1203 2035 1399 2076; x_wconf 70' lang='lat' dir='ltr'>Neyleqens]</span> <span class='ocrx_word' id='word_1_393' title='bbox 1442 2036 1645 2072; x_wconf 86' lang='lat' dir='ltr'>«Securus,</span> <span class='ocrx_word' id='word_1_394' title='bbox 1686 2044 1754 2066; x_wconf 91' lang='lat' dir='ltr'>non</span> 
     </span>
     <span class='ocr_line' id='line_1_73' title="bbox 1060 2083 1755 2117; baseline -0.001 -1"><span class='ocrx_word' id='word_1_395' title='bbox 1060 2086 1221 2117; x_wconf 84' lang='lat' dir='ltr'>timens.»</span> <span class='ocrx_word' id='word_1_396' title='bbox 1255 2085 1374 2116; x_wconf 63' lang='lat' dir='ltr'>Senon.</span> <span class='ocrx_word' id='word_1_397' title='bbox 1425 2085 1517 2115; x_wconf 86' lang='lat' dir='ltr'>«Hoc</span> <span class='ocrx_word' id='word_1_398' title='bbox 1541 2083 1666 2115; x_wconf 87' lang='lat' dir='ltr'>saltem</span> <span class='ocrx_word' id='word_1_399' title='bbox 1699 2084 1755 2115; x_wconf 83' lang='lat' dir='ltr'>dic</span> 
     </span>
     <span class='ocr_line' id='line_1_74' title="bbox 1060 2133 1756 2174; baseline -0.003 -8"><span class='ocrx_word' id='word_1_400' title='bbox 1060 2135 1181 2166; x_wconf 84' lang='lat' dir='ltr'>omitte</span> <span class='ocrx_word' id='word_1_401' title='bbox 1211 2133 1462 2174; x_wconf 87' lang='lat' dir='ltr'>aliquantisper</span> <span class='ocrx_word' id='word_1_402' title='bbox 1491 2133 1649 2165; x_wconf 85' lang='lat' dir='ltr'>assiduas</span> <span class='ocrx_word' id='word_1_403' title='bbox 1679 2135 1756 2165; x_wconf 87' lang='lat' dir='ltr'>tuas</span> 
     </span>
     <span class='ocr_line' id='line_1_75' title="bbox 1060 2182 1755 2225; baseline -0.001 -11"><span class='ocrx_word' id='word_1_404' title='bbox 1060 2193 1124 2225; x_wconf 92' lang='lat' dir='ltr'>pro</span> <span class='ocrx_word' id='word_1_405' title='bbox 1159 2183 1277 2224; x_wconf 90' lang='lat' dir='ltr'>populi</span> <span class='ocrx_word' id='word_1_406' title='bbox 1316 2182 1427 2215; x_wconf 87' lang='lat' dir='ltr'>salute</span> <span class='ocrx_word' id='word_1_407' title='bbox 1474 2192 1576 2215; x_wconf 87' lang='lat' dir='ltr'>curas</span> <span class='ocrx_word' id='word_1_408' title='bbox 1616 2182 1755 2223; x_wconf 82' lang='lat' dir='ltr'>nolique</span> 
     </span>
     <span class='ocr_line' id='line_1_76' title="bbox 1062 2231 1757 2272; baseline -0.001 -8"><span class='ocrx_word' id='word_1_409' title='bbox 1062 2233 1166 2264; x_wconf 88' lang='lat' dir='ltr'>nimis</span> <span class='ocrx_word' id='word_1_410' title='bbox 1198 2231 1364 2264; x_wconf 88' lang='lat' dir='ltr'>sollicitus</span> <span class='ocrx_word' id='word_1_411' title='bbox 1395 2240 1473 2263; x_wconf 86' lang='lat' dir='ltr'>esse</span> <span class='ocrx_word' id='word_1_412' title='bbox 1498 2232 1542 2263; x_wconf 85' lang='lat' dir='ltr'>de</span> <span class='ocrx_word' id='word_1_413' title='bbox 1569 2233 1668 2264; x_wconf 86' lang='lat' dir='ltr'>novis</span> <span class='ocrx_word' id='word_1_414' title='bbox 1693 2240 1757 2272; x_wconf 87' lang='lat' dir='ltr'>pe-</span> 
     </span>
     <span class='ocr_line' id='line_1_77' title="bbox 1062 2280 1758 2322; baseline 0 -9"><span class='ocrx_word' id='word_1_415' title='bbox 1062 2281 1178 2313; x_wconf 88' lang='lat' dir='ltr'>riculis</span> <span class='ocrx_word' id='word_1_416' title='bbox 1203 2283 1252 2313; x_wconf 84' lang='lat' dir='ltr'>rei</span> <span class='ocrx_word' id='word_1_417' title='bbox 1276 2280 1437 2322; x_wconf 85' lang='lat' dir='ltr'>publicae</span> <span class='ocrx_word' id='word_1_418' title='bbox 1464 2281 1611 2314; x_wconf 82' lang='lat' dir='ltr'>fortasse</span> <span class='ocrx_word' id='word_1_419' title='bbox 1641 2282 1758 2313; x_wconf 82' lang='lat' dir='ltr'>immi—</span> 
     </span>
     <span class='ocr_line' id='line_1_78' title="bbox 1063 2330 1758 2368; baseline -0.003 -5"><span class='ocrx_word' id='word_1_420' title='bbox 1063 2330 1263 2363; x_wconf 85' lang='lat' dir='ltr'>nentibus.»</span> <span class='ocrx_word' id='word_1_421' title='bbox 1289 2331 1379 2362; x_wconf 86' lang='lat' dir='ltr'>Scite</span> <span class='ocrx_word' id='word_1_422' title='bbox 1397 2331 1650 2368; x_wconf 76' lang='lat' dir='ltr'>Maecenatem,</span> <span class='ocrx_word' id='word_1_423' title='bbox 1673 2330 1758 2361; x_wconf 76' lang='lat' dir='ltr'>(lum</span> 
     </span>
     <span class='ocr_line' id='line_1_79' title="bbox 1064 2378 1758 2420; baseline -0.001 -9"><span class='ocrx_word' id='word_1_424' title='bbox 1064 2388 1147 2412; x_wconf 88' lang='lat' dir='ltr'>eum</span> <span class='ocrx_word' id='word_1_425' title='bbox 1197 2378 1241 2410; x_wconf 91' lang='lat' dir='ltr'>ad</span> <span class='ocrx_word' id='word_1_426' title='bbox 1291 2388 1415 2411; x_wconf 87' lang='lat' dir='ltr'>omnes</span> <span class='ocrx_word' id='word_1_427' title='bbox 1461 2388 1563 2411; x_wconf 89' lang='lat' dir='ltr'>curas</span> <span class='ocrx_word' id='word_1_428' title='bbox 1600 2378 1758 2420; x_wconf 87' lang='lat' dir='ltr'>publicas</span> 
     </span>
     <span class='ocr_line' id='line_1_80' title="bbox 1064 2427 1760 2466; baseline -0.001 -6"><span class='ocrx_word' id='word_1_429' title='bbox 1064 2429 1277 2460; x_wconf 86' lang='lat' dir='ltr'>omittendas</span> <span class='ocrx_word' id='word_1_430' title='bbox 1295 2429 1509 2466; x_wconf 82' lang='lat' dir='ltr'>exhortatur,</span> <span class='ocrx_word' id='word_1_431' title='bbox 1535 2427 1655 2459; x_wconf 85' lang='lat' dir='ltr'>laudat</span> <span class='ocrx_word' id='word_1_432' title='bbox 1672 2430 1760 2460; x_wconf 90' lang='lat' dir='ltr'>tam-</span> 
     </span>
     <span class='ocr_line' id='line_1_81' title="bbox 1066 2476 1759 2518; baseline 0 -10"><span class='ocrx_word' id='word_1_433' title='bbox 1066 2486 1173 2518; x_wconf 88' lang='lat' dir='ltr'>quam</span> <span class='ocrx_word' id='word_1_434' title='bbox 1205 2485 1305 2514; x_wconf 87' lang='lat' dir='ltr'>eum,</span> <span class='ocrx_word' id='word_1_435' title='bbox 1343 2477 1401 2516; x_wconf 93' lang='lat' dir='ltr'>qui</span> <span class='ocrx_word' id='word_1_436' title='bbox 1430 2476 1671 2508; x_wconf 87' lang='lat' dir='ltr'>huiuscemodi</span> <span class='ocrx_word' id='word_1_437' title='bbox 1697 2485 1759 2508; x_wconf 87' lang='lat' dir='ltr'>cu-</span> 
     </span>
     <span class='ocr_line' id='line_1_82' title="bbox 1066 2525 1759 2567; baseline 0 -10"><span class='ocrx_word' id='word_1_438' title='bbox 1066 2528 1112 2557; x_wconf 91' lang='lat' dir='ltr'>ris</span> <span class='ocrx_word' id='word_1_439' title='bbox 1135 2534 1278 2567; x_wconf 85' lang='lat' dir='ltr'>semper</span> <span class='ocrx_word' id='word_1_440' title='bbox 1306 2525 1476 2557; x_wconf 87' lang='lat' dir='ltr'>distentus</span> <span class='ocrx_word' id='word_1_441' title='bbox 1503 2527 1759 2567; x_wconf 87' lang='lat' dir='ltr'>sapientissima</span> 
     </span>
     <span class='ocr_line' id='line_1_83' title="bbox 1067 2573 1755 2615; baseline -0.003 -8"><span class='ocrx_word' id='word_1_442' title='bbox 1067 2573 1210 2607; x_wconf 83' lang='lat' dir='ltr'>consilia</span> <span class='ocrx_word' id='word_1_443' title='bbox 1246 2574 1419 2615; x_wconf 84' lang='lat' dir='ltr'>praebere</span> <span class='ocrx_word' id='word_1_444' title='bbox 1452 2573 1562 2606; x_wconf 86' lang='lat' dir='ltr'>soleat</span> <span class='ocrx_word' id='word_1_445' title='bbox 1591 2576 1755 2614; x_wconf 80' lang='lat' dir='ltr'>Augusto.</span> 
     </span>
     <span class='ocr_line' id='line_1_84' title="bbox 1071 2623 1759 2664; baseline 0.001 -10"><span class='ocrx_word' id='word_1_446' title='bbox 1071 2642 1105 2646; x_wconf 90' lang='lat'>—</span> <span class='ocrx_word' id='word_1_447' title='bbox 1131 2632 1171 2655; x_wconf 66' lang='lat' dir='ltr'>oze</span> <span class='ocrx_word' id='word_1_448' title='bbox 1194 2623 1272 2664; x_wconf 83' lang='lat' dir='ltr'>qua]</span> <span class='ocrx_word' id='word_1_449' title='bbox 1299 2632 1368 2655; x_wconf 89' lang='lat' dir='ltr'>«ne</span> <span class='ocrx_word' id='word_1_450' title='bbox 1400 2623 1633 2663; x_wconf 87' lang='lat' dir='ltr'>qualicunque</span> <span class='ocrx_word' id='word_1_451' title='bbox 1664 2624 1696 2655; x_wconf 92' lang='lat' dir='ltr'>in</span> <span class='ocrx_word' id='word_1_452' title='bbox 1723 2633 1759 2655; x_wconf 79' lang='lat' dir='ltr'>re</span> 
     </span>
     <span class='ocr_line' id='line_1_85' title="bbox 1069 2672 1383 2704; baseline -0.006 0"><span class='ocrx_word' id='word_1_453' title='bbox 1069 2672 1137 2704; x_wconf 91' lang='lat' dir='ltr'>ullo</span> <span class='ocrx_word' id='word_1_454' title='bbox 1163 2672 1268 2704; x_wconf 89' lang='lat' dir='ltr'>modo</span> <span class='ocrx_word' id='word_1_455' title='bbox 1294 2675 1383 2704; x_wconf 82' lang='lat' dir='ltr'>cet.»</span> 
     </span>
    </p>
   </div>
   <div class='ocr_carea' id='block_1_12' title="bbox 1114 2734 1760 2774">
    <p class='ocr_par' dir='ltr' id='par_1_12' title="bbox 1114 2734 1760 2774">
     <span class='ocr_line' id='line_1_86' title="bbox 1114 2734 1760 2774; baseline 0.003 -11"><span class='ocrx_word' id='word_1_456' title='bbox 1114 2734 1165 2764; x_wconf 74' lang='lat'>26.</span> <span class='ocrx_word' id='word_1_457' title='bbox 1213 2734 1329 2774; x_wconf 68' lang='lat' dir='ltr'>Parce]</span> <span class='ocrx_word' id='word_1_458' title='bbox 1381 2734 1471 2774; x_wconf 88' lang='lat' dir='ltr'>apud</span> <span class='ocrx_word' id='word_1_459' title='bbox 1508 2736 1628 2774; x_wconf 61' lang='lat' dir='ltr'>poetas</span> <span class='ocrx_word' id='word_1_460' title='bbox 1667 2735 1760 2766; x_wconf 72' lang='lat' dir='ltr'>idem</span> 
     </span>
    </p>
   </div>
   <div class='ocr_carea' id='block_1_13' title="bbox 1976 732 1997 1517">
    <p class='ocr_par' dir='ltr' id='par_1_13' title="bbox 1976 732 1997 1517">
     <span class='ocr_line' id='line_1_87' title="bbox 1976 732 1997 1517; baseline 0 1702"><span class='ocrx_word' id='word_1_461' title='bbox 1976 732 1997 1517; x_wconf 95' lang='lat' dir='ltr'> </span> 
     </span>
    </p>
   </div>
  </div>
 </body>
</html>
