1997 3219
414 199 489 241 162
910 199 1078 231 HORATH
1106 198 1328 230 CARMINUM

409 306 684 335 commentum.»
711 304 797 335 Tum
823 303 950 334 (taliani
977 301 1049 333 aliis
1075 303 1218 342 (Ii-nquit
1243 305 1277 333 et
1305 302 1477 333 Sanadoni
1504 300 1846 342 interpretationibus

410 360 564 391 breviter
587 359 742 391 refutatis
767 359 811 389 ita
835 358 963 399 pergit:
996 359 1092 389 L'ocle
1116 368 1154 389 ne
1177 359 1318 389 contient
1342 359 1462 397 qit'zme
1487 358 1676 388 mcclilalion
1695 359 1738 388 (Iu
1756 357 1848 396 poete

407 425 464 447 sm·
487 416 520 445 Ia
544 416 683 446 clesline'e
705 414 903 452 ‹l‘.›t›·‹‘h;11l(ts
920 417 947 445 el
965 415 1003 445 de
1019 417 1091 445 tous
1107 414 1150 444 les
1164 415 1290 453 grands
1304 414 1461 447 hommes,
1489 422 1567 444 (inec
1584 423 1645 444 ime
1662 413 1845 443 invocativa

406 472 485 502 mise
502 472 584 501 (lans
599 470 632 500 la
648 470 768 500 bouclie
780 469 975 507 (I'Archytczs
989 471 1104 501 me‘me.
1122 472 1150 500 el
1167 478 1230 500 une
1243 468 1354 508 prefero
1370 478 1442 500 [111ss
1452 473 1607 508 passarus
1622 470 1660 500 (Ic
1672 469 1718 499 lui
1731 470 1848 499 rendre

407 527 450 558 les
481 526 627 557 derniers
656 525 791 556 devoirs.
852 525 892 556 Co
919 533 1060 565 passage
1084 525 1168 556 subit
1198 525 1295 555 d'zme
1320 532 1482 563 personne
1504 525 1526 555 ίι
1548 533 1611 556 une
1634 527 1730 555 (tuli-e
1752 527 1797 555 est
1819 525 1845 553 si

404 582 556 621 frequent
587 581 670 611 dans
699 580 743 610 les
769 581 895 619 poesies
924 580 1069 619 lyriqucs
1100 580 1137 610 de
1160 583 1263 611 tontes
1286 579 1330 611 les
1351 580 1500 617 viations,
1540 588 1601 619 que
1624 588 1658 610 ce
1683 580 1762 610 n'est
1780 588 1844 618 pas

406 638 437 667 la
458 637 554 676 peine
588 637 661 667 ὥρη
690 636 777 675 faire
798 635 916 675 ‘l’objet
947 637 1044 667 d'une
1074 644 1289 675 minorque.»
1327 653 1361 657 —
1390 636 1531 667 Doctius
1556 643 1640 666 sane
1667 634 1846 675 multoque

407 701 487 723 cum
512 692 673 723 acumine
698 691 742 722 de
767 691 833 722 hoe
856 693 1063 731 argumento
1081 691 1269 732 disputavit
1286 691 1508 731 Hottingerus
1526 691 1558 721 in
1575 691 1846 730 Progranimatis

406 748 539 779 Turicc.
577 756 608 778 a.
646 746 740 777 4788.
769 747 803 778 et
836 748 930 778 4789.
966 747 1123 788 repetitis
1159 747 1191 778 in
1229 747 1303 778 eius
1339 747 1486 787 Opusce.
1520 744 1602 787 phil.
1631 747 1720 786 Lips.
1750 746 1842 776 vv¹8⁴7.

406 803 514 834 Huius
538 801 807 842 scriptiunculae
833 803 972 842 ignarus
996 811 1065 833 non
1091 804 1225 833 minore
1250 802 1438 841 sagacitate
1464 802 1614 833 eandem
1635 801 1845 832 sententiam

406 858 565 898 exposuit
590 857 763 889 Weiskius
787 858 901 888 iunior
926 858 959 889 in
983 858 1090 889 Iahnii
1115 857 1235 889 Annal.
1254 857 1338 898 phil.
1358 866 1386 888 a.
1410 857 1504 888 4830.
1532 857 1579 888 Ex
1601 857 1727 887 horum
1747 856 1846 895 igitur

405 913 579 945 sententia
603 914 851 952 argumentum
875 912 942 943 hoc
966 914 1035 944 est:
1065 913 1185 954 «Apud
1209 914 1386 953 Archytae
1411 914 1516 944 tenue
1542 911 1768 952 sepulchrum
1795 910 1847 942 lo-

405 977 518 1009 quens
542 967 718 999 inducitur
739 967 867 998 umbra
891 967 1042 999 hominis
1065 968 1244 1007 naufragio
1269 969 1440 1007 exstincti,
1467 968 1525 1007 qui
1550 967 1607 999 fati
1632 968 1684 999 sui
1708 966 1846 998 acerbi-

406 1025 515 1055 tatem
547 1032 628 1055 eum
660 1022 762 1055 simili
786 1023 964 1062 Archytae
989 1024 1104 1060 sorte,
1141 1024 1216 1054 tum
1241 1021 1516 1054 clarissimorum
1540 1023 1723 1054 hominum
1747 1031 1846 1054 com-

404 1080 585 1121 paratione
611 1080 716 1119 atque
741 1078 901 1118 imposita
926 1077 1071 1108 tandem
1095 1077 1259 1109 omnihus
1284 1078 1495 1109 necessitate
1520 1076 1666 1115 solatur,
1694 1077 1845 1117 denique

405 1144 423 1166 a
449 1136 554 1166 nauta
572 1142 652 1165 eam
669 1142 767 1165 oram
786 1142 871 1165 casu
886 1133 1181 1173 praetervehente
1199 1133 1357 1174 eorporis
1374 1133 1428 1164 sui
1445 1133 1576 1172 flagitat
1592 1131 1844 1172 sepulturam.»

403 1190 560 1222 Eandem
585 1188 657 1220 fere
681 1189 1008 1229 interpretationem
1035 1187 1211 1228 dialogum
1236 1197 1305 1219 non
1327 1197 1406 1220 esse
1429 1197 1495 1219 nec
1517 1187 1752 1230 μονολογίαν
1767 1196 1847 1228 pro-

403 1246 478 1287 prie
509 1245 656 1281 dictam,
695 1244 758 1275 sed
786 1245 913 1284 poetae
944 1244 1052 1284 ipsius
1082 1241 1294 1284 φάντασμα
1321 1243 1467 1275 adscivit
1490 1244 1634 1275 Liimsszn.
1684 1242 1846 1274 Similiter

404 1300 523 1341 Regel:
564 1299 763 1340 «Equidem
795 1300 881 1330 certi
912 1299 994 1330 nihil
1026 1299 1203 1331 affirmare
1235 1300 1366 1337 ausim,
1403 1299 1597 1330 admodum
1629 1301 1747 1330 tamen
1771 1299 1845 1330 veri

403 1356 515 1388 simile
539 1357 642 1396 puto,
668 1355 849 1387 Horatium
872 1354 1085 1395 periculum,
1114 1355 1209 1395 quod
1233 1355 1298 1395 ipsi
1324 1356 1356 1385 in
1381 1355 1503 1386 itinere
1528 1355 1702 1386 maritimo
1728 1355 1846 1386 immi—

402 1412 517 1443 nuerit
544 1411 614 1452 (cfr.
642 1410 704 1442 Od.
731 1410 769 1449 3,
796 1409 835 1448 4,
862 1411 920 1441 ⁶27:
946 1419 997 1441 me
1019 1411 1147 1441 Derota
1170 1420 1235 1441 non
1258 1411 1418 1441 exstinxit
1441 1410 1539 1441 arbos
1560 1411 1627 1441 Nee
1651 1411 1763 1441 Sicula
1779 1411 1845 1441 Ρα-

401 1468 531 1498 linurus
563 1465 696 1507 wzclm)
730 1466 870 1506 poetico
905 1466 1011 1497 modo
1042 1474 1231 1497 exornasse
1264 1467 1313 1505 et,
1351 1467 1534 1506 tamquam
1565 1474 1602 1496 re
1633 1475 1715 1496 vera
1742 1466 1844 1497 undis

401 1522 549 1554 obrutus
574 1521 693 1559 fuerit,
731 1530 769 1552 se
796 1521 865 1551 iam
890 1521 1089 1552 exanimem
1115 1521 1149 1552 in
1173 1520 1300 1552 iisdem
1322 1520 1543 1560 regionibus,
1580 1520 1640 1552 ubi
1665 1521 1842 1561 quondam

402 1577 576 1616 Archytas
602 1576 821 1615 naufragium
847 1575 989 1614 fecerat,
1016 1576 1191 1608 iacentem
1214 1576 1368 1608 finxisse.
1396 1577 1475 1609 Utut
1497 1585 1554 1607 res
1579 1585 1616 1607 se
1641 1576 1765 1615 habet,
1799 1577 1843 1608 de

401 1632 573 1672 colloquio
608 1632 703 1662 certe
729 1631 954 1671 cogitandum
978 1640 1048 1663 non
1071 1631 1243 1663 videtur.»
1290 1633 1387 1663 Hanc
1411 1640 1495 1663 vero
1521 1632 1564 1663 (le
1590 1633 1731 1663 Horatio
1756 1641 1845 1664 nau-

402 1688 496 1727 frago
522 1687 724 1727 opinionem
749 1686 793 1717 ab
825 1686 898 1717 aliis
928 1688 998 1718 iam
1027 1688 1244 1728 propositam
1276 1686 1461 1728 displicere
1486 1688 1570 1719 mihi
1595 1688 1785 1728 significavi
1810 1678 1845 1718 in

401 1743 559 1774 Editione
583 1742 716 1782 prima,
748 1750 864 1781 neque
889 1751 982 1773 nunc
1007 1751 1085 1773 eam
1111 1741 1273 1783 amplecti
1298 1752 1460 1783 possum,
1491 1744 1611 1784 utpote
1635 1744 1843 1775 arcessitam

401 1799 506 1838 atque
544 1797 646 1828 nimis
682 1797 918 1828 artificiosam.
978 1797 1125 1829 Editoris
1158 1798 1338 1830 Leidensis
1374 1799 1493 1830 autem
1523 1799 1637 1839 opinio
1666 1799 1842 1838 Archytae

401 1853 508 1894 ipsius
532 1851 698 1883 umbram
723 1861 787 1892 per
812 1854 923 1884 totum
948 1861 1092 1884 carmen
1120 1852 1233 1893 loqui,
1266 1862 1419 1894 paucos,
1454 1854 1518 1885 nisi
1550 1853 1663 1893 fallor,
1690 1855 1843 1895 reperiet

402 1908 568 1940 fautores.
598 1908 693 1947 (Eam
718 1909 835 1938 tamen
858 1907 1119 1939 defendendam
1137 1909 1293 1949 suscepit
1309 1909 1446 1940 Steiner
1462 1909 1583 1940 Comm.
1601 1909 1718 1940 Horat.
1738 1910 1838 1950 Spec.

401 1965 443 1995 ll.
458 1972 491 2003 p.
509 1962 559 1993 43.
576 1962 669 2002 sqq.)
689 1962 855 1994 Ceterum
872 1963 998 1995 eadem
1016 1964 1222 1995 iamdudum
1241 1964 1351 1995 fuerat
1366 1965 1537 1996 sententia
1552 1966 1612 1995 Ge.
1628 1964 1786 1996 Fabricii.
1804 1983 1838 1987 —

402 2017 518 2050 Simile
551 2017 810 2057 quadamtenus
841 2020 1087 2058 argumentum
1116 2021 1326 2050 tmetaxerat
1349 2020 1419 2051 iam
1443 2019 1673 2052 Archilochus
1697 2022 1840 2052 auctore

402 2073 588 2106 Plutarcho
619 2072 663 2103 de
696 2072 775 2104 aud.
810 2075 903 2113 poet.
929 2082 962 2114 p.
989 2074 1042 2106 86.
1075 2074 1276 2115 wyttc11b.:
1318 2072 1384 2106 τὸν
1418 2070 1538 2122 ἄνδρα
1571 2073 1639 2118 τῆς
1672 2072 1842 2117 ἀδελφῆς

402 2125 668 2170 ἠφανισμένον
702 2127 742 2160 ἐν
775 2127 946 2175 θαλάττῃ
987 2130 1052 2162 καὶ
1084 2127 1139 2172 μὴ
1175 2128 1342 2168 τυχόντα
1375 2132 1544 2173 νομίμου
1578 2129 1706 2172 ταφῆς
1744 2130 1840 2174 λέγει

401 2181 553 2229 θρηνῶν
581 2181 831 2229 μετριώτερον
855 2179 904 2215 ἄν
929 2181 997 2226 τὴν
1022 2183 1229 2231 συμφορὰν
1253 2185 1429 2229 ἐνεγκεῖν,
1454 2186 1503 2217 Εἰ
1523 2187 1650 2219 κείνου
1668 2184 1840 2228 κεφαλὴν

403 2240 467 2271 καὶ
497 2240 677 2284 χαρίεντα
705 2238 801 2280 μέλη
824 2233 1037 2280 ’Ἡφαιστος
1064 2241 1293 2286 καθαροῖσιν
1324 2241 1364 2274 ἐν
1387 2240 1540 2284 εἱζιιασιν
1563 2239 1837 2284 ἀμφεπονήθη.

408 2313 442 2317 -
471 2295 586 2334 Certe,
613 2295 640 2326 si
665 2295 844 2333 Horatius,
876 2295 970 2335 quod
995 2304 1057 2327 nos
1081 2305 1225 2337 prorsus
1250 2298 1467 2337 ignoramus,
1503 2299 1677 2329 Graecum
1700 2297 1839 2338 aliquod

406 2351 548 2382 secutus
574 2351 627 2381 cst
652 2349 842 2390 exemplar,
869 2350 1003 2390 lyricon
1028 2360 1095 2383 non
1121 2351 1198 2391 fuit,
1227 2361 1308 2384 cum
1331 2355 1411 2393 post
1434 2360 1563 2384 novem
1587 2353 1731 2393 Lyricos
1747 2353 1841 2384 vixe-

405 2406 447 2437 rit
471 2405 660 2445 Archytas,
687 2405 751 2436 scd
775 2402 959 2437 ειδύλλιον
983 2405 1036 2438 vel
1063 2407 1165 2438 etiam
1192 2408 1407 2448 epigramma
1431 2407 1684 2440 Alexandrinae
1702 2409 1836 2439 aetatis.

407 2461 535 2492 Verum
560 2460 828 2500 significationes
854 2461 929 2493 illae
954 2463 1060 2494 litoris
1082 2463 1202 2494 Matini
1219 2465 1253 2494 et
1273 2464 1430 2496 Venusiae
1451 2465 1484 2495 in
1502 2465 1673 2495 Graecum
1696 2465 1838 2504 poetam

404 2516 560 2556 profecto
592 2524 659 2547 non
691 2515 836 2554 cadunt,
875 2517 938 2548 sed
966 2518 1127 2558 propriae
1159 2518 1322 2550 videntur
1352 2519 1492 2550 Horatii.
1551 2519 1697 2550 Prorsus
1721 2520 1839 2550 autem

406 2571 585 2602 diversum
610 2571 715 2603 fuisse
739 2570 957 2603 Archilochei
983 2573 1146 2604 carminis
1165 2574 1294 2605 exitum
1311 2573 1415 2605 docet
1431 2573 1579 2605 alterum
1596 2574 1730 2613 Fragm.
1749 2573 1836 2605 Ibid.

406 2635 439 2666 p.
468 2627 540 2657 2122.
569 2626 637 2658 Cfr.
665 2626 771 2657 etiam
795 2626 938 2666 Dionys.
967 2629 1069 2668 Long.
1098 2629 1154 2667 ⁴0,
1193 2629 1224 2659 7.
1267 2629 1377 2668 (Quod
1401 2637 1485 2661 vero
1508 2628 1553 2660 ad
1577 2629 1690 2669 ipsam
1713 2638 1839 2670 super-

406 2681 599 2719 stitionem,
639 2690 728 2721 quae
765 2681 820 2713 hic
856 2683 1023 2721 tangitur,
1061 2683 1203 2722 attinet,
1241 2683 1302 2715 cfr.
1328 2683 1496 2716 Achillem
1531 2685 1666 2716 Tatium
1700 2693 1734 2726 p.
1762 2685 1835 2716 ⁴1¹6.

408 2735 545 2766 lacobs:
573 2736 737 2778 Λέγουσι
762 2735 801 2768 δὲ
827 2735 892 2776 τὰς
916 2736 955 2768 ἑν
980 2732 1084 2770 ὕδατι
1112 2735 1245 2778 ψυχὰς
1267 2735 1510 2785 ἀνῃρημένας
1531 2737 1628 2781 μηδὲ
1652 2734 1836 2779 εῐςἌιδου
