1997 3219
697 182 772 212 ΜΒ.
800 182 838 212 ll.

889 182 924 213 (ἶ.
952 181 1034 212 XVI.

1526 182 1605 220 :303

397 284 585 340 Mugiunt
614 297 791 330 vaccae,
828 283 900 325 tibi
935 283 1037 325 tollit
1067 283 1270 325 hinnitum

395 365 499 420 Apta
530 363 749 421 quadrigis
781 378 914 420 equa,
948 371 988 406 te
1020 364 1085 406 bis
1116 365 1212 406 Al'ro

507 445 665 487 Murice
696 445 848 487 tinctae

1552 363 1605 403 :35

394 549 582 591 Vestiunt
612 549 758 591 lanae:
793 548 890 590 mihi
924 563 1054 605 parva
1085 562 1184 590 rura
1220 556 1262 590 et

397 629 598 685 Spiritum
629 630 781 671 Graiae
812 637 983 671 tenuem
1017 630 1229 671 Camenae

392 710 525 751 Parca
556 723 639 750 non
670 708 853 751 mendax
884 708 1002 751 dedit
1033 716 1075 751 et
1104 708 1334 764 malignum

512 790 726 845 Spernere
757 789 919 845 volgus.

1553 791 1605 831 40

257 909 308 940 34.
335 908 387 940 35.
414 908 527 948 hinni]
548 909 625 939 Tum
648 911 729 947 apta
751 908 787 939 T.
818 926 852 930 —
893 906 945 939 40.
973 906 1088 939 Habet
1108 907 1224 948 volgus
1248 908 1291 947 c.)

171 1073 201 1093 v.
228 1063 343 1094 hinnis
367 1063 465 1101 Apla.

214 1112 266 1143 35.
291 1111 386 1152 Apta]
406 1120 474 1142 non
492 1111 660 1149 «iuncta»,
687 1110 751 1142 sed
770 1110 863 1142 «ido—

172 1171 270 1193 nea».
300 1180 334 1183 —
360 1161 456 1201 equa]
484 1159 647 1200 Equabus
671 1160 705 1191 in
724 1161 858 1200 primis,

171 1220 240 1242 non
264 1211 381 1250 equis,
419 1209 609 1240 utebantur
638 1209 671 1240 in
697 1210 862 1241 certami-

171 1260 283 1291 nibus.
323 1259 414 1299 Virg.
448 1260 507 1289 Ge.
536 1259 571 1297 -l,
606 1258 664 1289 59:
704 1260 862 1290 Eliadum

166 1310 298 1350 palmas
320 1309 440 1348 Epiros
462 1317 636 1347 equarum.

213 1359 265 1389 36.
291 1358 427 1399 Murice]
461 1357 569 1398 lipod.
598 1358 654 1395 «¹2,
688 1358 746 1388 21:
783 1358 861 1388 Mu-

170 1408 292 1439 ricibus
316 1408 421 1446 Tyriis
444 1408 584 1438 ileratae
605 1407 727 1438 vellera
750 1407 858 1438 lanae.

169 1459 254 1498 Epp.
282 1458 316 1495 Ξ,
343 1458 380 1495 ’2,
409 1456 488 1488 481ῑ
513 1459 613 1486 vestes
636 1456 772 1487 Gaetulo
788 1465 859 1487 mm

169 1508 235 1538 rice
258 1507 389 1544 tinctae,
419 1503 583 1544 δίβαφα;
620 1514 775 1546 purpura
807 1506 860 1536 ni-

169 1557 334 1595 gricante.
382 1555 500 1586 Murex
525 1563 543 1585 e
565 1563 694 1594 genere
711 1556 862 1586 testace-

169 1614 286 1642 orum,
313 1604 372 1645 qui
396 1603 440 1635 ad
464 1604 673 1642 Phoenices,
711 1604 858 1641 Africae,

170 1655 360 1686 Laconicae
406 1652 504 1684 litora
543 1653 586 1684 ab
627 1653 860 1685 urinatoribus

170 1703 430 1736 extrahebatur.
486 1704 553 1734 Suo
588 1712 685 1735 more
718 1704 785 1735 hoc
814 1704 860 1734 ita

170 1752 393 1794 amplificavit
405 1753 563 1784 Lucanus
578 1753 628 1791 40,
646 1752 724 1784 423:
745 1753 862 1784 Strata

169 1804 308 1839 mimum
336 1802 432 1841 Tyrio
455 1811 596 1841 quorum
611 1811 695 1841 pars
708 1803 862 1833 mamma

168 1853 242 1892 suco
267 1852 364 1884 Cocta
387 1851 455 1890 diu,
480 1852 572 1882 virus
594 1861 660 1883 non
684 1861 748 1883 uno
765 1852 861 1883 duoet't

170 1905 265 1934 aeno.
312 1901 398 1932 Vide
424 1902 628 1933 Excursum.

213 1952 265 1984 37.
288 1960 398 1991 parva
421 1950 522 1991 rura]
556 1949 731 1990 «agellum
760 1950 861 1981 Sabi-

171 2010 294 2032 num.»
352 1999 579 2039 Bacchylides
627 2001 759 2039 Fragm.
805 2000 858 2031 28.

171 2050 299 2089 Bergk:
325 2044 377 2080 Οὐ
400 2046 505 2086 βοῶν
529 2046 684 2092 πάρεστι
706 2046 859 2089 σώματ’,

171 2095 257 2132 οὔτε
281 2095 436 2144 χρυσός,
462 2093 549 2129 οὔτε
573 2094 783 2143 πορφύρεοι
800 2095 863 2130 τά-

171 2158 302 2191 πητες,
343 2143 439 2178 ἀλλὰ
477 2144 602 2188 θυμὸς
639 2143 800 2188 εὐμενὴς
843 2146 857 2180 ΙΙ

171 2195 307 2230 Μοῦσά
331 2207 370 2228 τε
393 2196 546 2240 γλυκεῖα
576 2197 639 2228 καὶ
663 2196 861 2229 Βοιωτίοι-

170 2259 232 2280 σιν
255 2248 294 2280 {v
321 2247 528 2286 σκύφοισιν
554 2244 658 2286 οἶνος
680 2242 782 2288 ἡδύς.

214 2298 266 2329 38.
285 2296 456 2338 Spiritum]
475 2294 771 2337 ἐνθουσιασμόν.
788 2297 857 2329 Csr.

172 2346 233 2378 Od.
261 2346 296 2384 4,
323 2346 359 2384 6,
385 2346 437 2377 ΞΟ.
479 2347 557 2377 Sine
583 2346 745 2377 Camenae
772 2347 861 2378 ima-

172 2397 266 2435 gine:
295 2394 513 2426 «facultatem
538 2395 727 2436 poeticam,
758 2396 862 2427 Grae-

173 2446 221 2477 cis
251 2443 313 2476 illis
342 2444 518 2476 veteribus
548 2445 640 2476 haud
670 2444 857 2485 indignam,

172 2495 346 2534 ingenium
371 2496 572 2535 promptum
597 2496 701 2534 atque
725 2495 862 2525 animo-

171 2552 283 2575 sum.»
309 2543 362 2574 Sic
380 2543 499 2574 Graeci
517 2540 674 2584 πνεῦμα.
701 2542 857 2574 Philostr.

173 2593 236 2623 Vit.
271 2592 375 2633 Soph.
410 2600 443 2632 p.
476 2591 539 2624 492
574 2589 639 2623 192:
682 2592 860 2638 Γοργίας-

170 1014 340 1055 hinnitum]
381 1014 466 1044 Nota
505 1011 684 1044 elisionem
720 1013 754 1043 in
792 1011 860 1043 fine
909 1007 1031 1057 ὁρμῆς
1054 1021 1094 1043 τε
1116 1014 1197 1051 τοῖς
1220 1015 1425 1052 σοφισταῖς
1442 1007 1532 1058 ἦρξε
1549 1033 1567 1037 -
1585 1031 1601 1035 -

908 1062 973 1093 καὶ
1011 1059 1237 1103 πνεύματος.
1283 1080 1318 1084 —
1354 1064 1491 1104 carmem]
1529 1065 1602 1094 Non

909 1111 1079 1151 significat
1102 1111 1327 1152 «particulam
1352 1111 1505 1152 aliquam
1530 1114 1603 1144 exi—

909 1169 1013 1200 guam
1037 1161 1194 1201 spiritus,
1221 1161 1355 1192 vividae
1381 1161 1468 1193 illius
1494 1161 1602 1193 sacul—

909 1211 987 1242 tatis
1022 1211 1226 1251 poeticae»,
1264 1213 1301 1242 ut
1334 1212 1457 1243 lanum
1493 1212 1604 1244 secuti

910 1258 1032 1291 salsam
1057 1259 1267 1291 modestiam
1292 1261 1432 1292 Horatio
1449 1261 1606 1293 tribuen—

909 1311 961 1340 tes
979 1309 1133 1347 Eschen,
1154 1310 1285 1347 Preiss,
1312 1310 1480 1350 Schmidt,
1500 1311 1600 1349 Voss,

908 1357 1051 1395 Binder,
1079 1359 1206 1389 Garve:
1241 1359 1302 1390 ein
1332 1361 1468 1400 weniq
1492 1361 1604 1392 Geist

906 1405 961 1437 vel
979 1407 1041 1437 ein
1056 1407 1243 1438 Problein
1260 1408 1389 1446 Geist3
1416 1409 1480 1440 sed
1498 1409 1603 1441 «sub—

907 1455 1003 1487 tilem
1041 1458 1146 1496 atque
1193 1457 1429 1497 ingeniosum,
1477 1459 1599 1498 fein,

906 1509 1016 1543 zai-tm
1043 1508 1081 1537 ut
1104 1508 1142 1537 A.
1170 1508 1205 1538 P.
1232 1506 1293 1538 46:
1317 1508 1355 1538 In
1377 1508 1483 1539 verbis
1505 1509 1604 1540 etiam

907 1555 1012 1586 tenuis
1044 1559 1223 1595 <tantusque
1253 1558 1406 1589 serendis.
1456 1558 1526 1589 Cic.
1558 1558 1602 1590 de

908 1603 963 1634 Or.
983 1604 1019 1642 3,
1039 1605 1096 1635 52:
1123 1605 1234 1636 oratio
1251 1606 1406 1645 --plena
1423 1608 1598 1646 quaedam,

907 1654 961 1683 sed
983 1656 1092 1684 tamen
1115 1657 1197 1685 teres
1225 1657 1255 1685 et
1277 1656 1399 1695 tenuis,
1436 1666 1502 1687 non
1532 1658 1600 1688 sine

906 1703 1016 1733 nervis
1038 1711 1078 1733 ac
1099 1703 1234 1734 viribus.
1281 1704 1379 1736 Idem
1396 1705 1441 1736 ad
1457 1707 1525 1737 Att.
1547 1707 1599 1744 42,

908 1752 943 1783 6:
971 1755 1097 1784 tenuem
1119 1753 1284 1798 θεωρίαν
1301 1762 1382 1785 mox
1404 1757 1506 1786 vocat
1522 1764 1604 1786 acu-

907 1805 976 1832 tam
991 1805 1020 1832 et
1034 1811 1181 1842 ss(lt-avem.
1209 1802 1373 1835 Martialis
1391 1804 1427 1843 6,
1455 1803 1515 1843 64,
1544 1805 1600 1835 47:

908 1855 1017 1883 tenues
1050 1852 1209 1891 Athenae,
1246 1852 1418 1893 similique
1454 1854 1603 1893 imagine

908 1899 993 1931 Plin.
1020 1901 1107 1942 Epp.
1135 1903 1172 1941 2,
1198 1902 1234 1933 3:
1263 1903 1432 1942 praefatio
1455 1902 1600 1944 gracilis.

908 1951 1078 1991 Panegyr.
1105 1952 1139 1983 in
1163 1953 1278 1984 Pison.
1303 1952 1386 1984 230:
1412 1953 1604 1993 gracilis-—

907 2000 1035 2031 Horati.
1062 2000 1169 2032 Aliter
1193 2002 1299 2032 etiam
1322 2002 1511 2033 Baxterus:
1540 2005 1604 2033 ut&

908 2058 1022 2087 nuem,
1042 2050 1121 2090 quia
1139 2059 1196 2082 res
1213 2050 1363 2090 grandes
1378 2059 1446 2082 non
1459 2051 1601 2091 attigit.»

909 2098 977 2129 Sed
1001 2107 1082 2130 cum
1106 2099 1149 2130 de
1174 2101 1244 2131 tota
1268 2101 1481 2131 Graecorum
1504 2101 1603 2141 poesi

909 2146 1016 2187 lyrica
1041 2147 1213 2188 loquatur,
1240 2150 1447 2180 tenuitatem
1472 2150 1537 2181 hac
1555 2151 1604 2181 si-

909 2196 1127 2236 gnificatione
1145 2198 1176 2229 ei
1194 2198 1347 2229 tribuere
1364 2207 1433 2229 non
1449 2200 1600 2239 poterat.

952 2246 1004 2277 39.
1036 2256 1101 2278 non
1129 2248 1283 2288 mendax]
1310 2248 1430 2279 «cuius
1458 2247 1598 2279 decreta

909 2295 943 2326 in
967 2296 1137 2336 cuiusque
1162 2297 1313 2329 hominis
1346 2298 1423 2328 ortu
1446 2305 1603 2337 pronun-

908 2345 989 2376 tiata
1026 2346 1160 2377 certum
1195 2355 1338 2387 semper
1367 2345 1499 2377 habent
1529 2347 1603 2377 exi—

908 2395 1018 2425 tum.»
1065 2395 1180 2427 Carm.
1206 2396 1282 2427 Sec.
1302 2396 1353 2427 25.
1373 2397 1502 2427 Parcae
1521 2398 1602 2427 sunt

906 2452 1049 2475 verace&
1070 2445 1208 2477 Persius
1224 2446 1263 2483 5,
1290 2444 1330 2476 48
1347 2454 1353 2475 ι
1378 2446 1485 2476 Parca
1501 2448 1602 2476 lenaa:

907 2493 987 2523 veri.
1020 2511 1055 2515 —
1080 2494 1274 2535 malignum]
1301 2493 1476 2525 «invidum
1494 2495 1600 2534 atque

908 2542 1065 2582 iniquum
1088 2542 1296 2584 plerumque
1315 2543 1349 2574 in
1375 2544 1454 2582 eo‘s,
1481 2543 1539 2583 qui
1567 2543 1599 2574 in

908 2590 1142 2633 qualicunque
1166 2601 1296 2633 genere
1321 2591 1526 2624 excellunt.»
