1997 3219
285 160 366 199 {398

824 163 990 194 llORATll
1017 163 1182 195 EPODON

510 265 670 307 Currus
702 272 742 307 et
774 265 947 307 intactas
978 265 1144 307 boves?

453 346 496 386 lo
528 344 772 401 Triumphe,
806 359 885 388 nee
916 345 1161 402 Iugurthino
1193 360 1339 402 parem

506 424 622 467 Bello
655 415 879 481 reportasti
911 426 1085 474 ducem,

453 506 600 562 Neque
631 505 893 555 Africanum,
927 506 994 548 eui
1028 520 1159 563 super
1181 507 1480 563 Karthaginem
1668 510 1719 549 253

509 585 647 627 Virtus
678 585 923 642 sepulerum
955 587 1155 630 condidit.

450 668 577 708 Terra
607 667 801 722 marique
831 667 967 710 victus
999 667 1130 710 hostis
1161 668 1316 724 punico

368 817 421 847 ⁶32.
448 815 564 847 boves!
590 815 669 847 LCt.
698 832 732 837 —
760 816 813 847 25.
838 816 996 856 Africano
1020 816 1089 855 Sd,
1115 825 1168 858 pr.
1195 816 1235 856 b,
1262 818 1346 849 item
1370 818 1475 850 LCtF.

1519 818 1569 858 (Ut
1594 828 1656 850 nos
1670 844 1675 856 ,

327 874 345 897 e
361 889 368 903 ‚
395 873 484 896 corr.
511 864 555 903 b,
583 865 694 897 Codd.
720 864 884 904 Bentleii,
912 865 1064 897 Oberlini
1087 866 1112 897 B
1138 867 1173 897 et
1196 875 1257 898 sex
1282 867 1446 906 Pottierii,
1473 867 1675 907 Bentleius.)

329 933 364 936 ——
390 914 453 956 cui]
481 924 543 954 quo
566 913 722 946 malebat
743 914 933 959 Bentleius.
967 932 1004 937 —
1030 915 1083 946 27.
1110 916 1232 947 Punico
1255 916 1283 946 J.

283 1038 329 1085 ἧς
353 1043 392 1075 οἱ
412 1043 584 1084 βασιλεῖς
608 1041 674 1084 τὰς
699 1044 740 1076 ἐκ
765 1042 838 1075 τῶν
864 1043 977 1076 πολέ-

280 1104 364 1135 μων
388 1089 544 1135 πομπὰς
568 1091 843 1135 πομπεύουσιν.
872 1113 907 1117 -
931 1095 979 1125 ἰη-

280 1144 405 1185 tactas}
444 1144 622 1175 «nondum
649 1144 714 1175 sub
743 1145 862 1184 iugum
890 1145 976 1176 mis—

281 1202 373 1225 sas.»
420 1194 512 1233 Virg.
545 1195 604 1224 Ge.
642 1193 681 1231 4,
718 1193 800 1225 540:
848 1194 976 1225 intaeta

281 1244 412 1274 tolidem
434 1243 558 1274 cervice
580 1243 745 1274 iuvencas.
771 1243 900 1284 Intuyes
923 1244 977 1274 ho-

279 1293 360 1323 stias
382 1294 485 1323 vocat
508 1291 661 1323 Macrol).
696 1293 765 1323 Sat.
792 1292 828 1331 3,
855 1294 884 1324 5.
929 1294 975 1324 «A

280 1341 577 1382 triumphantibus
601 1341 667 1373 bos
697 1341 776 1373 alba
806 1343 841 1373 et
873 1342 976 1374 indo-

280 1391 363 1422 mita
380 1391 413 1422 in
432 1390 598 1432 Capitolio
615 1391 788 1423 immolari
805 1391 974 1424 solebat.»

281 1441 392 1472 Coum.
420 1441 523 1476 CnrQ.

324 1489 468 1521 23-26.
504 1489 717 1531 Iugurthino]
748 1492 849 1522 «Non
880 1492 974 1522 tanta

287 1537 393 1579 gloria
444 1538 671 1579 triumphavit
709 1540 836 1571 Marius
856 1549 862 1577 ς
907 1549 975 1571 non

280 1596 344 1628 par
367 1588 428 1619 fuit
453 1589 594 1619 Caesari
618 1590 735 1619 nostro
756 1589 883 1621 Marius
908 1598 974 1621 neo

281 1638 396 1677 Scipio
419 1637 601 1669 Africanus
626 1638 773 1669 minor.»
803 1657 837 1660 —
856 1648 975 1678 repor—

280 1687 357 1716 tasti
381 1686 511 1727 ducem]
539 1687 737 1718 «victorem
768 1688 916 1718 Marium
941 1689 975 1718 et

280 1737 381 1766 antea
403 1735 604 1766 Africanum
629 1736 819 1773 minorem,
847 1736 974 1776 quibus

281 1786 412 1816 Caesar
427 1793 519 1815 nune
533 1783 742 1815 antecellit.»
761 1786 843 1816 Mire
863 1794 975 1825 nuper

280 1834 423 1873 quidam
455 1833 633 1873 exposuit:
672 1834 875 1874 «reportasti
908 1834 975 1865 (lu-

280 1891 357 1914 cem
383 1883 558 1922 captivum
583 1891 623 1914 ae
649 1883 827 1923 triumpho
845 1882 975 1914 dueen-

282 1931 384 1969 dum,
413 1940 455 1962 ex
479 1932 638 1972 Aegypto
664 1930 904 1972 Cleopatram,
933 1941 974 1964 ex

279 1981 486 2020 Karthagine
502 1998 536 2002 -
553 1982 686 2020 quem?
704 1989 851 2021 quaeso:
876 1981 975 2013 «Nul—

279 2029 396 2066 lum»,
432 2030 541 2070 inquit
565 2030 658 2070 ipse,
698 2031 865 2070 «praeter
887 2032 973 2061 Kar-

279 2079 457 2117 thaginem
482 2079 628 2119 ipsam.»
649 2096 686 2101 —
706 2080 799 2111 Lect.
817 2079 973 2120 Ast-vicano

281 2127 393 2168 (hello)
420 2128 522 2159 nimis
547 2128 654 2159 refert
677 2128 880 2169 pedestrem
899 2138 974 2160 ora—

279 2179 410 2209 tionem
423 2179 457 2208 et
474 2178 656 2218 praeterea
674 2173 818 2222 ἄκυρον
840 2179 894 2209 est
910 2187 972 2218 pro

279 2228 412 2259 Punico.
440 2226 527 2264 Quid
553 2225 685 2257 multa‘?
710 2229 818 2258 Prava
837 2229 890 2258 est
912 2237 973 2259 ae·-

280 2275 514 2307 commodatio
528 2275 571 2306 ad
585 2285 616 2306 v.
632 2277 838 2316 Izeyurlhino.
854 2293 888 2298 -—
906 2277 970 2318 eui]

281 2324 438 2356 Fabellae
468 2325 612 2356 Aeronis
638 2327 673 2356 et
701 2326 836 2357 Comm.
864 2326 969 2366 Cruq.

279 2375 323 2405 (le
341 2376 570 2405 monumento
584 2374 744 2406 Africano
758 2375 879 2406 maiori
897 2384 974 2406 ora-

279 2422 344 2453 euli
370 2423 466 2454 iussu
484 2424 515 2453 in
541 2425 642 2463 portu
660 2424 806 2455 Ostiensi
833 2424 972 2455 condito

279 2474 312 2502 et
348 2472 592 2511 Karthaginem
630 2473 839 2513 respiciente
869 2482 973 2513 prae-

280 2524 332 2552 ter
364 2520 667 2553 Walekenaerium
703 2523 725 2553 I.
753 2530 786 2562 p.
813 2522 886 2553 360.
915 2532 973 2553 re-

279 2571 474 2601 ventiorum
500 2580 603 2602 nemo
629 2571 696 2602 iam
717 2571 821 2602 tidem
840 2571 969 2602 tribuit.

310 2638 315 2640 -
329 2628 426 2658 super
441 2620 687 2661 Karllzayinem]
705 2629 832 2660 «super
845 2620 970 2658 solum,

280 2668 338 2699 ubi
369 2670 513 2700 steterat
543 2669 631 2700 illu.»
659 2686 695 2692 —
726 2670 843 2709 Virtus}
878 2670 974 2701 «Vir-

282 2721 335 2747 tus
361 2717 424 2747 (lea
450 2718 574 2756 voluit,
617 2720 654 2750 ut
678 2719 892 2758 Karthaginis
918 2728 975 2759 pa-

1028 1044 1172 1076 rietinae
1208 1045 1465 1085 sempiternum
1497 1047 1617 1077 essent
1648 1048 1722 1078 Sci-

1027 1094 1140 1135 pionis
1155 1094 1298 1125 minoris
1315 1096 1617 1126 monumentum.»
1633 1095 1718 1126 Vell.

1028 1145 1099 1175 Pat.
1128 1144 1139 1174 1
1156 1169 1162 1182 ,
1190 1144 1248 1174 42:
1277 1152 1352 1174 eam
1367 1161 1386 1166 -—
1402 1144 1517 1175 urbem
1538 1145 1646 1184 mayis
1669 1144 1723 1175 in-

1025 1194 1116 1224 vidia
1141 1193 1286 1232 imperii,
1313 1201 1414 1231 quam
1436 1193 1534 1224 ullius
1557 1194 1721 1225 etustem-

1023 1244 1116 1282 poris
1137 1243 1259 1274 'nomiae
1274 1243 1415 1273 invisam
1436 1244 1582 1274 Romano
1598 1243 1722 1274 nomini

1024 1293 1171 1332 funditus
1194 1292 1323 1323 sustulit
1352 1292 1491 1332 fecitque
1514 1301 1592 1323 suae
1613 1293 1722 1323 virtu-

1026 1343 1066 1373 tis
1099 1345 1361 1380 monumentum,
1403 1343 1488 1381 quod
1519 1342 1633 1382 fuerat
1668 1343 1723 1373 avi

1026 1391 1094 1422 eius
1116 1391 1313 1422 clementiae.
1340 1390 1389 1421 Id.
1409 1391 1446 1429 ⁶2,
1474 1390 1526 1422 4-0.
1553 1391 1596 1422 de
1622 1393 1724 1422 Pom-

1026 1441 1122 1481 peio:
1137 1443 1213 1480 quot
1225 1443 1339 1479 partes
1355 1443 1523 1470 terrarum
1535 1440 1622 1471 orbis
1635 1444 1721 1479 sunl,

1026 1490 1157 1521 totidem
1190 1489 1291 1530 (feeit)
1322 1493 1535 1520 monumenta
1564 1490 1723 1521 victoriae

1025 1548 1115 1570 suae.
1145 1556 1180 1561 —
1209 1540 1272 1577 Qui
1306 1538 1425 1579 legunt
1454 1539 1628 1579 Africano,
1668 1540 1722 1570 in-

1027 1590 1147 1630 eptam
1163 1588 1372 1620 sententiam
1390 1588 1593 1619 continuare
1611 1589 1720 1619 eoacti

1026 1638 1123 1669 sunt:
1150 1638 1203 1668 etii
1227 1637 1305 1668 bello
1328 1637 1485 1677 Africano
1508 1645 1606 1676 super
1631 1638 1721 1668 Kar-

1024 1687 1190 1726 tlzagyinem
1214 1687 1280 1717 eet.

1068 1736 1121 1766 27.
1158 1736 1210 1766 028.
1254 1735 1373 1775 Terra]
1415 1735 1544 1775 Copiae
1584 1735 1720 1766 Antonii

1026 1786 1229 1822 terrestres,
1267 1793 1348 1815 eum
1384 1792 1447 1824 per
1476 1785 1614 1824 septem
1646 1784 1721 1815 dies

1026 1842 1107 1864 eum
1125 1834 1406 1874 exspectassent,
1434 1829 1486 1872 (ὃς
1502 1829 1640 1864 αὐτίκα
1656 1843 1722 1863 πο-

1025 1882 1091 1913 θὲν
1129 1880 1468 1923 ἐκφανησόμενον,
1494 1900 1513 1905 -
1529 1900 1547 1904 -
1578 1881 1683 1921 τέλος
1699 1902 1718 1906 -

1025 1927 1091 1963 τοῦ
1118 1928 1332 1975 στρατηγοῦ
1362 1930 1542 1963 Κανιδίου
1573 1929 1721 1975 νύκτωρ

1026 1977 1263 2025 ἀποδράντος
1279 2000 1298 2004 -
1314 1999 1331 2003 -
1348 1978 1547 2023 γενόμενοι
1570 1978 1720 2012 πάντων

1023 2027 1158 2076 ἔρημοι
1176 2048 1194 2053 -
1206 2049 1224 2054 -
1241 2028 1290 2073 τῷ
1305 2029 1505 2075 κρατοῦντι
1525 2027 1722 2075 προσεχώ-

1023 2091 1157 2126 ρησαν.
1199 2079 1284 2112 Plut.
1318 2081 1395 2111 Ant.
1423 2080 1474 2111 68.
1515 2097 1550 2102 -
1584 2079 1718 2120 punico]

1025 2138 1224 2171 «purpureo
1242 2138 1269 2161 s.
1286 2129 1451 2160 coccineo
1469 2128 1719 2170 paludamento

1025 2179 1248 2220 imperatoris
1277 2178 1436 2219 deposito
1464 2177 1603 2218 gregale
1631 2177 1721 2218 (pul-

1023 2228 1104 2267 lum)
1131 2237 1254 2268 sagum
1278 2228 1446 2268 sumpsit,
1485 2227 1579 2267 quod
1612 2236 1719 2267 squa-

1023 2277 1105 2309 loris
1130 2278 1165 2308 et
1194 2276 1306 2309 luctus
1330 2277 1468 2317 signum
1493 2278 1620 2308 esset.»
1662 2275 1721 2307 Al-

1022 2329 1098 2359 tera
1116 2326 1225 2358 forma
1245 2327 1417 2365 puniceus,
1445 2334 1534 2366 quae
1558 2326 1722 2365 trequen-

1024 2377 1090 2408 tior
1128 2377 1181 2406 est
1223 2377 1256 2407 in
1295 2384 1400 2416 prosa
1440 2375 1596 2406 oratione
1639 2374 1718 2414 (cfr.

1024 2424 1181 2458 Muetzell
1199 2425 1243 2456 ad
1262 2425 1420 2456 Curtium
1438 2425 1469 2463 3,
1488 2425 1533 2462 7.,
1559 2424 1620 2455 ubi
1645 2424 1720 2464 ipse

1018 2475 1183 2514 puniceis,
1203 2475 1326 2514 Zumpt
1339 2474 1506 2513 punicis),
1533 2474 1640 2504 utitur
1655 2473 1717 2503 Od.

1024 2523 1062 2562 li,
1090 2523 1149 2561 40,
1177 2522 1207 2555 li.
1251 2521 1406 2562 (Martial.
1438 2524 1474 2561 6,
1507 2522 1565 2553 tt:
1609 2522 1659 2552 Vis
1693 2524 1722 2552 le

1020 2581 1248 2612 purpureum,
1266 2573 1398 2612 Marce,
1417 2575 1554 2612 seusatus
1569 2579 1676 2602 amem
1684 2569 1719 2608 1²)

1026 2621 1142 2652 Florus
1157 2620 1187 2659 li,
1206 2622 1257 2659 tt,
1273 2620 1303 2652 3.
1324 2620 1368 2652 de
1382 2621 1550 2652 Antonio:
1577 2620 1721 2651 Aureum

1026 2671 1056 2700 in
1083 2679 1185 2701 manu
1212 2670 1384 2708 barsuman,-
1421 2669 1464 2701 (τά
1495 2670 1581 2700 latus
1603 2668 1719 2699 acina—

1025 2728 1095 2750 ces:
1128 2728 1301 2759 purpurea
1330 2719 1425 2750 *vestis
1455 2717 1637 2759 itigyeizlibzcs
1663 2716 1719 2747 ob—
