1997 3219
376 229 457 272 436

867 237 1034 270 HORATII
1061 238 1280 271 CARMINUM

582 347 728 388 Portas
758 343 821 385 vir
851 340 1026 383 Macedo
1057 347 1098 383 et
1128 341 1292 395 subruit
1322 341 1512 383 aemulos

580 427 717 481 Reges
748 420 1019 471 muneribus3
1052 434 1229 462 munera
1260 422 1428 463 navium
1747 422 1790 463 15

691 505 852 546 Saevos
883 501 1113 558 illaqueant
1141 503 1286 544 duces.

579 600 850 641 Crescentem
881 597 1076 653 sequitur
1107 610 1208 638 cura
1238 595 1461 651 pecuniam

580 679 874 734 Malorumque
903 673 1049 719 fames.

1110 678 1204 718 Iure
1238 675 1462 732 perhorrui

577 761 678 802 Late
709 758 988 814 conspicuum
1020 756 1168 799 tollere
1198 756 1422 805 verticem,

687 841 930 887 MaecenaS‚
971 837 1163 894 equitum
1194 837 1338 879 decus.

574 935 740 985 Quanto
772 932 956 988 quisque
989 930 1068 972 sibi
1098 929 1220 986 plura
1248 929 1486 985 negaverit,

578 1014 640 1056 Ab
672 1013 738 1056 dis
769 1012 891 1069 plura
921 1012 1050 1054 feret:
1082 1009 1138 1051 nil
1170 1010 1429 1066 cupientium

436 1134 489 1165 22.
514 1133 540 1164 A
565 1133 710 1171 T,LCtF.

350 1231 534 1264 Φιλίππου
564 1231 735 1277 χρυσίον.
784 1230 824 1261 Et
856 1229 1042 1260 vaticinata

348 1283 379 1313 ei
391 1282 466 1313 erat
475 1281 597 1321 Pythia
606 1282 694 1312 teste
706 1279 919 1319 Diogeniano
932 1278 1040 1318 Adag.

348 1332 446 1362 Cent.
474 1331 511 1369 2,
538 1330 573 1362 84
595 1340 601 1360 t
630 1325 841 1374 Ἀργυρέαις
864 1325 1044 1370 λόγχαισι

344 1377 474 1421 μάχου
499 1379 564 1411 καὶ
587 1376 710 1409 πάντα
730 1374 941 1422 κρατήσεις,
970 1377 1040 1408 Cic

346 1429 390 1461 ad
414 1431 481 1461 Att.
510 1430 547 1468 4,
568 1429 627 1460 46;
660 1428 827 1467 Philippus
850 1428 961 1458 omnia
983 1435 1043 1457 ca-

346 1479 439 1510 stella
473 1478 663 1518 expuynari
692 1486 788 1516 posse
823 1476 969 1515 dicebat,
1008 1476 1043 1506 in

347 1537 432 1568 quae
454 1528 549 1559 modo
574 1527 692 1558 asellus
715 1529 850 1558 onustus
873 1534 957 1556 auro
968 1534 1045 1564 pos-

347 1580 392 1609 set
415 1577 598 1608 ascendere.
642 1575 796 1607 Iuvenali
825 1575 882 1614 42,
909 1574 962 1606 47.
989 1574 1044 1605 est

344 1627 483 1658 callidus
506 1629 633 1665 emptor
656 1625 796 1664 Olynthi.
832 1642 867 1646 —
903 1623 1040 1664 subruit]

346 1675 540 1707 «subvertit
573 1683 666 1715 reyes
704 1674 870 1712 aemulos,
910 1674 1042 1704 Pausa-

345 1726 456 1763 niam,
488 1725 662 1764 Argaeum
686 1725 725 1755 Π.
744 1748 751 1762 ,
787 1725 826 1754 ut
849 1723 885 1753 et
907 1721 1042 1761 Arrhy-

344 1774 430 1806 bam
470 1772 720 1812 Molossorum,
763 1770 1040 1811 Chersoblepten

342 1823 517 1854 Thracum
542 1830 680 1861 regem,
708 1821 880 1861 corruptis
906 1820 1041 1850 exerci-

343 1873 442 1903 tuum
467 1871 651 1903 ducibus.»
699 1871 803 1909 Quid,
830 1869 925 1911 quod
946 1869 1041 1910 apud

342 1923 484 1962 poetam
519 1929 551 1952 v,
587 1928 680 1960 reyes
714 1919 901 1961 complecti
937 1917 1039 1951 simul

343 1971 448 2001 etiam
477 1970 592 2010 potest
615 1969 867 2009 Euthycratem
909 1969 943 1999 et
974 1969 1040 1999 La-

342 2019 516 2057 sthenem,
543 2018 787 2059 Olynthiorum
801 2018 992 2059 principes,
1019 2026 1036 2048 a

341 2072 526 2100 mercatore
550 2068 711 2100 Graeciae
735 2066 818 2108 (Val.
845 2068 934 2100 Max.
954 2067 985 2106 7,
1004 2067 1035 2098 2.

343 2119 412 2150 ext.
441 2117 507 2157 40.)
535 2117 748 2157 corruptos?
776 2135 810 2139 —
850 2118 968 2156 Imago
1003 2117 1038 2147 in

341 2177 374 2198 v.
400 2166 528 2198 subruit
551 2175 570 2197 a
595 2165 762 2197 cuniculis
788 2166 821 2197 in
845 2165 953 2198 urbes
978 2165 1039 2197 ob-

342 2225 459 2249 sessas
483 2215 568 2247 actis
592 2215 741 2255 repetita
767 2215 830 2247 est.

388 2267 439 2297 45.
459 2265 511 2296 46.
537 2265 674 2296 navium
690 2282 708 2286 —
725 2282 743 2286 -
759 2264 870 2305 duces]
896 2265 1016 2296 Menas
1028 2289 1035 2303 ‚

343 2315 404 2346 Cn.
431 2314 587 2354 Pompeii
614 2313 783 2352 libertus,
819 2314 889 2345 dux
916 2313 1037 2345 elassis

343 2365 420 2395 Sex.
439 2364 617 2404 Pompeii,
643 2364 711 2394 hoc
738 2362 878 2395 deserto
901 2372 932 2394 a.
952 2372 985 2394 u.
1005 2371 1034 2394 c.

342 2413 417 2444 746.
433 2412 477 2444 ad
491 2413 719 2444 Octavianum
732 2411 940 2451 desciverat,
956 2420 1037 2443 mox

343 2470 385 2493 eo
402 2461 522 2493 relicto
539 2461 583 2492 ad
600 2461 755 2502 Pompeii
779 2469 900 2493 rursus
917 2462 1037 2502 partes

342 2511 527 2542 transierat
541 2510 693 2550 indeque
707 2510 835 2541 iterum
849 2519 929 2541 cum
940 2511 1039 2542 Octa-

341 2560 443 2591 viano
457 2569 495 2592 se
510 2560 747 2591 coniunxerat.
768 2561 907 2590 Poterat
918 2561 1035 2591 autem

343 2610 438 2640 hunc
473 2609 653 2640 hominem
688 2609 849 2640 Horatius
879 2618 921 2640 eo
952 2608 1037 2640 saci-

342 2658 407 2690 lius
431 2659 572 2696 notare,
599 2666 680 2689 cum
696 2657 740 2689 ab
758 2658 832 2698 ipso
850 2658 1036 2689 Octaviano

342 2707 518 2748 proditor,
567 2708 605 2738 ut
638 2707 692 2745 fit,
739 2708 1034 2738 contemneretur.

344 2756 407 2787 Dio
432 2756 491 2794 48,
518 2756 570 2788 45.
598 2757 634 2787 et
657 2755 714 2793 49,
735 2757 765 2787 4.
793 2756 932 2787 Sueton.
961 2757 1033 2787 Oct.

344 2803 395 2835 74.
421 2823 453 2826 —
480 2804 676 2845 illaqueant]
703 2803 883 2837 «alliciunt
907 2806 941 2836 et
963 2813 1038 2836 cor-

1090 1229 1296 1269 rumpunt.»
1339 1226 1443 1260 Multo
1480 1228 1695 1268 frequentius
1736 1230 1789 1260 est

1091 1278 1235 1309 irretire.

1137 1327 1188 1358 47.
1219 1327 1271 1358 48.
1307 1325 1524 1368 Crescentem]
1561 1327 1707 1358 Theocr
1734 1328 1785 1363 46

1093 1375 1156 1407 64;
1183 1371 1397 1419 ἆνήριθμος
1413 1374 1453 1407 δέ
1470 1376 1509 1406 οἱ
1523 1374 1580 1418 εἴη
1594 1372 1785 1431 Ἄργυρος·

1091 1425 1165 1457 αἰεὶ
1178 1424 1217 1457 δὲ
1231 1425 1278 1457 π)
1281 1423 1399 1457 εόνων
1414 1421 1498 1464 ἔχοι
1515 1425 1644 1470 ἱιιερος
1657 1421 1785 1458 αὐτόν.

1090 1476 1208 1507 Iuv.en
1229 1475 1286 1514 ¹14,
1314 1476 1398 1507 439:
1426 1476 1545 1508 Crescit
1568 1485 1664 1507 amor
1686 1485 1786 1507 num-

1089 1525 1155 1563 mi,
1183 1528 1344 1564 quantum
1359 1526 1583 1565 ipsapecunia
1599 1526 1724 1556 crescit.
1748 1543 1781 1546 -

1090 1574 1331 1614 Malioi-umque]
1358 1575 1558 1605 «maiorum
1582 1583 1723 1615 opum.»

1135 1623 1186 1654 48.
1225 1623 1276 1654 49.
1316 1624 1392 1654 Iure
1412 1623 1606 1663 perhorrui]
1633 1623 1785 1654 «Divitiis

1091 1673 1247 1703 eminere
1266 1672 1356 1703 inter
1372 1673 1509 1703 ceteros
1527 1681 1567 1703 ac
1594 1673 1783 1712 propterea

1091 1721 1195 1761 eaput
1217 1719 1398 1760 attollere,
1440 1720 1624 1762 superbire
1657 1721 1784 1752 merito

1090 1778 1233 1810 semper
1263 1771 1469 1811 aspernatus
1494 1779 1609 1802 sum.»
1649 1788 1684 1792 —-
1722 1771 1785 1801 tol—

1089 1819 1155 1850 lere
1176 1819 1345 1860 verticem]
1371 1820 1432 1851 Od.
1454 1820 1466 1850 4
1484 1845 1489 1858 ,
1510 1820 1567 1859 48,
1588 1820 1646 1851 45;
1673 1820 1786 1851 tollens

1087 1877 1230 1900 vacuum
1249 1869 1325 1908 plus
1354 1869 1455 1900 nimio
1486 1869 1595 1910 gloria
1617 1870 1781 1901 verticem.

1091 1936 1127 1941 —
1153 1918 1378 1960 conspicuum]
1404 1927 1467 1959 per
1490 1918 1686 1959 prolepsin:
1719 1920 1781 1950 «ita

1087 1967 1227 2006 tollere,
1268 1970 1305 2000 ut
1330 1970 1516 2009 propterea
1547 1967 1614 1999 late
1644 1969 1784 2009 conspi—

1089 2025 1175 2049 cuus
1199 2017 1293 2048 fiat.»

1130 2067 1184 2098 ΞΟ.
1210 2067 1356 2106 equitum
1372 2066 1477 2107 decus]
1500 2068 1574 2098 Non
1587 2067 1661 2099 sine
1677 2076 1781 2099 causa

1088 2117 1122 2148 in
1146 2115 1204 2147 tali
1227 2117 1481 2148 sententiarum
1505 2116 1595 2148 serie
1627 2116 1692 2148 hac
1725 2126 1782 2158 ap-

1088 2164 1272 2206 pellatione
1303 2174 1388 2197 usus
1414 2167 1482 2204 est,
1520 2173 1588 2205 qua
1620 2167 1780 2206 quemvis

1089 2215 1243 2254 equitem
1267 2215 1463 2246 Romanum
1486 2213 1656 2246 illustrem
1687 2213 1782 2246 salu-

1087 2264 1161 2295 tare
1185 2265 1341 2304 poterat,
1374 2263 1572 2304 significans
1596 2265 1781 2295 Maecena-

1088 2314 1159 2344 tem
1183 2313 1286 2344 huius
1309 2312 1439 2344 ordinis
1455 2312 1523 2344 fine
1541 2321 1684 2353 semper
1699 2322 1781 2344 eon-

1086 2363 1222 2393 tentum
1236 2362 1354 2400 tuisse,
1375 2371 1451 2401 nec,
1472 2362 1565 2402 quod
1580 2361 1779 2393 facillimum

1087 2412 1118 2443 ei
1142 2410 1283 2450 fuisset,
1313 2410 1465 2442 voluisse
1491 2412 1638 2442 transire
1663 2411 1696 2442 in
1721 2419 1780 2442 or-

1087 2460 1204 2491 dinem
1228 2461 1444 2492 senatorium
1468 2462 1527 2491 aut
1549 2459 1637 2491 ullos
1655 2467 1777 2500 gerere

1087 2510 1308 2549 magistratus
1349 2509 1564 2547 ordinarios;
1612 2508 1645 2540 id
1683 2508 1777 2548 quod

1085 2559 1265 2599 perspexit
1289 2559 1358 2589 iam
1381 2560 1507 2590 Acron.

1130 2608 1182 2639 24.
1210 2607 1354 2648 Quanto]
1382 2608 1537 2646 «Quanto
1554 2606 1776 2647 paucioribus

1085 2657 1175 2688 vitae
1211 2657 1405 2689 commodis
1451 2657 1555 2687 homo
1593 2658 1776 2688 contentus

1087 2707 1161 2744 est,
1199 2715 1240 2737 eo
1276 2705 1433 2747 pluribus
1467 2705 1599 2745 gaudiis
1636 2704 1773 2739 fruitur,

1086 2764 1166 2787 eum
1190 2755 1398 2796 praesertim
1428 2753 1515 2786 liber
1538 2754 1582 2785 sit
1610 2752 1653 2784 ab
1679 2754 1774 2784 omni

1086 2804 1199 2836 taedio
1234 2813 1274 2836 ac
1310 2804 1467 2842 fastidio,
1508 2811 1596 2843 quae
1632 2802 1773 2843 quidem
