1997 3219
334 199 414 241 610

613 303 727 344 Notis
759 301 926 344 condita
957 301 1072 342 fastis

847 199 1014 230 HORATJJ
1050 198 1271 231 CARMINUM

1746 303 1763 312 ..

1724 302 1732 343 l
1744 315 1768 341 ἴ)

673 381 840 424 inclusit
870 381 1056 423 volucris
1087 380 1191 421 dies.

557 490 650 538 Quo
681 486 783 542 sugit
811 499 964 533 venus,
997 485 1099 534 heu,
1128 498 1274 541 quove
1305 485 1450 528 color?
1482 486 1640 528 decens

556 569 649 618 Quo
680 566 850 608 motus?
881 565 985 622 quid
1014 565 1147 608 habes
1178 565 1308 616 illius,
1341 565 1474 615 illius,

612 647 732 697 Quae
763 645 953 703 spirabat
984 659 1182 694 amores,

667 727 787 776 Quae
819 740 886 768 ine
917 733 1145 782 surpuerat
1174 725 1294 773 mihi,

559 830 671 873 Felix
702 838 798 887 post
831 831 1024 873 Cinaram
1039 865 1046 879 ‚

1079 838 1264 888 notaque
1295 838 1337 874 et
1367 831 1518 873 artium

425 964 470 994 17.
498 971 624 1001 quoque
648 962 681 993 d.
711 980 745 984 —
773 961 824 993 118.
850 962 940 993 color
963 961 1100 993 decens?
1125 963 1194 1002 Quo
1223 963 1343 1001 T‚LCt.
1366 982 1400 985 —
1429 964 1479 995 ⁴9.
1504 963 1657 1003 sperabat
1681 964 1715 995 T.

332 1082 457 1122 inquit,
485 1081 538 1110 «te
564 1088 667 1110 ornas
693 1079 772 1111 Cois
795 1078 952 1111 vestibus
976 1081 1027 1110 at-

331 1139 399 1170 que
417 1127 603 1161 unionibus
616 1153 623 1167 ‚
643 1137 712 1168 quo
729 1128 844 1159 iunior
857 1127 1022 1160 videaris.

331 1173 451 1219 Neque
483 1178 576 1209 enim
600 1177 822 1218 propositum
846 1178 944 1208 tuum
969 1179 1024 1208 at-

330 1229 449 1268 tingis,
491 1236 572 1258 cum
597 1227 677 1265 dies,
714 1226 750 1258 id
779 1227 848 1265 est,
885 1227 1025 1267 tempus

331 1277 431 1317 fugax
468 1276 663 1308 condiderit
698 1275 809 1308 semel
859 1275 932 1317 (ein
968 1276 1027 1316 fiir

329 1326 473 1367 allemal)
500 1328 533 1358 et
558 1325 755 1364 incluserit,
782 1325 817 1356 id
842 1326 912 1364 est,
940 1333 1026 1356 con-

330 1376 487 1416 signarit,
537 1376 570 1407 in
606 1375 716 1413 fastis,
766 1375 824 1415 qui
860 1374 1024 1406 omnihus

331 1426 434 1457 nimis
458 1425 529 1456 noti
545 1425 641 1461 sunt,
668 1433 778 1456 annos
794 1425 889 1456 tuos:
917 1424 1026 1464 siqui—

330 1475 413 1506 dem
447 1483 588 1512 omnes,
638 1482 790 1514 quorum
830 1475 898 1506 hoc
934 1474 1024 1505 scire

331 1525 495 1562 interest,
543 1522 653 1564 probe
699 1524 843 1562 norunt,
897 1522 1024 1563 quibus

330 1572 534 1605 consulibus
559 1574 639 1603 nata
664 1573 710 1604 sis
735 1574 891 1613 quotque
914 1581 1025 1604 annos

331 1631 539 1654 numeres.»
588 1622 727 1653 Condita
764 1623 882 1653 autem
920 1622 1024 1662 iungo

331 1681 413 1704 cum
436 1681 467 1703 v.
494 1675 662 1711 tempora,
690 1679 759 1702 non
784 1679 864 1702 cum
887 1680 918 1702 V.
945 1671 1021 1709 dies,

331 1721 426 1762 quod
450 1729 553 1752 suum
584 1720 691 1751 habet
719 1719 895 1752 ἐπίθετον
928 1721 1024 1751 volu-

331 1772 410 1808 cris,
438 1779 504 1801 nec
530 1769 599 1801 duo
623 1770 763 1810 recipit,
791 1769 875 1801 dum
897 1779 928 1800 V.
947 1773 1025 1801 tem-

326 1829 415 1859 pora
439 1828 481 1850 ex
505 1818 652 1850 aliorum
683 1819 845 1859 opinione
878 1818 935 1850 tali
965 1828 1024 1851 ca—

331 1870 417 1900 reat.
454 1868 533 1908 (Cfr.
554 1868 747 1908 Hertzberg
764 1868 899 1900 Comm.
920 1870 1021 1909 Prop.

331 1927 365 1959 p.
392 1917 466 1949 355.
485 1942 492 1956 ,
529 1918 588 1957 qui
611 1917 702 1948 hanc
727 1917 910 1957 sequitur.)
949 1917 1024 1948 Noli

333 1968 484 2007 cogitare
509 1976 591 1998 cum
609 1965 780 1998 nonnullis
798 1965 853 1997 vel
870 1966 913 1997 de
938 1967 1023 1997 sim-

330 2015 480 2057 plicibus
514 2014 728 2047 Kalendariis
762 2014 818 2046 vel
853 2014 896 2046 de
930 2015 1024 2047 Actis

332 2065 478 2103 diurnis,
498 2064 561 2096 sed
579 2064 622 2096 (le
638 2065 747 2096 Fastis
764 2063 1021 2097 consularibus.

334 2132 370 2137 ——
389 2115 500 2146 Minus
513 2115 609 2145 recte
623 2115 741 2145 autem
754 2113 896 2154 quidam
911 2123 1025 2155 nuper

330 2167 423 2195 'notos
449 2164 552 2204 fastos
578 2163 733 2194 contudit
760 2172 841 2194 cum
870 2163 1025 2195 memori-

331 2213 389 2244 bus
403 2213 496 2253 fastis
521 2212 582 2244 Od.
607 2212 641 2251 3,
667 2213 724 2250 1¹7,
745 2211 776 2244 4.
804 2214 838 2243 et
854 2211 891 2250 4,
914 2212 971 2252 14»,
991 2212 1021 2244 4..

376 2263 414 2293 47
433 2280 451 2284 —
467 2263 519 2293 Γ20.
545 2261 655 2302 venus]
693 2261 857 2301 «pristina
882 2262 940 2292 tua
961 2271 1025 2293 ve-

332 2314 451 2343 nustas
477 2313 512 2342 et
536 2312 678 2351 gratia.»
712 2328 750 2333 —
782 2311 910 2352 decens]
936 2311 1022 2343 Male

331 2361 413 2393 olim
444 2370 524 2392 cum
559 2370 592 2392 v.
629 2360 718 2391 color
753 2360 1022 2400 coniungebant.

332 2409 469 2449 Quintil.
496 2411 530 2447 1,
555 2410 612 2448 40,
637 2410 696 2440 26:
731 2409 885 2448 Corporis
912 2411 1025 2441 decens

332 2463 361 2491 et
390 2463 486 2499 aptus
523 2462 645 2497 molus,
684 2459 740 2498 qut
766 2459 887 2489 dicitur
914 2455 1024 2503 εὔρυ-

331 2509 439 2550 θμὶα,
458 2512 502 2540 est
519 2508 731 2539 necessarius.
750 2525 786 2529 —
810 2508 905 2546 illias,
927 2509 1021 2549 illius]

332 2560 380 2590 Ex
404 2566 568 2590 sermone
594 2557 731 2598 poetico
757 2558 856 2596 quasi
877 2558 1024 2589 consun—

333 2608 462 2639 duntur
487 2608 572 2638 illias
587 2608 688 2646 Lycos
705 2607 736 2637 et
754 2606 841 2637 illius
854 2607 964 2647 faciei.
986 2625 1022 2630 -

332 2656 524 2696 surpuerat]
562 2656 797 2696 surripuerat,
825 2656 862 2685 ut
890 2656 958 2686 Sat.
989 2656 1021 2694 2,

331 2705 370 2743 3,
400 2706 484 2737 ⁶283:
522 2706 667 2744 surpite,
700 2705 838 2736 Lucret.
868 2705 904 2742 ⁶2,
937 2705 1021 2736 3113:

332 2762 483 2793 surpere,
531 2763 572 2785 ex
608 2763 673 2786 usu
708 2753 880 2785 sermonis
916 2754 1026 2793 quoti-

1075 1079 1183 1110 diani:
1211 1088 1322 1120 «quae
1347 1080 1516 1120 optimam
1540 1081 1608 1112 mei
1632 1083 1769 1121 partem

1074 1128 1192 1160 furtim
1216 1129 1300 1160 milii
1324 1129 1542 1161 ademerat.»
1583 1129 1670 1162 Male
1688 1132 1767 1171 qui—

1075 1177 1156 1209 dam
1182 1179 1452 1219 interpungunt:
1480 1179 1587 1210 mihi?
1609 1180 1716 1211 Felias.

1117 1227 1233 1259 24:24.
1260 1229 1353 1259 Felix
1363 1231 1438 1268 post
1455 1229 1623 1271 Cinaram]
1644 1229 1768 1269 «Felix,

1074 1276 1226 1308 maxime
1259 1279 1404 1318 propter
1437 1277 1559 1310 laudes
1599 1279 1767 1314 sinceras.

1075 1333 1162 1365 quas
1179 1327 1258 1366 post
1277 1326 1439 1358 Cinaram
1465 1327 1537 1366 (Od.
1557 1327 1588 1366 4,
1614 1328 1644 1365 ¹¹,
1665 1327 1684 1359 3
1701 1328 1767 1368 sq.)

1073 1375 1142 1405 vita
1168 1374 1370 1407 defunctam
1402 1375 1463 1407 tibi
1497 1377 1766 1417 impertiebam,

1075 1425 1110 1455 et
1142 1426 1330 1465 propterea
1359 1425 1524 1458 omnibus
1553 1428 1633 1458 nota
1663 1428 1768 1467 atque

1074 1475 1255 1514 accepta.»
1306 1473 1400 1506 Multi
1439 1475 1503 1507 tria
1551 1477 1767 1508 constituunt

1074 1522 1229 1554 ἐπίθετα
1242 1533 1251 1554 ;
1285 1524 1387 1564 facies
1418 1524 1501 1564 felia>
1534 1529 1676 1565 notaque
1694 1528 1770 1564 post

1075 1572 1234 1604 Cinaram
1267 1577 1296 1604 et
1332 1573 1459 1613 (facies)
1495 1578 1674 1614 pratariam
1708 1584 1769 1605 ar-

1073 1621 1177 1652 tium:
1218 1622 1282 1653 sed
1316 1622 1408 1653 malo
1447 1625 1653 1655 construere
1685 1631 1767 1654 cum

1073 1670 1249 1702 Bentleio:
1277 1674 1305 1702 et
1329 1674 1406 1702 nota
1430 1680 1571 1712 quoque
1587 1676 1768 1713 gratarum

1073 1720 1198 1750 ανίιίιυι
1220 1720 1338 1759 facies,
1364 1720 1407 1752 ab
1425 1721 1588 1753 omnibus
1607 1721 1769 1753 celebra-

1074 1771 1124 1807 ta,
1151 1771 1190 1800 ut
1205 1769 1266 1799 Od.
1286 1770 1322 1807 ⁶2,
1344 1769 1380 1807 2,
1401 1769 1436 1800 6:
1463 1771 1567 1801 Notus
1591 1771 1622 1801 in.
1643 1771 1769 1811 fratres

1073 1819 1176 1849 ani-mi
1207 1819 1351 1858 paterni.
1392 1835 1426 1840 —
1463 1819 1574 1860 facies]
1610 1821 1765 1853 Donatus

1073 1867 1118 1898 ad
1141 1868 1280 1898 Terent.
1306 1868 1392 1898 Eun.
1419 1868 1457 1906 Ξ,
1477 1868 1513 1907 3,
1533 1869 1575 1899 ¹5:
1603 1869 1628 1900 Ο
1649 1869 1769 1909 faciem

1067 1917 1254 1956 pulchram]
1289 1916 1435 1949 «faciem
1467 1918 1572 1949 modo
1596 1927 1666 1949 non
1690 1928 1769 1959 par-

1074 1967 1145 1997 tem
1163 1967 1319 2006 corporis
1344 1966 1444 2006 dicit,
1470 1967 1534 1999 sed
1560 1969 1667 1999 totam
1685 1976 1768 2009 spe-

1073 2015 1164 2046 ciem
1181 2040 1187 2054 ,
1207 2024 1297 2055 quae
1314 2017 1459 2056 apparet
1475 2018 1509 2048 et
1525 2017 1713 2048 cernitur.»
1730 2035 1764 2039 ——

1073 2065 1198 2096 artium
1214 2065 1408 2106 Gratarum]
1436 2066 1551 2104 «Quae
1569 2067 1667 2097 motu
1683 2075 1765 2097 ocu-

1072 2113 1204 2152 lorum,
1224 2113 1508 2154 superciliorum,
1528 2115 1674 2147 cervicis
1690 2114 1767 2155 pla-

1074 2164 1163 2194 cet.»
1189 2164 1309 2193 Senon
1336 2163 1473 2195 Codicis
1498 2162 1652 2195 Blandin.
1673 2163 1767 2204 apud

1074 2214 1110 2243 P.
1130 2211 1302 2243 Nannium
1326 2212 1421 2243 Misc.
1441 2212 1477 2250 3,
1499 2213 1549 2244 47.
1580 2215 1629 2244 Ac
1646 2212 1767 2245 simili—

1075 2263 1128 2292 ter
1152 2262 1288 2292 Comm.
1321 2262 1449 2302 Cruq.:
1490 2262 1605 2299 «Quae
1636 2260 1764 2300 oculis,

1075 2312 1160 2342 nutu
1184 2310 1468 2351 superciliorum,
1501 2312 1648 2343 cervicis
1671 2310 1768 2342 volu-

1073 2359 1222 2398 bilitate,
1250 2361 1371 2400 capitis
1395 2361 1520 2400 gratia,
1546 2361 1650 2392 totius
1667 2360 1767 2391 deni-

1075 2418 1143 2449 que
1169 2410 1324 2450 corporis
1350 2411 1446 2440 motu
1477 2408 1624 2450 placet.»
1660 2409 1767 2440 Vide-

1075 2460 1130 2489 tur
1155 2460 1272 2490 tamen
1290 2458 1454 2499 amplecti
1471 2467 1540 2489 non
1565 2457 1679 2490 solum
1704 2454 1766 2489 εῦ-

1074 2506 1238 2552 ρυθμίαν
1281 2507 1455 2548 corporis,
1503 2515 1626 2538 verum
1661 2507 1766 2538 etiam

1075 2558 1186 2587 artem
1204 2556 1373 2597 psallendi
1392 2555 1622 2596 canendique.
1643 2556 1710 2587 Cfr.
1730 2564 1762 2586 v.

1075 2606 1104 2636 7.
1142 2607 1179 2636 In
1204 2606 1256 2637 his
1280 2606 1372 2637 enim
1398 2605 1527 2637 ultimis
1552 2614 1606 2636 vx:
1631 2605 1764 2636 amicae

1075 2655 1180 2686 facies
1194 2656 1228 2685 et
1244 2656 1312 2686 tota
1327 2663 1477 2695 persona
1494 2679 1500 2693 ,
1524 2655 1562 2685 ut
1577 2654 1620 2685 ita
1636 2653 1762 2691 dicam,

1075 2703 1307 2735 confunditur.
1336 2721 1371 2726 -
1400 2704 1586 2735 Servatum
1601 2720 1618 2726 -
1630 2703 1763 2743 parem]

1077 2753 1210 2785 «donec
1235 2753 1361 2785 css'ecta
1385 2753 1426 2784 sit
1451 2761 1546 2793 par.»
