1997 3219
306 153 387 191 (3⁴.)ss
837 156 1006 188 ΗΟΚΑἸῊ
1032 156 1198 188 EPODON

528 257 655 305 Galli,
690 264 891 301 canentes
924 259 1176 305 Caesarem,

470 337 780 395 llostili'umque
812 339 982 381 navium
1012 347 1136 396 portu
1168 339 1295 383 latent

301 585 354 617 ille
380 595 464 618 casu
488 588 603 618 sexto:
632 587 718 619 «hac
742 587 786 620 de
811 596 868 618 re»
889 587 995 628 (quod

300 645 443 676 prosam
467 637 661 667 orationem
697 636 903 677 redoleret),
930 637 994 668 sed

299 687 442 724 quarto,
469 687 505 716 ut
530 687 583 717 est
606 686 641 717 in
665 686 771 717 Taciti
794 685 870 717 loco
888 695 907 717 a
931 687 996 717 Re-

298 734 387 774 gelio
412 735 563 767 indicato
587 736 674 766 Ann.
702 735 760 774 43,
789 735 845 766 43:
871 735 995 775 Agrip-

295 784 378 823 pina
414 784 565 815 libertam
602 784 768 815 aemulam
790 802 807 806 —
823 801 841 806 —
863 785 996 822 aliaque

296 833 434 864 cundem
462 834 496 864 ¹in
527 833 660 864 modum
689 833 891 864 muliebriter
924 834 994 873 fre-

296 892 394 915 mere.
430 885 492 915 «At
514 884 582 915 hoc
605 883 779 924 imprimis
804 885 994 924 spectacu-

296 932 369 964 lum
388 933 679 973 indignissimum,
697 933 886 972 conopium
904 933 994 964 inter

298 982 395 1022 signa
419 981 581 1013 militaria
613 982 713 1022 (quae
746 977 873 1027 ὥσπερ
899 979 995 1027 ἱδρύ-

298 1041 403 1072 ματα
418 1030 518 1063 θεῶν
536 1029 616 1077 ἱερὰ
633 1032 865 1072 ἐνομίζοντο,
892 1032 990 1063 Dion.

297 1081 370 1113 Ilal.
397 1082 433 1120 6,
461 1081 540 1121 4-5.),
568 1081 806 1113 «detestantes
830 1083 919 1112 cet.»
954 1099 989 1103 —

298 1130 397 1168 Quod
422 1130 582 1171 Regelius
607 1139 649 1161 ex
673 1139 743 1161 uno
769 1130 854 1162 Cod.
880 1129 990 1161 Vand.

298 1180 432 1220 recepit
465 1180 524 1211 «At
557 1180 641 1210 hunc
673 1180 745 1210 tam
776 1179 992 1220 degenerem

299 1230 494 1261 Romanum
511 1231 776 1270 aspernantes»,
802 1230 859 1260 vix
874 1228 992 1260 locum

297 1278 405 1309 habet
434 1277 514 1319 pbst
546 1279 789 1319 interpositam
822 1279 992 1319 integram

297 1327 490 1359 clausulam
505 1328 657 1367 Interque
668 1345 683 1351 -
693 1346 707 1350 -
719 1329 904 1367 cenapium.
929 1327 995 1359 Ad-

296 1378 374 1415 huc,
408 1377 502 1417 quod
527 1378 677 1418 optimas
706 1377 814 1409 habet
838 1377 993 1409 auctori-

298 1428 387 1458 tates
412 1427 603 1458 exteriores
628 1427 782 1467 mihique
808 1426 890 1458 olim
915 1427 994 1467 post

296 1476 509 1508 Meinekium
553 1475 704 1517 placuit,
752 1476 855 1507 video
901 1485 993 1507 nunc

296 1525 389 1557 nullo
413 1525 519 1557 modo
544 1525 709 1566 explicari
732 1534 836 1566 posse
863 1525 990 1564 «illico,

296 1575 447 1613 statim»,
473 1584 588 1615 neque
615 1575 698 1606 satis
722 1576 885 1606 convenit
911 1575 992 1606 huic

296 1623 372 1655 loco
398 1623 464 1655 tale
489 1619 708 1656 ἀσύνδετον.
749 1625 948 1655 Proximam
973 1633 992 1655 a

297 1673 406 1705 Codd.
432 1673 541 1704 habet
565 1674 811 1704 auctorItatem
834 1672 936 1704 lectio
953 1673 994 1704 At

295 1724 373 1762 huc,
413 1722 659 1754 commendata
689 1732 708 1753 a
734 1723 843 1754 Comi.
872 1723 989 1758 Cimon

298 1772 362 1803 «At
385 1772 508 1810 Galli»,
534 1772 661 1811 inquit,
702 1783 716 1798 «
726 1774 895 1802 verterunt
917 1772 990 1809 lucc,

297 1822 330 1852 id
366 1822 435 1859 est,
473 1820 517 1851 ad
553 1828 616 1851 nos
651 1819 903 1851 transtulerunt
938 1820 992 1851 bis

296 1869 388 1901 mille
414 1878 525 1910 equos
550 1869 779 1900 frementes.»
805 1869 905 1907 Quod
928 1870 992 1901 elsi

298 1919 430 1950 dictum
455 1918 527 1949 sere
552 1919 620 1956 est7
648 1919 684 1948 ut
708 1917 827 1949 velleii
852 1917 935 1949 illud
954 1919 990 1954 ⁶2.

298 1969 364 2007 8712,
393 1968 488 2009 quod
513 1976 593 1998 mox
618 1967 878 2007 exscribemus‚
911 1969 994 2000 Hinc

296 2019 339 2049 acl-
362 2018 540 2049 Antonium
557 2018 639 2055 cet,
666 2016 775 2048 hahet
798 2018 916 2048 tamen
934 2026 994 2048 ne-

296 2068 367 2098 scio
401 2066 484 2107 quid
516 2063 661 2111 ἀκύρου
695 2068 729 2098 et
761 2066 902 2098 obscuri
927 2075 992 2097 nec

297 2118 380 2149 satis
399 2117 567 2148 cohaeret
588 2125 670 2147 cuin
686 2124 786 2156 seqq.
806 2116 994 2147 Hostilium-

296 2176 367 2206 (μισ.
387 2167 498 2197 Tertia
517 2165 631 2205 lectio,
648 2174 754 2206 quam
768 2165 926 2206 plerique
940 2174 995 2197 se-

296 2218 467 2256 quuntur,
493 2215 542 2246 Ad
564 2216 668 2253 hunc,
695 2215 815 2246 nititur
839 2216 993 2247 auctori-

296 2267 364 2296 tate
395 2264 505 2296 Codd.
533 2265 625 2295 haud
656 2273 870 2305 paucorum,
908 2267 993 2296 Por—

296 2315 478 2355 phyrionis
496 2316 531 2345 et
555 2315 718 2353 Acronis,
738 2315 796 2354 qui
819 2315 991 2354 sequente

298 2375 339 2396 m
363 2364 462 2405 parte
486 2364 604 2395 Iahnio
631 2363 836 2404 (aadversus
865 2365 993 2395 Roma-

297 2422 381 2445 num
406 2414 456 2445 sic
487 2413 702 2453 degenerem
715 2413 749 2452 »l
799 2413 989 2454 explicant:

300 2464 436 2503 «Equos
475 2462 646 2494 adxersus
685 2463 872 2494 Antonium
911 2472 991 2494 cum

298 2513 401 2544 sistro
416 2514 700 2543 converterunt.»
719 2513 897 2552 (Ceterum
913 2512 991 2543 vide

300 2571 341 2593 ue
366 2562 498 2592 sistrum
533 2561 615 2593 illud
651 2571 719 2593 non
750 2571 791 2593 ex
828 2562 990 2600 historia,

300 2612 333 2641 ut
359 2609 425 2641 xoll
452 2612 645 2649 Gesnerus,
671 2610 734 2642 sed
759 2611 918 2651 precario
935 2620 993 2643 as-

300 2662 479 2700 sumptum
503 2661 546 2691 sit
564 2669 605 2691 ex
623 2661 706 2691 Aen.
727 2659 745 2690 8
759 2684 766 2698 ,
793 2660 874 2690 696:
902 2660 994 2701 Ileqi-

302 2718 378 2739 111(—
395 2727 412 2731 -
432 2710 545 2748 patrio
572 2713 666 2741 roca!
701 2710 838 2750 aomina
872 2710 990 2746 sistro.

1046 588 1109 619 nisi
1134 587 1221 620 forte
1246 591 1448 630 corruptum
1480 592 1532 622 est
1556 600 1597 623 ex
1621 592 1739 632 sibilo.)

1046 637 1177 668 Verum
1214 640 1312 670 recte
1350 638 1546 671 Bentleius:
1599 643 1740 682 «Neque

1045 686 1130 717 hunc
1159 686 1203 718 de
1235 688 1382 719 Antonio
1414 689 1574 729 accipere
1606 691 1739 730 possis,

1046 737 1105 775 qui
1130 744 1304 777 nusquam
1333 738 1434 768 antea
1462 738 1511 769 sic
1543 739 1743 770 nominatur

1046 787 1105 816 aut
1145 785 1371 825 describitur3
1417 796 1533 828 neque
1571 788 1620 819 Ad
1657 789 1742 820 hunc

1044 838 1211 866 verterant
1242 844 1340 874 equos
1372 836 1518 876 perinde
1556 838 1610 868 est
1636 839 1741 878 atque

1045 885 1203 915 adversus
1218 885 1336 916 hunc.»
1362 885 1505 917 Bentleii
1520 887 1637 918 autem
1651 888 1739 918 coni.

1045 934 1093 965 Acl
1106 934 1164 965 hoc
1187 943 1251 974 pro
1272 943 1399 975 prosae
1418 936 1503 966 orat.
1531 936 1569 966 oh
1584 936 1642 967 hoc
1663 946 1743 977 pro-

1044 983 1123 1023 pter
1140 982 1405 1023 ambiguitatem
1430 985 1545 1016 minus
1563 994 1743 1016 commen-

1046 1031 1170 1063 dabilis
1188 1034 1257 1070 est,
1289 1041 1371 1064 cum
1387 1034 1431 1063 ad
1451 1033 1510 1064 hoc
1531 1033 1740 1074 plerumque

1046 1080 1215 1120 significet
1241 1083 1464 1122 «praeterea,
1498 1083 1675 1124 insuper.»
1704 1101 1739 1106 —

1044 1130 1084 1161 V.
1101 1130 1274 1170 frementes
1287 1132 1423 1166 Comm,
1440 1132 1545 1172 Cruq.
1566 1133 1600 1163 et
1617 1132 1738 1164 Lami).

1044 1179 1203 1210 referunt
1225 1179 1270 1210 ad
1295 1188 1410 1219 equos,
1437 1180 1479 1212 de
1504 1181 1632 1221 quibus
1656 1191 1740 1214 sane

1046 1228 1172 1259 crebro
1208 1231 1420 1270 usurpantur
1454 1239 1509 1262 vv.
1544 1231 1683 1270 fremere
1707 1233 1743 1263 et

1044 1278 1193 1317 fremitus
1210 1278 1247 1318 (S
1256 1288 1272 1309 c
1280 1279 1299 1309 Ιι
1307 1288 1327 1309 η
1337 1287 1359 1309 α
1368 1287 1389 1309 u
1398 1278 1414 1309 b
1422 1287 1439 1310 e
1448 1289 1480 1318 n,
1496 1278 1741 1321 φυσιόωντας

1046 1327 1139 1359 Iliad.
1158 1326 1190 1366 ὃ,
1213 1328 1300 1368 2⁶27.)
1319 1328 1382 1359 sed
1401 1328 1434 1359 h.
1452 1328 1472 1360 l.
1494 1328 1668 1361 ἐπίθετον
1683 1340 1742 1363 es-

1046 1380 1099 1408 set
1115 1378 1283 1408 otiosum:
1314 1378 1516 1418 rectiusque
1533 1380 1684 1411 refertur
1697 1380 1742 1411 ad

1046 1435 1222 1457 summam
1247 1425 1423 1457 Gallorum
1446 1427 1534 1458 iram
1557 1430 1663 1468 atque
1686 1430 1742 1460 in-

1046 1476 1295 1515 dignationem.
1324 1492 1361 1498 —
1386 1478 1571 1516 verterunt]
1605 1477 1739 1518 penult.

1045 1525 1154 1556 brevi.
1186 1525 1234 1556 Cf.
1257 1526 1326 1556 Sat.
1350 1525 1388 1563 4,
1410 1526 1467 1563 210,
1495 1525 1547 1557 45.
1569 1544 1604 1548 —
1635 1527 1738 1568 Galli]

1043 1575 1123 1606 suut
1141 1573 1354 1613 Gallograeci
1379 1582 1405 1605 s.
1428 1574 1565 1606 Galatae
1583 1576 1737 1607 Deiotari

1044 1624 1199 1655 minoris.
1216 1622 1300 1654 Plut..
1316 1624 1392 1654 Ant.
1409 1623 1460 1654 63.
1477 1626 1556 1654 ante
1570 1633 1735 1664 pugnam:

1044 1672 1218 1714 «ἐγένοντο
1235 1669 1274 1702 δὲ
1291 1672 1352 1701 καὶ
1371 1670 1562 1709 βασιλέων
1574 1669 1740 1705 ἀποστά-

1044 1731 1123 1761 σεις
1135 1718 1315 1762 Ἀμύντου
1331 1721 1395 1751 καὶ
1411 1719 1625 1765 Δηϊοτάρου
1644 1720 1739 1767 πρὸς

1044 1771 1231 1815 Λαίσαρα.
1260 1769 1343 1801 Vell.
1363 1771 1399 1808 2,
1427 1770 1485 1802 84:
1511 1772 1594 1802 Hinc
1618 1773 1662 1802 ad
1676 1773 1741 1803 An-

1044 1821 1168 1851 tonium
1206 1828 1316 1857 nemo,
1356 1820 1446 1851 illinc
1484 1821 1528 1851 ad
1566 1821 1740 1853 Caesarem

1044 1870 1159 1900 cotidie
1183 1869 1287 1908 aliqui
1321 1869 1594 1909 transm-(sichard.
1640 1869 1740 1902 «Gal-

1043 1918 1095 1950 los
1125 1918 1202 1949 ideo
1228 1920 1500 1956 commemorat,
1537 1920 1575 1950 ut
1603 1919 1738 1960 pudore

1043 1967 1159 2009 pulset
1197 1968 1332 1999 animos
1379 1969 1630 2007 Romanorum,
1680 1969 1739 2008 qui

1043 2017 1137 2058 passi
1162 2019 1241 2048 sunt
1266 2018 1433 2048 servitute
1458 2026 1495 2048 se
1514 2017 1638 2049 subiici
1662 2026 1740 2058 spa-

1044 2066 1212 2105 donibus,
1248 2066 1281 2097 id
1306 2066 1399 2106 quod
1426 2065 1508 2097 Galli
1533 2069 1614 2098 sunt
1638 2067 1739 2098 dedi-

1043 2116 1169 2156 gnati.»
1210 2116 1319 2147 Comi.
1358 2117 1460 2152 Gneo.
1505 2134 1539 2137 —
1575 2117 1736 2158 canentes]

1044 2165 1154 2197 «laeta
1172 2173 1253 2196 cum
1269 2164 1520 2197 acclamatione
1546 2166 1738 2198 identidem

1044 2216 1233 2246 Caesarem
1250 2214 1457 2252 salutantes,
1483 2216 1580 2246 Salve-
1597 2216 1737 2247 Caesar!

1043 2263 1252 2299 clamantes,
1280 2266 1317 2295 ut
1341 2265 1399 2304 qui
1417 2265 1448 2295 in
1466 2265 1540 2296 eius
1557 2264 1665 2296 verba
1683 2266 1736 2296 iu—

1042 2314 1150 2345 raturi
1182 2316 1310 2345 essent.
1357 2314 1446 2353 virg.
1473 2316 1558 2345 Aen.
1586 2315 1622 2352 7,
1649 2314 1733 2346 698:

1042 2364 1135 2395 Ibant
1159 2363 1294 2402 aequati
1320 2372 1455 2395 numero
1483 2372 1656 2404 'regemque
1678 2373 1738 2395 ca-

1044 2414 1171 2445 nebant.

1088 2464 1138 2494 ¹¹9.
1165 2463 1217 2494 ⁴20.
1255 2463 1500 2503 Hostiliumque]
1537 2464 1624 2494 Cum
1649 2463 1736 2494 haec

1043 2511 1211 2554 particula
1246 2521 1307 2552 quc
1345 2513 1517 2544 artissime
1553 2513 1737 2553 iungantur

1043 2571 1123 2593 cum
1150 2561 1325 2593 Gallorum
1350 2562 1545 2593 desectione
1569 2571 1636 2593 nec
1655 2571 1736 2593 ver-

1044 2611 1089 2642 bo
1106 2611 1249 2651 quidem
1274 2612 1420 2651 panicus
1440 2610 1494 2642 ille
1513 2612 1652 2651 reginae
1670 2612 1737 2641 ter-

1045 2669 1102 2691 ror
1131 2661 1361 2700 significetur,
1400 2659 1481 2691 illud
1511 2661 1591 2691 ante
1620 2659 1733 2690 omnia

1046 2709 1237 2742 tenendum
1267 2711 1339 2747 ost,
1378 2719 1445 2741 non
1476 2708 1519 2740 de
1554 2707 1745 2749 praecipiti

1944 151 1963 285 *ee-»v
