1997 3219
708 157 783 189 LlB.
813 157 864 188 111.
914 158 950 188 C.
976 156 1060 188 XIV.

1558 153 1637 194 617

539 259 749 301 Diluviem
781 258 1009 302 meditatur
1039 258 1171 314 agris,

429 364 476 407 Ut
506 363 786 406 barbarorum
817 363 1019 407 Claudius
1050 363 1217 419 agmina

429 446 599 487 Ferrata
627 451 747 487 vasto
780 445 908 487 diruit
937 444 1095 500 impetu

1586 444 1639 484 30

483 524 734 582 primosque
766 532 807 568 et
837 532 1050 568 extremos
1080 524 1279 568 metendo

538 606 693 648 Stravit
721 605 896 648 humum
926 605 1019 648 sine
1050 604 1172 648 clade
1202 606 1358 652 victor,

426 712 481 752 Te
514 710 680 766 copias,
714 717 754 753 te
785 709 1008 753 consilium
1040 717 1082 753 et
1111 716 1206 752 tuos

288 841 341 872 28.
367 840 542 871 minitatur·
565 841 635 878 ST,
663 849 806 872 «omnes
830 842 972 882 praeter
996 842 1067 872 tres
1090 849 1132 872 ex
1149 841 1419 874 recentissimis»
1437 840 1593 873 Bentleii.

245 891 302 930 qui
316 892 391 931 post
407 890 602 922 Locherum
615 892 650 922 et
661 889 787 922 Aldum
800 891 944 931 recepit.
966 890 1015 930 (Ut
1028 898 1104 928 nos,
1123 889 1193 921 bed
1208 892 1242 921 et
1258 891 1279 921 S
1297 891 1330 921 in
1344 899 1454 930 marg.
1470 891 1597 922 eadem

245 948 370 972 manu:
389 941 476 971 Pott.
495 940 657 981 septem.)
677 957 712 961 —
738 939 791 971 34.
810 942 839 971 et
855 948 925 971 0111.
945 940 980 971 T.
1004 958 1039 962 —
1057 938 1110 971 32.
1128 939 1218 970 humi
1233 938 1341 971 Aldus
1358 964 1364 978 ,
1392 939 1593 972 Glareanus.

206 1047 360 1094 ταῦρος,
398 1049 457 1081 uhi
493 1048 606 1081 Schol.
643 1049 730 1081 Vcn.
764 1049 897 1090 signifi-

202 1101 282 1131 cant
310 1098 557 1131 Archilochum
587 1100 741 1140 primum
770 1099 894 1139 fuisse,

202 1149 261 1188 qui
296 1148 535 1180 taurisormem
570 1149 744 1180 induxerit
776 1149 897 1180 'Ache-

202 1197 297 1229 loum
323 1206 403 1229 cum
422 1197 569 1229 Hercule
586 1196 788 1229 luctantem.
827 1199 896 1230 Eu-

201 1247 264 1288 rip.
303 1247 363 1278 1011
399 1247 502 1278 426⁴:
540 1240 584 1277 Ὦ
622 1244 895 1292 ταυρόμορφον

204 1291 314 1337 &aaa
336 1293 516 1337 Κηφισοῦ
541 1293 694 1340 πατρός.
720 1296 813 1336 Virg.
833 1298 893 1328 Ge.

201 1344 239 1384 4,
266 1345 348 1377 374:
385 1346 428 1376 Et
460 1346 593 1386 gemina
622 1349 764 1377 auratus
786 1347 896 1377 tauri-

200 1403 244 1425 no
267 1403 395 1426 cornua
417 1395 507 1426 voltu
529 1395 708 1426 Eridanus.
757 1396 843 1426 Aen.
862 1396 893 1434 8,

201 1445 261 1476 77:
289 1445 448 1486 Corniger
470 1445 683 1485 Hesperidum
705 1446 826 1487 fluvius
841 1455 896 1478 re-

199 1497 321 1535 qnator
359 1503 534 1534 aquarum.
584 1495 640 1526 Sic
677 1495 711 1526 in
750 1503 894 1527 nummo

200 1542 389 1575 Volturnus
418 1544 452 1575 in
482 1545 678 1576 Neumanni
709 1545 808 1575 Num.
831 1554 896 1584 po—

198 1593 269 1631 pul.
309 1601 387 1633 pag.
429 1593 482 1624 ⁴2.
545 1593 673 1625 Contra
716 1593 895 1626 Avellinus

200 1642 317 1681 opusc.
348 1643 372 1673 l.
407 1650 441 1683 p.
469 1642 542 1673 407.
569 1642 702 1675 collatis
734 1652 792 1684 pp.
819 1643 892 1676 440.

200 1689 257 1722 444
276 1700 282 1720 ;
308 1691 398 1722 Nelle
419 1691 580 1731 medaytie
602 1692 613 1722 i
634 1693 728 1732 fiwmi
752 1701 830 1724 sono
847 1693 896 1733 ef-

197 1740 304 1780 fiqiati
341 1749 430 1772 come
465 1741 610 1780 nomini,
651 1750 668 1773 e
701 1751 767 1773 non
805 1750 896 1774 come

200 1790 276 1820 tori.
305 1789 379 1821 Tale
394 1789 411 1821 ἐ
427 1789 462 1821 la
484 1793 566 1822 testa
588 1791 658 1822 dell'
682 1791 799 1832 Aufida
817 1792 897 1823 suile

199 1838 360 1878 medasslie
383 1839 416 1869 di
439 1838 595 1878 Salapia,
620 1840 645 1870 il
667 1841 764 1879 quale
781 1840 896 1873 benche'

201 1888 285 1919 detto
324 1889 520 1928 [auriforme
555 1890 599 1920 da
634 1890 774 1929 Orazio‚
811 1899 897 1930 pure

200 1937 290 1977 dagli
319 1938 428 1968 artisti
458 1947 522 1969 non
552 1939 586 1969 in
615 1939 726 1978 forma
749 1939 782 1970 di
805 1942 894 1979 toro,

199 1995 255 2017 ma
280 1987 313 2017 di
336 1995 433 2018 uomo
455 1987 561 2018 vedesi
585 1988 742 2028 effigiato.
772 2005 806 2011 -
828 1989 897 2021 Ce-

201 2037 317 2067 terum
345 2035 411 2066 hac
441 2038 704 2077 comparatione
730 2045 813 2069 usus
844 2040 897 2070 est

202 2085 271 2115 iani
289 2084 464 2116 Homerus
481 2084 518 2116 11.
539 2095 575 2123 ε,
602 2086 662 2117 87:
691 2084 895 2128 (Τυδείδης)

201 2131 300 2166 Θῦιέ
317 2131 390 2179 γὰρ
405 2129 462 2175 ἂμ
478 2133 606 2166 πεδίον
631 2134 789 2178 ποταμῷ
807 2133 899 2177 ,τλή-

202 2183 309 2214 aava
325 2181 460 2223 ἐοικώς
475 2184 515 2216 X
515 2180 694 2229 ειμάρῥῳ,
719 2181 798 2217 ὅστ’
814 2179 896 2217 ὦκα

201 2228 296 2276 ῥέων
328 2231 509 2264 ἐκέδασσε
541 2232 721 2279 γεφύρας.
763 2233 825 2265 Od.
858 2235 894 2274 4,

201 2282 238 2319 9,
264 2282 295 2312 ἐξ.
327 2282 421 2323 longe
436 2286 605 2314 sonantem
621 2286 724 2315 vocat
745 2285 894 2325 patrium

203 2330 358 2362 nux-ium.
397 2349 431 2354 -·
465 2333 589 2373 Dauni]
626 2334 716 2374 regis
752 2333 895 2375 Apuliae

204 2380 359 2419 mythici.
409 2380 470 2411 Od.
497 2380 533 2416 3,
559 2381 618 2419 30,
655 2383 705 2413 41,
735 2401 770 2405 -
793 2391 897 2422 prae-

202 2429 288 2468 fluit]
316 2431 351 2460 ut
364 2429 426 2460 od.
444 2429 474 2467 t,
490 2430 521 2467 3,
539 2431 589 2461 40.
612 2433 646 2463 et
658 2430 741 2462 Plin.
759 2432 797 2463 ll.
811 2433 849 2463 N.
863 2433 894 2471 3,

208 2478 238 2508 44
257 2488 261 2507 :
288 2478 422 2518 Aufidus
439 2488 481 2509 et·
504 2479 642 2519 hirpinis
657 2481 819 2511 montibus
837 2482 899 2512 Ca-

204 2527 334 2557 nusium
374 2529 574 2567 praefluens.
619 2547 653 2550 —
695 2530 894 2569 meditatur]

205 2576 366 2606 uianiiam
386 2578 529 2616 paratus
546 2578 657 2609 estad
677 2578 896 2610 mundandos

205 2634 340 2663 agros.»
379 2626 470 2656 lnest
495 2626 527 2656 in
553 2626 584 2657 li.
613 2636 644 2657 V.
672 2627 838 2658 mirabilis
863 2630 897 2659 ‹·t

205 2674 306 2714 longe
341 2674 508 2706 audacior
542 2675 676 2707 tralatio
706 2685 724 2707 a
749 2686 786 2707 ri·
822 2677 897 2708 aui—

207 2725 296 2755 mata
320 2724 362 2755 ad
388 2724 576 2757 inanimam
602 2733 707 2765 quain
732 2726 764 2757 iu
790 2725 895 2758 altera

944 1049 1092 1082 lectione
1126 1050 1320 1089 minitatur,
1359 1059 1465 1091 quam
1489 1059 1507 1082 e
1532 1049 1636 1091 gloss.

947 1100 1060 1130 ortam
1094 1098 1204 1130 habet
1238 1100 1307 1130 iam
1342 1100 1472 1131 Nonius
1502 1108 1537 1140 p.
1563 1100 1637 1131 203.

946 1149 1051 1180 Mero.
1080 1147 1250 1188 (Gerlach.
1276 1150 1394 1180 tamen
1411 1157 1429 1179 e
1447 1148 1556 1180 Codd.
1575 1149 1641 1180 mi-

946 1197 1074 1238 natur.)
1106 1197 1199 1237 Virg.
1226 1198 1285 1228 Ge.
1313 1198 1349 1236 4,
1377 1197 1458 1229 4-62ῑ
1485 1198 1564 1237 quid
1585 1207 1641 1229 co-

945 1248 1023 1287 gitet
1039 1247 1190 1278 humidus
1204 1248 1332 1278 Auster.
1354 1247 1483 1287 (Nuper
1498 1247 1641 1287 quidam

947 1304 1069 1328 rursus
1091 1295 1256 1337 praetulit
1278 1296 1468 1334 minitatum
1500 1296 1563 1328 sed
1590 1295 1642 1328 al-

946 1347 1063 1377 terum
1086 1345 1161 1377 sine
1179 1345 1286 1377 dubio
1311 1344 1412 1386 longe
1437 1343 1642 1387 ποιητικώ-

944 1403 1054 1439 τερον
1071 1395 1142 1434 est,
1169 1395 1249 1435 quia
1274 1395 1457 1426 hominum
1481 1396 1585 1427 tacita
1602 1404 1643 1427 ac

946 1442 1172 1476 formidolosa
1196 1443 1336 1475 diluviei
1361 1445 1575 1485 exspectatio
1598 1454 1640 1477 eo

946 1492 1070 1525 melius
1095 1493 1327 1534 exprimitur.)

990 1542 1127 1574 30-32.
1164 1543 1318 1584 Feri-ata]
1352 1542 1488 1576 «loricis
1518 1543 1642 1576 ferreis

947 1593 1077 1623 tecta.»
1105 1610 1141 1615 —
1167 1593 1279 1634 diruit]
1311 1601 1402 1625 nove
1435 1592 1568 1625 dictum
1597 1593 1641 1625 de

946 1641 1151 1682 agminibus,
1189 1641 1370 1674 ordinibus
1398 1642 1569 1681 hostium,
1606 1645 1644 1674 ut

947 1690 1027 1722 alibi
1062 1690 1105 1722 de
1142 1691 1330 1731 aedificiis,
1370 1700 1436 1733 pro
1473 1691 1640 1731 «disiecit,

947 1740 1144 1781 dispersit.»
1180 1741 1218 1772 In
1242 1748 1347 1781 prosa
1371 1741 1547 1773 oratione:
1585 1742 1643 1773 ob-

946 1793 1067 1821 stantes
1080 1798 1199 1821 cuneos
1221 1790 1342 1830 gladiis
1358 1790 1520 1822 diducere.
1549 1791 1638 1830 (Sen.

947 1839 1066 1870 Contr.
1095 1839 1132 1877 4,
1159 1838 1203 1877 3.)
1231 1857 1266 1861 —-
1292 1840 1451 1881 metendo]
1475 1841 1514 1871 ut
1536 1836 1642 1883 ἀμᾷν

947 1886 1041 1928 apud
1065 1888 1228 1919 Graecos.
1258 1888 1351 1928 Virg.
1370 1890 1456 1921 Aen.
1478 1889 1533 1928 40,
1559 1889 1638 1921 543ῑ

946 1937 1106 1968 Prooeima
1140 1946 1289 1977 quaeque
1321 1939 1412 1970 metit
1444 1939 1567 1979 gladio.
1603 1959 1638 1962 —

947 1986 1073 2017 Stravit
1095 1986 1240 2027 humum]
1267 1995 1411 2019 «eorum
1434 1988 1641 2029 corporibus

947 2035 1094 2066 humum
1122 2037 1346 2067 constravit.»
1382 2037 1552 2068 Latinitati
1585 2047 1643 2070 re—

946 2085 1078 2125 pugnat
1101 2083 1248 2116 aliorum
1278 2085 1535 2126 interpretatio:
1567 2087 1644 2125 pri-

945 2141 1077 2172 mosque
1111 2137 1140 2164 et
1175 2136 1338 2165 actremos
1374 2135 1446 2173 (eos
1484 2136 1642 2176 trieteride)

947 2184 1064 2213 stravit
1087 2182 1222 2213 humum
1238 2192 1300 2223 pro
1318 2184 1350 2214 in
1366 2183 1512 2222 humum,
1538 2184 1640 2221 humi.

947 2233 985 2262 ut
1013 2240 1056 2263 ex
1086 2231 1189 2271 gloss.
1213 2231 1331 2264 Aldus.
1372 2251 1406 2254 —
1445 2231 1515 2264 'sine
1537 2234 1641 2274 clade]

947 2288 1093 2312 suorum
1117 2280 1275 2313 militum¹
1308 2280 1392 2313 Vell.
1413 2282 1448 2319 “2,
1475 2282 1533 2313 95:
1570 2284 1644 2322 (Ne-

948 2330 1064 2370 rones)
1084 2332 1200 2362 Raetos
1214 2331 1453 2370 Vindelicosquc
1469 2350 1486 2354 -
1503 2350 1520 2354 -
1535 2335 1644 2372 gentes

947 2398 965 2402 -
977 2397 995 2402 -
1011 2388 1147 2412 numero
1161 2381 1363 2420 frequentes,
1381 2381 1512 2420 feritate
1523 2384 1641 2420 truces,

946 2430 1073 2461 maiore
1105 2439 1179 2461 cum
1209 2430 1357 2469 periculo
1390 2440 1492 2469 quam
1523 2432 1644 2462 dainno

947 2479 1085 2511 Romani
1108 2480 1288 2515 acervitas,
1318 2481 1462 2519 plurimo
1486 2489 1561 2511 cum
1587 2489 1643 2512 οω-

947 2538 1022 2560 rum
1045 2530 1207 2569 san-quine
1226 2531 1452 2568 perdomuere.

991 2578 1106 2610 33-40.
1137 2579 1175 2609 Te
1211 2580 1323 2618 coptus
1351 2579 1432 2620 cet.]
1468 2581 1642 2618 Augustus

948 2628 1094 2668 eiusque
1108 2637 1348 2666 successores,
1365 2630 1401 2659 ut
1412 2628 1579 2668 auspicia,
1593 2629 1643 2659 sic

947 2686 1088 2709 (minent
1123 2686 1239 2708 reruni
1265 2687 1282 2706 a
1309 2677 1458 2708 (lucibus
1489 2678 1562 2708 suis
1593 2676 1642 2708 le-

947 2727 1079 2764 gatisve
1099 2730 1278 2767 gestarum
1295 2727 1468 2759 honorem
1486 2726 1552 2758 sihi
1570 2735 1643 2758 scr-
