1997 3219
736 173 812 204 ΗΒ.
839 173 878 204 ll.

928 174 964 205 e.
992 173 1046 205 xi.
1559 172 1629 212 271

483 276 726 331 Restinguet
758 275 945 318 ardentis
979 275 1141 319 Falerni

507 356 660 398 l‘ocula
691 363 989 413 praetereunte
1022 356 1225 414 lympha?
1588 358 1637 396 2u

423 461 528 512 Quis
559 461 730 503 (levium
762 469 948 504 scortum
979 462 1118 505 eliciet
1147 461 1274 503 domo

418 541 597 599 Lyden?
628 542 822 591 liburna,
856 542 926 585 dic
957 555 1057 598 age,
1092 556 1188 584 cum
1220 541 1312 598 lyra

477 622 654 664 Maturet
685 623 723 663 in
756 629 971 678 comptum
1003 623 1222 664 Lacaenae

286 746 332 777 ¹9.
359 746 521 786 Restiteyet
543 746 578 777 B.
608 764 642 768 —
662 746 714 777 ὓ21.
735 747 820 777 elicit
844 747 880 778 T.
903 764 937 768 —-
956 746 1008 777 23.
1027 747 1062 777 in*
1085 750 1249 786 comptum
1266 747 1289 778 B
1309 748 1343 778 et
1367 756 1490 779 omnes
1516 749 1592 779 Pot—

239 796 341 833 tierii,
377 796 460 827 item
478 796 548 826 CF:
586 796 784 835 incomptum
807 795 946 833 bSTed,
979 794 1103 834 Aldus,
1136 797 1190 831 Lt,
1227 797 1426 836 incomptam
1450 807 1490 829 ex
1524 806 1592 828 uno

235 845 403 876 Torrentii
429 844 557 876 Codice
582 843 691 876 Bentl.
719 847 754 876 et
776 846 820 877 M.
849 846 900 885 (Ut
922 853 998 883 nos,
1023 845 1066 884 J.)

193 957 281 997 ¹myr‘
317 951 438 987 αὐτὸν
471 952 683 997 ἀμφιβᾶσα
705 953 806 997 φλὸξ
830 954 888 987 οῗ-

194 1014 273 1036 voc.
321 1004 496 1045 Meleager
518 1006 622 1036 Anth.
642 1006 678 1036 P.
697 1006 737 1036 11.
756 1014 790 1046 p.
811 1006 884 1037 4⁴5:

193 1049 364 1086 Τοίίιέκα
399 1051 470 1086 σὺν
503 1052 685 1096 Νύμφαις
720 1052 888 1099 Βρόμιος

190 1103 323 1143 ([ίλος·
361 1100 409 1145 ἢν
440 1102 480 1136 δέ
511 1115 568 1135 νιν
597 1102 722 1150 εἷ’ργῃς
748 1105 888 1147 Μίσγε-

191 1153 300 1191 σθαι,
326 1151 414 1198 δέξῃ
439 1151 513 1197 πῦρ
538 1149 592 1185 ’ἔτι
616 1151 835 1195 καιόμενον.

233 1203 287 1234 Ἥ.
313 1203 442 1234 derium
457 1204 611 1244 scortum]
640 1212 728 1235 «non
745 1203 886 1243 volgare

191 1261 256 1283 nec
279 1253 382 1284 nimis
406 1254 650 1293 prostitutum,
684 1254 717 1285 in
740 1262 886 1285 recessu

191 1301 323 1342 aliquo,
365 1311 433 1333 non
458 1303 490 1333 in
517 1301 673 1343 lupanari
708 1302 883 1340 habitans,

190 1353 366 1382 remotum
403 1360 422 1381 a
456 1351 611 1390 Subura,
653 1351 885 1383 celeberrima

191 1399 243 1431 illa
280 1401 408 1432 Romae
445 1402 586 1441 regione
612 1401 783 1439 secunda,
824 1401 884 1432 ubi

190 1452 288 1480 erant
314 1448 513 1489 lupanai·ia;
541 1450 637 1490 quod
662 1459 743 1482 cum
767 1448 885 1482 κατά-

188 1496 361 1529 κλειστον
385 1498 526 1531 delicias
558 1500 677 1539 saciat,
720 1510 786 1531 nec
813 1503 886 1533 sta-

190 1548 266 1585 tim,
301 1548 405 1578 etiam
442 1557 511 1588 quo
537 1550 718 1589 tamquam
745 1550 885 1581 fidicina

188 1597 372 1633 invitatur⁷
421 1605 459 1627 se
495 1598 653 1636 confert,
701 1599 884 1639 promissis

187 1645 378 1676 eliciendum
396 1647 481 1677 est.»
509 1647 580 1678 Liv.
600 1647 636 1683 3,
666 1648 727 1679 Δ13ῑ
755 1649 885 1679 devium

187 1695 380 1734 [aqut-ium,
419 1704 458 1725 «a
498 1696 553 1726 via
588 1695 728 1736 publica
764 1706 885 1728 remo-

189 1745 296 1774 tum.»
344 1743 440 1774 Ovid.
462 1744 542 1775 Her.
562 1745 598 1781 2,
620 1746 631 1776 ,1
642 1745 703 1776 [18.
735 1746 777 1777 Et
800 1747 885 1777 ceci—

188 1793 235 1823 nit
278 1796 439 1824 maestum
485 1794 580 1825 devia.
614 1803 748 1826 carmen
789 1796 882 1835 avis,

190 1841 306 1873 «bubo
330 1841 540 1874 solitarius.»
588 1844 627 1875 V.
654 1847 798 1876 scortum
822 1847 886 1876 mi—

188 1892 281 1922 nime
317 1891 538 1923 disconvenit
582 1894 756 1925 sermonis
802 1903 884 1926 cum

189 1939 299 1971 sodali
323 1940 430 1972 habiti
463 1940 637 1973 hilaritati.
664 1942 775 1974 Voss:
815 1944 886 1975 «die

189 1989 310 2019 einsam
336 1990 499 2021 hausende
523 1991 644 2029 Lyde.»

232 2038 284 2069 ⁶23.
310 2038 466 2079 ,ναίω-εί]
494 2041 634 2072 «venire
658 2040 702 2071 ad
721 2050 784 2073 nos
800 2050 886 2082 pro-

189 2089 323 2128 peret.»
361 2086 588 2128 Asclepiades
611 2089 715 2120 Anth.
739 2091 775 2121 P.
802 2091 825 2121 Ι.
849 2099 882 2130 p.

189 2136 263 2168 437.
290 2136 398 2168 herus
423 2137 467 2168 ad
492 2146 658 2179 servum:
695 2138 767 2170 Καὶ
792 2139 886 2184 Τρυ-

187 2186 310 2231 φέραν
330 2187 476 2226 ταχέως
491 2186 531 2218 ἐν
549 2185 702 2232 παρόδῳ
721 2186 885 2220 κάλεσον

188 2235 232 2266 ad
251 2236 462 2267 convivium.
495 2237 729 2268 Pseudanacr.
749 2238 767 2270 4
784 2264 790 2277 ,
820 2238 858 2270 44
877 2247 883 2268 ;

187 2283 382 2329 Μύρισον,
418 2281 547 2327 ῥόδοις
581 2284 617 2318 δὲ
655 2285 773 2331 κρᾶτα
804 2285 884 2319 Πύ-

188 2342 332 2372 κασον,
369 2332 474 2365 κάλει
498 2333 527 2365 δ’
554 2334 718 2380 ἑταίρην.
768 2336 884 2368 Philo-

189 2382 315 2414 demus
340 2383 372 2414 in
397 2384 497 2414 Antii.
526 2383 593 2415 Pal.
621 2386 660 2416 11.
687 2385 771 2416 329:
809 2385 883 2417 Καὶ

188 2429 390 2472 συζεύξατέ
420 2442 487 2474 μοι
519 2431 680 2472 ([ωλάὸα
703 2434 882 2479 παρθενι-

188 2479 272 2523 κήν.
309 2484 483 2514 Graecum
507 2484 610 2522 igitur
632 2484 726 2515 hunc
743 2493 881 2516 morem

188 2533 271 2563 tunc
297 2532 423 2563 imitari
463 2533 568 2563 etiam
609 2533 750 2564 Romani
788 2533 882 2565 sole-

187 2579 283 2612 bant.
317 2598 352 2603 -
393 2580 491 2612 Idem
519 2589 596 2613 mos
625 2582 718 2622 apud
747 2582 880 2615 Arabas

187 2628 380 2661 obtinebat.
418 2630 600 2671 Tharapha
619 2631 742 2662 Reiskii
761 2640 794 2672 p.
815 2631 854 2662 23
872 2642 877 2662 :

188 2678 396 2719 Compotores
428 2680 491 2711 mei
525 2683 598 2711 sunt
636 2680 766 2719 puellae
799 2689 881 2712 can-

187 2728 284 2760 didae
317 2729 485 2760 stellarum
522 2730 642 2768 instar,
680 2734 709 2761 e!
745 2731 881 2770 fidicina

938 974 956 978 -
979 974 998 979 -
1023 965 1108 995 quae
1142 956 1321 987 dicentibus
1353 957 1469 987 nobis:
1523 958 1633 991 «Eia.

938 1006 1116 1036 audiamus
1152 1006 1390 1044 cantilenam»,
1436 1007 1471 1037 in
1501 1015 1635 1046 conspe-

938 1059 1027 1086 ctum
1044 1056 1175 1094 prodit,
1201 1055 1302 1094 lente,
1327 1065 1393 1087 non
1410 1056 1506 1087 nimis
1523 1066 1632 1095 opero-

938 1114 986 1143 se,
1013 1105 1140 1136 tenella.
1163 1122 1199 1126 —
1227 1105 1339 1136 «Ordo
1357 1114 1413 1136 w.
1435 1107 1508 1137 est:
1545 1115 1636 1138 more

938 1156 1110 1187 Lacaenae
1135 1156 1276 1195 religata
1293 1164 1404 1186 comas
1421 1157 1454 1186 in
1470 1161 1635 1197 comptum

938 1205 1070 1235 nodum.
1119 1205 1267 1244 Propter
1292 1204 1401 1235 Codd.
1429 1206 1547 1237 autem
1583 1216 1636 1238 co-

936 1262 1028 1284 mam
1051 1252 1281 1284 scribendum
1306 1254 1362 1285 est
1378 1263 1406 1283 z»
1434 1254 1508 1293 (sed
1535 1256 1634 1288 vides

937 1304 1010 1333 tres
1035 1310 1135 1333 meos
1165 1302 1346 1342 antiquiss.
1374 1302 1546 1343 praebere
1577 1312 1634 1334 co-

936 1350 1035 1391 mas.)
1054 1349 1252 1382 «Bentleius
1266 1352 1419 1383 correxit
1434 1353 1635 1391 incomptcnn

936 1408 1065 1431 comam
1082 1399 1139 1431 r'el.
1159 1401 1254 1431 nodo.
1283 1400 1363 1438 Sed,
1383 1403 1633 1441 praeterquam

936 1449 1032 1490 quod
1054 1450 1221 1489 incompta
1243 1459 1338 1481 coma
1353 1450 1507 1491 puellam
1524 1451 1633 1490 magis

936 1499 1130 1530 dedecoret
1154 1508 1260 1539 quam
1286 1501 1403 1538 ornet,
1430 1509 1507 1531 voc.
1534 1502 1631 1535 nocto,

936 1548 1033 1587 quod
1068 1547 1164 1579 salvo
1199 1557 1305 1580 sensu
1341 1548 1467 1580 abesse
1492 1551 1630 1589 posset,

936 1598 985 1628 sic
1010 1597 1103 1628 nude
1129 1598 1162 1628 in
1180 1597 1248 1628 fine
1267 1598 1421 1637 positum
1438 1598 1633 1629 veliemen-

936 1648 990 1677 ter
1025 1646 1138 1686 sriget.
1192 1648 1323 1687 Aptum
1358 1649 1479 1678 contra
1515 1647 1633 1678 locum

935 1694 1061 1733 habet,
1095 1694 1155 1726 ubi
1186 1695 1304 1726 addito
1330 1696 1502 1727 adiectivo
1527 1705 1634 1727 accu-

935 1745 1044 1776 ratius
1080 1744 1304 1776 describitur.
1354 1746 1472 1777 Lectio
1507 1747 1633 1777 incom—

930 1797 1027 1833 ptum
1061 1795 1183 1825 nodum
1219 1794 1357 1833 linguae
1388 1794 1484 1834 leges
1508 1795 1630 1832 violat,

936 1852 1018 1874 cum
1053 1845 1265 1884 praepositio
1300 1845 1334 1874 tn
1370 1844 1496 1876 abesse
1521 1845 1554 1875 in
1580 1845 1632 1875 his

937 1901 1005 1923 non
1030 1893 1175 1932 possit.»
1201 1894 1294 1924 ΙΛΗΝ.
1325 1911 1360 1915 —
1397 1895 1432 1924 in
1455 1894 1630 1934 comptum]

938 1942 992 1972 «in
1017 1942 1273 1982 compositum
1309 1942 1513 1974 festinantes
1538 1944 1632 1974 enim

936 1990 1103 2022 mulieres
1138 2000 1270 2032 pexum
1304 1994 1438 2024 tantum
1468 1992 1632 2033 capillum

936 2040 970 2070 in
994 2040 1128 2072 nodum
1152 2040 1315 2081 colligere
1335 2044 1629 2074 consueverunt.»

937 2089 1041 2125 Cano.
1090 2089 1152 2120 Od.
1180 2089 1217 2128 3,
1245 2090 1304 2129 44,
1330 2092 1366 2122 ‘21
1390 2101 1396 2122 ε
1432 2092 1494 2122 Dic
1526 2095 1554 2122 et
1577 2101 1634 2122 ar-

935 2141 1035 2179 gutae
1065 2142 1222 2177 properet
1255 2140 1406 2171 Neaerae
1439 2141 1633 2179 Myr-rheam

937 2188 1020 2218 nodo
1054 2187 1201 2219 cohibere
1246 2189 1380 2220 crinem.
1442 2188 1631 2230 Utrobique

936 2245 1005 2267 non
1031 2237 1102 2268 tam
1119 2237 1163 2267 ad
1181 2238 1342 2269 comandi
1361 2247 1498 2269 moram
1516 2240 1631 2278 respi-

936 2287 982 2317 cit
1006 2294 1113 2326 quam
1137 2286 1182 2317 ad
1206 2287 1403 2328 simplicem
1423 2287 1631 2327 elegantiam

934 2335 1033 2373 nodi,
1061 2336 1119 2375 qui
1144 2337 1332 2376 opponitur
1355 2337 1550 2368 artificiosis
1575 2345 1634 2367 co-

934 2393 1010 2416 mas
1027 2385 1191 2416 nectendi
1208 2386 1409 2425 generibus.
1437 2387 1520 2417 Tres
1538 2386 1632 2417 enim

934 2434 1028 2465 modi
1075 2435 1255 2475 praecipui
1302 2434 1444 2475 capillos
1484 2434 1631 2466 ornandi

933 2485 1043 2515 erant.
1092 2483 1204 2516 Manil.
1225 2486 1262 2523 5,
1284 2485 1294 2516 l
1304 2484 1367 2516 to:
1393 2485 1458 2516 Illis
1481 2494 1565 2515 cura
1580 2484 1631 2514 sui

931 2533 1036 2564 cultus
1078 2534 1261 2573 frontisque
1311 2535 1449 2565 decorae
1496 2536 1632 2573 Semper

931 2583 1017 2614 erit:
1042 2586 1143 2614 tortos
1168 2584 1199 2614 ιή
1221 2585 1359 2624 [Luctum
1378 2592 1502 2622 ponere
1524 2583 1631 2614 crines

931 2631 994 2663 Aut
1016 2632 1131 2663 vinclis
1156 2641 1311 2663 revocare
1334 2640 1445 2662 comas
1468 2635 1496 2663 et
1511 2633 1630 2663 verlice

932 2681 1028 2712 denso
1051 2681 1190 2722 Finqere
1205 2685 1234 2712 et
1251 2681 1408 2721 appositis
1423 2684 1522 2721 capul
1537 2690 1630 2712 emn-

931 2734 1004 2762 tare
1027 2731 1165 2770 capillis.
1201 2748 1234 2752 —-
1278 2731 1465 2771 Lacaenae]
1507 2731 1561 2761 Sic
1596 2731 1629 2761 in
