1997 3219
380 192 448 222 Vlll
986 189 1228 223 PRAEFATIO

376 301 544 337 ceterae
586 294 787 337 lectiones
827 307 975 336 omnes
1016 295 1203 336 nituntur
1251 293 1333 336 lide
1377 294 1580 337 Codicum
1632 296 1814 338 bonitate

375 375 705 432 praestabilium.
766 367 964 418 Ceterum
996 382 1195 431 quattuor
1230 375 1335 417 haec
1367 376 1503 431 capita
1532 377 1569 417 in
1593 391 1723 418 111111111
1745 378 1815 418 ubi

375 456 665 505 coniunxeris,
698 470 857 512 paucas
888 455 1120 497 admodum
1151 456 1375 502 lectiones,
1409 470 1520 513 quae
1548 457 1722 513 quidem
1744 472 1816 500 00-

375 537 558 593 gnitione
589 537 742 593 dignae
777 537 877 586 sint,
914 536 1199 579 desiderabis.

459 617 692 660 Familiaris
731 623 874 660 autem
914 631 1044 673 quam
1083 618 1231 660 vocavi
1276 618 1567 674 interpretatio
1614 632 1696 659 11011
1734 625 1817 660 tam

376 698 688 748 Grammaticis,
727 712 856 754 quarn
891 711 1040 740 eorum
1071 699 1165 740 usui
1206 698 1415 741 destinata
1444 705 1529 744 est,
1569 700 1640 755 qui
1671 699 1818 741 ctiam-

373 792 486 821 nunc
530 778 773 820 huiusmodi
811 779 1138 821 commentarios
1187 778 1436 825 consulunt,
1490 779 1531 820 id
1578 787 1667 827 est,
1721 794 1816 822 cum

373 859 670 902 adolescentes
714 859 918 915 primunr
955 859 1113 901 Horatii
1161 860 1349 902 carmina
1402 859 1549 902 lecturi
1594 860 1659 902 vel
1710 874 1818 915 quas

373 939 486 996 apud
535 946 839 996 praeceptores
883 939 1110 981 audierunt
1159 940 1527 995 interpretationes
1573 941 1816 996 repetituri:

374 1028 461 1062 tum
490 1020 590 1068 viri,
629 1020 701 1076 qui
733 1020 824 1062 aliis
854 1020 1033 1076 negotiis
1065 1019 1261 1062 civilibus
1297 1013 1372 1061 aut*
1394 1020 1732 1063 sacerdotalibus
1755 1021 1818 1062 ‹sli-

374 1101 521 1149 stricti,
560 1100 772 1143 interdum
801 1107 941 1143 tamen
972 1101 1026 1143 ad
1058 1105 1248 1156 poetam,
1287 1100 1407 1143 cuius
1442 1100 1539 1142 inde
1572 1101 1625 1142 ab
1649 1101 1818 1143 incunte
1847 1131 1855 1139 .

374 1188 511 1223 aetate
544 1187 706 1237 gratam
739 1180 988 1222 memoriam
1027 1180 1178 1222 merito
1212 1188 1538 1230 conservarunt,
1588 1181 1640 1223 ita
1678 1181 1819 1224 redire

374 1261 565 1317 cupiunt,
597 1267 643 1302 ut
671 1274 726 1301 ne
757 1260 882 1302 nimis
912 1260 1140 1309 abstrusis,
1174 1261 1367 1316 operosis
1399 1260 1820 1317 diffusisquedispu-

374 1340 603 1383 tationibus
634 1341 818 1396 primum
840 1341 1104 1389 intricentur,
1142 1354 1240 1382 mox
1262 1354 1282 1381 a
1308 1341 1488 1396 legendo
1510 1341 1818 1394 deterreantur,

488 1422 625 1472 Quem
656 1421 831 1477 quidem
860 1421 915 1463 ad
934 1421 1081 1466 finem,
1120 1434 1217 1463 cum
1248 1435 1325 1477 per
1359 1422 1551 1478 quinque
1582 1422 1663 1463 iam
1689 1422 1818 1463 lustra

376 1501 602 1558 quotannis
650 1502 870 1543 Horatium
912 1500 1082 1557 publicc
1128 1514 1337 1557 exponam
1383 1502 1648 1544 auditoribus
1692 1502 1818 1547 meis,

376 1582 519 1624 denuo
553 1588 693 1624 tamen
722 1581 883 1638 perlegi
914 1588 1085 1637 praeter
1116 1588 1286 1624 veteres
1321 1582 1578 1625 Scholiastas
1609 1582 1822 1638 probatis-

377 1662 507 1704 simos
534 1675 731 1718 quosque
758 1662 1011 1718 interpretes
1033 1661 1086 1703 ab
1112 1662 1315 1704 Lambino
1332 1676 1470 1719 usque
1496 1662 1549 1704 ad
1569 1662 1821 1705 Iacobsium.

376 1743 496 1794 Quae
536 1749 678 1784 autem
714 1742 828 1798 apud
872 1756 1088 1798 quemque
1131 1743 1288 1798 cuique
1330 1742 1422 1785 1000
1468 1756 1596 1799 quam
1638 1743 1821 1785 maxime

377 1823 569 1879 apposita
599 1822 866 1866 viderentur.
904 1822 1085 1865 liberum
1106 1830 1148 1865 ct
1176 1823 1386 1879 integrum
1406 1823 1610 1865 iudicium
1632 1831 1819 1870 secutus,

378 1916 498 1945 meos
540 1903 581 1944 in
621 1916 724 1945 usus
767 1910 1018 1945 convertere
1062 1903 1222 1952 studui,
1265 1904 1456 1959 priorum
1501 1903 1822 1960 explanatorum

379 1983 528 2025 merita
559 1989 677 2039 grato
709 1983 849 2024 animo
881 1996 1053 2039 semper
1074 1997 1310 2039 agnoscens
1340 1983 1824 2045 1100111111111111111011111-

380 2077 508 2119 quam
541 2063 729 2106 tribuens
764 2063 842 2104 nisi
874 2076 1020 2105 curam
1055 2064 1095 2103 in
1127 2063 1292 2105 illorum
1326 2064 1639 2106 commentariis
1681 2063 1823 2119 perlu-

381 2144 585 2193 strandis,
638 2142 940 2199 excerpendis,
997 2143 1304 2199 componendis
1361 2143 1511 2185 sedulo
1561 2143 1821 2186 collocatam.

383 2224 654 2277 Singulorum
695 2237 798 2265 vero
840 2224 1011 2265 nomina
1055 2224 1229 2277 singulis
1267 2224 1306 2264 in
1338 2223 1442 2265 locis
1475 2237 1714 2265 memorare
1746 2236 1824 2278 pro

383 2319 479 2347 11100
522 2304 699 2346 consilio
738 2303 837 2344 1111111
871 2303 1090 2346 attinebat.
1128 2317 1223 2344 011111
1262 2303 1510 2358 praesertim
1543 2303 1701 2359 ubique
1737 2303 1824 2345 sere

384 2384 515 2427 verba
547 2398 696 2426 00111111
731 2383 797 2425 vel
829 2383 1116 2425 contrahenda
1149 2383 1211 2425 vel
1249 2383 1536 2439 qualicunque
1569 2382 1696 2425 modo
1732 2396 1824 2423 mu-

386 2465 512 2509 tanda
546 2472 702 2507 0550111.

470 2544 617 2587 Dill'ert
657 2551 798 2587 autem
844 2551 987 2586 nostra
1035 2544 1324 2600 interpretatio
1367 2559 1391 2586 a
1432 2544 1662 2589 similibus,
1715 2556 1825 2599 quac

387 2639 497 2667 nunc
531 2625 569 2665 in
602 2624 757 2667 scholis
790 2624 999 2674 seruntur,
1034 2624 1097 2665 liis
1132 2624 1399 2680 potissimum
1428 2623 1692 2666 nominibus:
1731 2636 1826 2664 sae-

387 2706 480 2763 pius
512 2705 795 2747 diiudicantur
831 2713 872 2747 01
904 2706 1045 2746 variae.
1084 2704 1284 2746 lectiones
1316 2712 1357 2746 et
1392 2704 1586 2745 diversae
1610 2703 1826 2745 Gramma-
