1997 3219
394 205 472 246 *2740

909 208 1075 239 ttoRATH
1099 207 1318 241 CARMINUM

866 514 1177 569 CARMEN
1214 514 1343 553 xu-

613 639 729 682 Nolis
760 639 884 696 longa
915 638 1028 681 ferae
1059 638 1170 680 bella
1195 638 1447 681 Numantiae

611 721 697 762 Nec
729 719 868 769 dirum
901 718 1176 761 Hannibalem
1213 732 1293 762 nec
1324 717 1511 761 Siculum
1543 733 1658 761 mare

474 839 542 870 XII.
580 840 687 871 Inscr.
712 837 802 878 volg.
839 837 887 869 Aa
913 839 1158 877 Maecenatem,
1196 839 1230 870 et
1262 838 1312 870 sic
1342 837 1450 869 BbSc.
1479 856 1514 860 —
1540 838 1589 869 Ad
1615 839 1783 870 Meeenam

427 888 672 927 prosphonetice
705 887 879 918 tetracolos
909 887 945 918 T.
982 905 1017 909 —
1051 887 1082 918 ⁵2.
1109 888 1230 925 duriam
1260 886 1431 925 BbSTcd,
1468 885 1540 929 βγκ
1577 896 1677 919 «cum
1709 887 1783 919 aliis

429 937 600 969 interioris
624 938 766 975 notae»,
792 938 897 974 item,
921 938 961 967 ut
983 936 1138 975 videtur,
1165 937 1317 968 Pottierii
1342 945 1482 975 omnes,
1509 935 1696 968 Bentleius.
1724 936 1786 977 (di-

427 997 504 1018 rum
527 986 701 1027 praebent
725 987 866 1027 Cruquii
898 986 996 1017 Mart.
1024 987 1059 1016 et
1081 984 1247 1023 Aldinae,
1284 985 1394 1016 dirum
1416 994 1449 1015 v.
1475 983 1496 1016 l.

427 1037 566 1068 Kirchn.
594 1045 627 1076 p.
655 1036 720 1075 36.)

425 1142 496 1172 XII.
537 1142 627 1178 Fuit,
654 1141 713 1181 qui
743 1141 989 1180 argumentum
1013 1139 1082 1170 hoc

384 1199 463 1221 csse
489 1191 714 1230 opinaretur:
742 1189 898 1220 «Laudes
921 1189 1078 1228 Augusti,

383 1239 427 1270 ad
452 1248 539 1279 quas
574 1238 684 1279 lyrico
721 1239 877 1270 camnine
903 1237 1079 1269 canendas

384 1297 402 1319 a
421 1289 622 1320 Maecenate
640 1288 754 1319 suerat
770 1288 951 1325 excitatus,
970 1286 1080 1317 urba-

382 1337 526 1368 nissima
554 1338 786 1368 conversione
805 1337 869 1377 ipsi
886 1336 1079 1368 Maecenati

382 1395 486 1426 prosa
516 1387 674 1417 oratione
712 1385 942 1417 celebrandas
982 1384 1080 1416 dele.-

382 1437 472 1475 gat.»
519 1436 652 1466 Verum
676 1436 726 1467 sie
750 1436 872 1475 exigua
891 1443 974 1466 sane
991 1435 1079 1465 ratio

383 1484 535 1516 habetur
572 1485 728 1523 exordii3
777 1493 859 1515 nam
895 1485 1078 1515 Maecenas

383 1543 564 1574 nunquam
576 1535 734 1574 profecto
748 1535 847 1574 petiit
863 1533 906 1564 ab
922 1534 1076 1571 Horatio7

383 1585 419 1614 ut
452 1582 586 1614 bellum
621 1584 872 1614 Numantinum
908 1583 942 1613 et
987 1591 1078 1622 quae

382 1635 569 1673 praeterea
588 1633 842 1673 significantur,
863 1633 1018 1669 caneret,
1038 1640 1078 1662 ae

384 1682 477 1713 nulla
506 1691 653 1723 prorsus
683 1682 837 1713 habetur
860 1682 948 1712 ratio
974 1681 1078 1712 totius

382 1732 425 1763 de
444 1732 623 1771 Licymnia
641 1730 718 1762 loci.
744 1732 865 1770 Itaque
883 1730 1079 1769 argumenti

384 1782 554 1822 expositio
571 1782 685 1821 aptior
701 1781 790 1811 llaec
804 1780 964 1811 x‘idetur:
993 1780 1080 1810 «No-

382 1830 423 1861 lis
449 1830 492 1870 <id
519 1831 583 1867 est,
610 1839 715 1861 nemo
739 1828 831 1868 velit)
858 1838 876 1859 a
894 1838 950 1860 me
968 1827 1077 1868 lyrice

384 1878 555 1910 celebrari
586 1887 644 1909 res
673 1880 789 1918 gestas
814 1879 989 1910 maiorum
1013 1885 1078 1908 no—

383 1930 539 1960 strorum
567 1937 682 1968 neque
712 1929 872 1968 antiquas
907 1926 982 1959 illas
1019 1927 1080 1958 he-

383 1986 487 2009 roum
510 1985 668 2018 pugna53
694 1978 898 2018 pariterque
924 1978 959 2008 et
984 1978 1019 2007 tu
1044 1977 1079 2007 et

384 2027 497 2067 quivis
533 2025 619 2057 alius
643 2027 795 2066 scriptor
818 2025 943 2057 melius
967 2025 1079 2066 pede-

384 2077 444 2107 stri
476 2076 634 2106 oratione
660 2075 839 2106 enarrabit
864 2075 964 2106 fortia
990 2076 1080 2107 Cae-

383 2125 471 2155 saris
496 2124 607 2162 facta3
633 2133 777 2162 verum,
805 2133 887 2156 cum
910 2133 968 2156 res
992 2125 1078 2155 istae

384 2173 530 2205 bellicae
560 2182 640 2205 meo
668 2174 811 2214 quidem
843 2174 981 2213 ingenio
1010 2174 1079 2204 mi-

385 2232 450 2255 nus
481 2224 582 2263 aptae
612 2223 696 2261 sint,
733 2222 946 2263 praedicabo
976 2223 1079 2262 Licy-

385 2273 517 2304 mniam
543 2275 671 2303 tuam.»
719 2272 809 2303 Dum
842 2273 960 2303 autem
989 2273 1079 2303 Cae-

386 2323 473 2353 saris
519 2321 641 2352 laudes
687 2322 892 2361 praedicare
939 2321 1076 2359 abnuit,

386 2371 530 2403 easdem
561 2370 797 2401 urbanissimo
822 2370 976 2410 quodam
1000 2380 1079 2402 mo—

387 2420 431 2451 do
471 2428 555 2451 usus
595 2420 733 2459 egregie
774 2419 920 2458 extollit,
962 2421 1005 2451 ita
1042 2421 1079 2450 ut

386 2478 502 2510 neque
526 2470 655 2501 Caesar
690 2470 764 2510 ipse
800 2468 843 2501 illi
878 2478 1080 2510 repugnan-

387 2519 455 2550 tiae
488 2519 700 2550 stomachari
736 2520 866 2559 posset.
923 2520 1079 2559 Compo-

388 2569 495 2600 situm
518 2568 656 2600 videtur
681 2577 823 2599 carmen
848 2577 877 2599 a.
897 2577 930 2599 u.
952 2578 982 2599 c.
1002 2569 1076 2599 725.

386 2617 442 2649 vcl
468 2617 541 2648 726.

433 2668 462 2697 4.
489 2667 588 2706 lon-qa
603 2684 620 2689 -
637 2666 736 2707 bella]
772 2665 815 2697 al)
841 2675 870 2696 a.
890 2675 923 2697 u.
944 2675 974 2697 c.
1005 2666 1077 2697 613.

389 2724 502 2755 usque
520 2716 562 2747 ad
580 2725 611 2747 a.
631 2717 705 2747 6211.
726 2733 762 2738 —
787 2716 878 2756 ferae
894 2732 911 2737 —
926 2715 1079 2746 Νιωηαη-

389 2764 463 2803 tiae]
481 2764 598 2795 Florus
612 2765 642 2802 2,
661 2765 711 2801 ⁴8,
724 2765 779 2795 45:
799 2764 976 2803 Deploralo
990 2765 1081 2795 erim

1529 986 1649 1016 durum
1679 996 1702 1026 γ
1725 993 1780 1025 ap.

1130 1139 1165 1169 in
1187 1139 1339 1170 ultimam
1360 1138 1488 1169 rabiem
1510 1139 1723 1178 furoremque
1746 1147 1826 1170 con-

1129 1189 1216 1219 versi
1234 1191 1400 1227 postremo
1429 1189 1515 1219 mori
1548 1189 1606 1219 hoc
1629 1197 1747 1229 ²qenere
1769 1189 1826 1219 de-

1129 1239 1295 1269 stinarunt
1309 1247 1319 1268 .·
1346 1238 1441 1269 duces
1463 1247 1537 1269 saos
1552 1247 1646 1277 seque
1657 1238 1828 1277 patriam-

1130 1297 1192 1327 que
1216 1287 1306 1328 ferro
1322 1290 1352 1318 et
1370 1296 1492 1330 veneno
1509 1288 1710 1326 subieccoque
1725 1288 1826 1318 ‘undi-

1130 1346 1191 1377 que
1212 1338 1288 1378 iyne
1307 1341 1528 1376 peremerant.

1172 1406 1203 1436 2.
1242 1404 1368 1446 dirum]
1394 1406 1433 1436 ut
1449 1405 1512 1436 Od.
1532 1404 1562 1443 3,
1583 1404 1613 1443 6,
1634 1404 1687 1435 36.
1708 1405 1743 1436 et
1758 1404 1820 1435 Od.

1129 1454 1166 1492 li,
1186 1454 1205 1485 4
1219 1479 1226 1493 ,
1245 1453 1298 1485 42.
1326 1455 1498 1494 perpetuo
1523 1453 1682 1495 ἐπιθέτῳ
1712 1454 1828 1484 nomi-

1129 1505 1232 1534 natur
1256 1502 1449 1539 Han-nibal,
1477 1504 1557 1543 quia
1583 1504 1727 1534 Romani
1752 1504 1826 1533 eius

1129 1552 1338 1583 memoriam
1347 1553 1493 1592 propter
1507 1553 1690 1584 saevitiam
1700 1561 1740 1583 ac
1748 1561 1828 1592 per·
1867 1569 1870 1571 -

1128 1601 1248 1632 fidiam
1269 1601 1556 1632 exsecrabantur.
1601 1600 1717 1632 Altera
1748 1602 1827 1641 qui-

1130 1650 1212 1681 dem
1228 1650 1331 1682 lectio
1355 1652 1476 1681 darum
1503 1651 1725 1681 invenustam
1750 1650 1827 1681 esti-

1129 1702 1227 1730 ceret
1275 1700 1535 1740 oppositionem
1575 1708 1607 1730 ν.
1650 1699 1799 1730 mollibus
1810 1725 1820 1737 7,

1130 1757 1346 1789 quamquam
1371 1758 1412 1780 eo
1438 1749 1515 1789 ipso
1538 1749 1678 1780 nomine
1696 1748 1827 1789 placuit.

1130 1800 1165 1830 et
1197 1798 1354 1830 Bentleio
1390 1799 1425 1829 et
1462 1798 1658 1829 Sauadouo.
1707 1800 1824 1837 Longe

1129 1848 1193 1879 alia
1217 1856 1274 1879 res
1298 1850 1373 1886 est,
1410 1847 1470 1878 ubi
1495 1848 1586 1887 Virg.
1613 1849 1671 1879 Ge.
1692 1849 1728 1885 ⁶3,
1749 1848 1822 1878 ΠΟ.

1128 1898 1302 1937 Scipiadas
1325 1899 1424 1928 claros
1446 1897 1526 1928 bello
1550 1899 1585 1928 et
1621 1899 1706 1929 Aen.
1736 1898 1772 1935 2,
1792 1898 1822 1928 7.

1129 1948 1250 1978 darum
1286 1947 1413 1977 Ulixem
1446 1948 1560 1977 vocat.
1620 1947 1669 1977 Tu
1705 1946 1825 1977 confer

1130 1995 1268 2034 Quintil.
1298 1996 1336 2035 8,
1367 1996 1405 2034 ⁶2,
1435 1996 1476 2027 9:
1511 1996 1665 2035 «proprie
1689 1996 1822 2031 (lictum,

1128 2047 1161 2076 id
1178 2049 1240 2084 est,
1267 2055 1330 2085 quo
1354 2045 1434 2076 nihil
1451 2045 1590 2076 inveniri
1602 2045 1704 2084 possit
1720 2045 1825 2085 siqni-

1127 2096 1296 2136 ficantius,
1335 2098 1372 2126 ut
1397 2113 1415 2117 -
1442 2113 1461 2117 -
1486 2095 1662 2133 Horatius,
1703 2102 1824 2125 aerem

1130 2144 1250 2175 tibiam
1274 2142 1576 2183 Hannibalemque
1602 2143 1752 2174 dirum.»

1173 2211 1203 2242 3.
1236 2212 1340 2242 Poeno
1363 2210 1538 2251 sanquine]
1564 2211 1719 2251 primum
1743 2219 1824 2242 cum

1131 2261 1167 2293 C.
1206 2260 1338 2292 Duillus
1373 2270 1403 2291 a.
1441 2269 1474 2290 u.
1503 2268 1532 2291 c.
1559 2259 1633 2291 494.
1671 2259 1822 2291 classem

1130 2308 1330 2341 Hannibalis
1354 2310 1497 2341 maioris
1521 2308 1566 2339 ad
1582 2307 1691 2348 Mylas
1715 2317 1823 2348 supe—

1129 2360 1228 2390 ravit.
1277 2359 1408 2389 Rursus
1439 2360 1474 2389 L.
1501 2358 1656 2389 Lutatius
1681 2356 1822 2389 Catulus

1131 2417 1201 2439 cos..
1223 2416 1253 2438 a.
1274 2416 1307 2438 u.
1328 2416 1357 2438 o.
1378 2408 1451 2438 512.
1478 2407 1522 2438 ad
1548 2409 1696 2446 Aegates
1724 2407 1822 2437 insu-

1130 2457 1179 2489 las
1215 2459 1351 2488 Poenos
1387 2456 1523 2497 proelio,
1544 2454 1657 2486 navali
1693 2455 1823 2486 devicit

1131 2508 1196 2538 cet.
1226 2525 1261 2529 —
1287 2505 1446 2546 mollibus]
1473 2506 1522 2537 De
1547 2514 1584 2536 se
1610 2506 1745 2536 tautum
1769 2504 1822 2535 lo—

1130 2557 1264 2597 quitur⁷
1291 2564 1360 2586 non
1385 2554 1428 2586 de
1447 2555 1541 2586 omni
1558 2554 1654 2594 poesi
1673 2552 1796 2585 melica
1812 2563 1818 2591 3

1131 2606 1251 2645 sicque
1281 2604 1342 2636 Od.
1375 2605 1412 2642 4,
1443 2603 1478 2642 6,
1509 2604 1569 2634 40:
1621 2602 1822 2642 Imbellisque

1129 2655 1231 2694 lyrae,

1174 2715 1204 2747 li.
1236 2715 1402 2754 Aptantur
1433 2714 1585 2745 citharae
1618 2713 1721 2744 vitodis
1743 2708 1822 2754 (ῥυ-

1133 2764 1245 2805 θμοῖς
1269 2764 1333 2795 καὶ.
1356 2761 1500 2804 μέλεσι)
1524 2761 1633 2793 verba
1659 2771 1699 2793 ex
1717 2762 1819 2793 metri
