1997 3219
675 262 752 293 LIB.
780 263 834 293 ΙΙΙ.
884 264 919 293 (J.

328 367 503 408 Vincunt
535 379 724 421 acquora
755 365 946 411 navitae.

948 262 1061 293 XXlV.
1573 260 1652 300 479

379 447 574 502 Magnum
596 446 836 502 ‘pauperies
868 444 1144 501 opprobrium
1176 444 1293 486 iubet

323 526 501 577 Quidvis
533 533 573 568 ct
604 526 743 568 facero
775 533 816 568 et
848 526 932 581 pati

379 605 637 662 virtutisque
669 607 780 648 viam
810 605 971 648 deserit
1002 604 1195 647 arduae?

323 710 394 753 Vel
425 724 501 752 nos
534 711 574 752 in
605 710 882 766 Capitolium,

378 792 472 842 Quo
505 790 666 834 clamor
696 798 818 834 vocat
848 798 889 833 et
920 790 1043 833 turba
1075 790 1321 839 faventium,

320 870 393 913 Vol
424 884 500 913 nos
534 871 573 912 in
607 884 724 913 mare
759 870 1002 927 proximum

298 1015 348 1047 vii.
376 1015 522 1047 deserere
544 1013 722 1046 Bentleius
747 1014 838 1045 coni.

209 1137 338 1169 laribus
374 1138 447 1169 suis
483 1138 664 1178 optionem
689 1137 771 1168 dat:

868 1032 902 1036 —
930 1013 982 1046 47.
1010 1022 1104 1046 mare
1121 1014 1290 1053 publicum
1314 1015 1351 1046 C.

813 1148 828 1164 «
839 1136 901 1168 Vel
952 1146 1018 1181 ρος
1034 1132 1084 1168 ἄν
1100 1132 1315 1182 εὑρεθῆναι.
1334 1155 1370 1159 -
1390 1137 1542 1169 Gemmas
1557 1142 1586 1170 ct
1599 1139 1651 1170 ία-

209 1196 268 1219 eas
293 1188 325 1218 in
349 1187 440 1218 lovis
465 1186 647 1227 Capitolini
673 1185 814 1225 cellam,
848 1186 902 1218 dis
948 1186 1051 1227 pides]
1069 1186 1131 1219 Ubi
1148 1187 1237 1218 haec
1254 1195 1311 1218 W.
1327 1187 1517 1227 iunguntur
1533 1196 1551 1219 a
1568 1191 1652 1229 poet-

208 1235 464 1269 immortalibus
489 1235 698 1274 sacrandas,
739 1235 901 1267 humanis
954 1236 1015 1274 tis,
1048 1234 1259 1276 plerumque
1283 1244 1431 1276 yemmae
1454 1237 1651 1277 significant

207 1285 330 1317 usibus
354 1285 560 1316 eximendas
585 1287 900 1325 comportemus»,

954 1284 1088 1326 lapides
1112 1285 1306 1325 pretiosos,
1333 1285 1465 1325 (i'ntayli
1487 1295 1503 1317 e
1517 1286 1650 1327 camei,)

209 1334 314 1375 [quod
338 1343 371 1365 v.
399 1333 612 1365 eliciendum
643 1342 661 1364 e
687 1342 762 1374 seq.
787 1334 903 1365 mitta-
952 1334 1077 1373 lapides
1091 1342 1176 1365 vero
1193 1334 1342 1366 uniones
1358 1336 1649 1376 margaritasque.

206 1392 299 1422 mus,
308 1383 321 1423 )
371 1391 499 1423 «quam
538 1383 685 1414 divitum
733 1391 901 1423 pompam

207 1432 296 1464 ultro
327 1441 414 1473 opes
443 1441 526 1464 suas
555 1433 627 1463 Iovi
662 1432 902 1465 dedicantium

207 1484 377 1522 sequetur
393 1481 496 1513 totius
513 1480 631 1522 populi
648 1482 792 1513 Romani
800 1480 902 1513 ‘mul-

207 1531 318 1562 titudo
343 1531 455 1562 fausto
480 1530 634 1562 clamore
660 1532 731 1562 tam
754 1540 902 1571 magna-

208 1581 302 1612 nimo
335 1579 478 1612 consilio
506 1579 737 1621 applausum,
778 1589 902 1621 quem-

207 1629 400 1661 admodum
439 1628 529 1661 solet
567 1629 899 1670 triumphantibus»

208 1679 330 1709 «Vocat
347 1677 480 1710 clamor
505 1678 628 1710 turbae
653 1677 800 1711 faventis
826 1679 901 1720 (pro

207 1736 277 1768 quo
312 1727 416 1759 docte
452 1729 527 1766 est,
579 1728 706 1760 clamor
740 1731 769 1759 et
803 1727 902 1760 turba

205 1776 424 1818 faventium),
456 1779 542 1810 dum
571 1779 685 1818 praeit
707 1785 898 1819 pompam,

208 1827 310 1867 eique
343 1827 454 1866 favet,
482 1826 548 1857 hoc
573 1829 645 1866 est,
681 1826 904 1859 acclamatio-

207 1876 311 1907 nibus
346 1875 504 1907 savorem
538 1876 690 1917 prodit.»
736 1877 900 1911 Musca:

205 1926 318 1965 favere
351 1925 395 1957 de
431 1924 530 1957 laetis
565 1925 899 1964 acclamationibus,

208 1977 243 2005 ut
269 1975 338 2006 Liv.
366 1975 378 2005 »l
398 2000 404 2013 ,
426 1975 484 2005 42:
525 1978 555 2006 et
577 1975 631 2006 ille
653 1976 802 2014 quidem„
840 1976 903 2006 ad-

209 2023 379 2055 nuentibus
401 2032 441 2054 ac
463 2024 654 2055 vocantibus
676 2025 764 2063 suis,
789 2025 904 2064 favore

206 2073 387 2104 multorum
409 2073 521 2104 addito
546 2074 658 2105 animo
682 2074 802 2104 evadit.

251 2121 305 2154 47.
331 2121 383 2154 48.
426 2122 478 2154 Vel
502 2121 578 2163 nos]
616 2121 697 2154 «Vel
721 2130 902 2154 summum

208 2171 408 2204 divitiarum
454 2173 698 2213 contemptum
744 2172 904 2204 testaturi

209 2229 353 2253 causam
377 2223 412 2253 et
434 2222 621 2254 materiem
643 2220 818 2254 malorum
836 2230 903 2253 no-

209 2273 364 2302 strorum
392 2271 428 2303 in
457 2279 554 2303 mare
587 2270 838 2311 demergamus
869 2272 904 2302 et

209 2320 353 2360 quidem
388 2321 423 2352 in
450 2321 648 2360 prox-imum
680 2329 792 2360 mare,
833 2329 902 2361 quo

209 2370 310 2401 citius
327 2378 406 2401 eam
423 2370 457 2402 in
473 2371 729 2412 sempiternum
742 2378 905 2402 amovea-

209 2426 321 2450 mus.»
362 2419 599 2451 Romanorum
623 2422 742 2451 autem
765 2419 903 2450 divitias

210 2469 254 2498 ita
300 2471 486 2508 exaggerat
525 2467 619 2501 Philo
665 2469 698 2500 in
739 2470 818 2507 leg.
859 2468 902 2499 ad

210 2517 333 2548 Caium
355 2526 390 2558 p.
416 2517 470 2549 97.
497 2518 610 2558 Lips.:
659 2517 698 2549 οἱ
719 2518 759 2550 ἐν
778 2514 903 2563 Ῥώμῃ

209 2566 273 2597 καὶ
307 2575 344 2597 οι
368 2565 408 2598 ἑν
431 2564 476 2612 τῆ
502 2562 598 2612 ἆὶλῃ
620 2563 776 2610 Ἰταλίᾳ,
817 2568 902 2612 παρ’

210 2610 268 2655 οἷς
300 2610 465 2661 ἄργυρος
499 2617 563 2647 καὶ
598 2613 743 2671 χρυσὸς
771 2615 904 2658 ἐτεθη-

210 2661 394 2709 σαύριστο
411 2663 616 2706 τοσοῦτος,
637 2661 736 2697 ὥστε
757 2666 791 2697 εἰ
805 2662 905 2707 σύμ-

211 2724 283 2753 πτας
307 2710 329 2744 ὁ
353 2711 393 2755 ἑξ
416 2710 571 2756 ἁπάσης
594 2713 662 2757 τῆς
695 2711 812 2757 ἄλλης
847 2714 904 2747 οἰ-

211 2765 400 2806 κουμένης
445 2760 523 2796 ἀπὸ
566 2762 737 2809 περάτων
779 2760 904 2797 αὐτῶν

212 2813 475 2855 συνενεχθείη,
514 2812 637 2856 πολλῷ
661 2812 904 2846 καταδεέστε-

953 1384 1008 1415 Sic
1036 1385 1132 1414 certe
1165 1383 1262 1414 ovid.
1298 1383 1342 1415 de
1373 1384 1562 1416 medicam.
1599 1384 1652 1416 sa-

953 1433 1018 1464 ciei
1034 1441 1066 1463 v.
1086 1432 1146 1463 20:
1175 1432 1392 1472 Conspicuam
1407 1435 1543 1474 gemmis
1556 1434 1652 1465 voltis

951 1481 1069 1513 habere
1084 1490 1245 1513 manum:
1269 1482 1407 1513 Induitis
1422 1482 1504 1514 collo
1525 1482 1651 1523 lapides

953 1532 1082 1563 Oriente
1101 1534 1256 1570 paratos.
1282 1531 1428 1563 Martial.
1448 1532 1482 1563 44
1499 1557 1506 1571 ,
1525 1533 1584 1571 50,
1604 1532 1623 1565 li·
1642 1543 1647 1563 z

952 1580 1089 1613 Gemma
1122 1581 1172 1612 vel
1205 1589 1227 1611 a
1258 1580 1360 1621 diyito
1382 1581 1433 1612 vel
1456 1581 1545 1612 cadit
1568 1591 1652 1613 aure

951 1629 1046 1668 lapis
1083 1630 1171 1661 Item
1187 1630 1272 1669 lapis
1287 1629 1473 1661 manifesto
1491 1629 1535 1661 de
1554 1638 1651 1661 mar—

952 1679 1061 1718 garita
1085 1679 1209 1710 Senec.
1236 1677 1372 1719 Hippol.
1399 1678 1484 1710 392:
1514 1688 1574 1711 nec
1596 1680 1652 1710 ηἰ-

950 1736 1028 1759 veus
1066 1728 1152 1767 lapis
1188 1728 1339 1760 Deducat
1377 1736 1493 1767 aures,
1547 1728 1651 1760 Indici

953 1777 1075 1808 donum
1098 1777 1212 1808 maris.
1261 1776 1362 1808 Silius
1388 1778 1439 1817 42,
1458 1777 1539 1809 230:
1565 1778 1652 1809 miro

953 1827 1110 1858 candoris
1130 1827 1253 1859 honore
1280 1827 1380 1858 Lucet
1402 1827 1437 1858 in
1460 1836 1543 1859 aure
1566 1827 1652 1867 lapis

952 1876 1063 1907 rubris
1085 1876 1239 1908 advectus
1262 1875 1303 1908 ab
1327 1876 1405 1908 oris.
1445 1876 1535 1908 Alibi
1558 1885 1651 1918 qem-

952 1934 1027 1957 mae
1061 1926 1210 1958 uniones
1242 1925 1439 1966 significare
1471 1926 1649 1965 videntur,

953 1975 1018 2006 nisi
1043 1974 1132 2007 forte
1156 1975 1290 2016 antiqui
1313 1984 1352 2007 re
1376 1983 1461 2008 vera
1486 1976 1652 2008 credide-

953 2025 1023 2055 rint
1046 2024 1152 2056 etiam
1175 2024 1417 2063 sardonychas,
1441 2026 1649 2066 smaragdos,

955 2074 1171 2111 adamantus,
1203 2073 1352 2112 iaspidas
1382 2074 1490 2113 (Mart.
1517 2074 1557 2113 5,
1584 2074 1649 2113 44.)

955 2131 972 2153 a
1008 2122 1098 2153 mari
1133 2122 1272 2162 exspui,
1323 2123 1362 2152 ut
1399 2121 1572 2162 colligitur
1609 2132 1652 2154 ex

955 2171 1074 2203 Curtio
1098 2170 1135 2209 8,
1155 2170 1192 2210 9,
1213 2170 1251 2201 49
1268 2179 1276 2202 :
1302 2169 1456 2202 Gemmas
1478 2173 1652 2212 margari-

952 2224 1068 2259 tasque
1088 2229 1184 2252 mare
1206 2219 1356 2251 litoribus
1379 2220 1535 2261 infundit.
1573 2221 1648 2253 Tib.

954 2267 990 2308 4¹,
1009 2270 1047 2308 2,
1068 2269 1107 2301 49
1124 2278 1130 2300 ;
1156 2270 1198 2300 Et
1214 2278 1425 2309 quascunque
1440 2270 1535 2310 niger
1549 2270 1652 2302 rubro

954 2320 992 2352 de
1015 2320 1110 2351 litore
1131 2327 1278 2359 gemmas
1298 2319 1475 2357 Proximus
1488 2319 1567 2351 Eois
1582 2321 1652 2352 col-

953 2369 1024 2410 liqie
1056 2370 1156 2400 Indus
1189 2369 1294 2408 aquis
1344 2370 1501 2409 Properi.
1531 2370 1569 2408 4,
1596 2368 1649 2408 44,

955 2420 1013 2450 42ι
1053 2419 1095 2450 Ec
1129 2418 1250 2459 leyitut·
1282 2418 1394 2449 rubris
1425 2427 1556 2459 aemma
1590 2418 1649 2449 sub

954 2468 1162 2506 aequoribus.
1196 2468 1235 2506 3,
1266 2467 1306 2506 li,
1336 2468 1377 2498 2:
1421 2468 1606 2509 yemmiferi
1633 2486 1652 2493 -

954 2518 1068 2549 maris.
1109 2516 1253 2550 Martial.
1284 2518 1321 2555 8,
1348 2517 1406 2555 ⁸28,
1439 2516 1500 2548 lli:
1527 2516 1651 2547 libi--

955 2567 1049 2600 Cedet
1071 2566 1266 2606 Erythraeis
1286 2569 1384 2597 eruta
1397 2575 1526 2607 gemma
1541 2566 1649 2598 vadis.

955 2615 1134 2648 Claudian.
1174 2617 1208 2647 L.
1245 2616 1398 2647 Serenae
1437 2616 1577 2654 reginae
1616 2624 1648 2647 V.

954 2665 1017 2699 74:
1055 2666 1218 2698 Cantaber
1250 2665 1398 2696 Oceanus
1426 2665 1534 2696 vicino
1557 2665 1652 2697 litore

953 2724 1100 2757 qemmas
1132 2715 1285 2754 Easspuit.
1334 2714 1432 2745 Idem
1467 2714 1500 2745 in
1537 2713 1648 2746 Rufin.

956 2766 968 2796 4
987 2790 994 2803 ,
1027 2765 1108 2798 386;
1142 2768 1344 2805 punctimque
1362 2772 1425 2803 per
1448 2772 1575 2796 omnem
1598 2764 1653 2795 Ri—

955 2814 1071 2847 debunt
1113 2815 1234 2845 virides
1274 2814 1409 2853 (sentinis
1447 2813 1651 2844 nascentibus
