1997 3219
351 209 372 248 tv

384 207 428 248 ’,Ξ

854 210 1022 240 ΗΟΒΑΤΙΙ
1048 210 1268 241 ‹JARMiNvM

630 300 818 342 Paullum
849 314 1026 342 severae
1058 301 1174 342 Musa
1208 299 1450 356 tragoediae

626 381 743 423 Desit
774 380 967 422 theatris:
1002 395 1098 422 mox
1128 380 1200 422 uisi
1232 380 1423 436 publicas
1622 397 1625 400 ·
1733 381 1777 421 10

684 464 763 503 Res
795 461 1025 509 ordinaris,
1059 462 1218 517 grande
1249 476 1402 503 munus

739 542 946 598 Cecropio
977 548 1146 598 repetes
1178 541 1407 590 cothurno,

633 648 794 703 insigne
828 648 1000 689 maestis
1032 647 1294 704 praesidium
1328 648 1411 690 reis

347 843 511 875 debebat.
568 842 674 874 Simul
710 843 829 873 autem
865 841 1036 879 ostendit,

346 895 475 934 quanta
501 893 544 924 de
568 891 727 924 Pollionis
756 892 898 923 historia
924 900 1039 932 popu-

345 942 470 974 larium
495 943 539 974 sit
563 942 789 982 exspectatio.

390 992 420 1023 9.
439 992 589 1023 Paullum
603 991 685 1032 cet]
699 991 767 1022 Cfr.
784 991 924 1021 omnino
941 988 1039 1021 Wel-

346 1042 492 1073 ekerum
521 1042 620 1080 Trag.
652 1041 692 1071 V.
725 1041 764 1071 11.
800 1041 835 1071 Τ.
870 1041 924 1071 ΙΙΙ.
957 1048 1035 1080 pag.

346 1091 420 1123 424.
457 1109 492 1113 —
523 1090 675 1122 Paullum
709 1090 821 1121 rarius
856 1098 941 1130 proz·
970 1098 1038 1128 pa-

343 1149 491 1179 rumper,
517 1140 582 1180 auf
599 1140 668 1170 eine
682 1139 784 1170 moine
802 1139 920 1175 Weile,
942 1138 1040 1177 paul-

343 1190 454 1228 lisper,
479 1189 549 1220 eine
571 1189 674 1219 kleine
699 1188 800 1219 lVeile
822 1188 911 1228 lang.
949 1188 1038 1218 Doe-

344 1237 476 1270 derlein
506 1238 629 1277 Synon.
662 1239 684 1268 Ι.
717 1238 748 1268 S.
784 1238 857 1268 445.
898 1238 1037 1268 «Donec

344 1287 503 1320 absoluta
521 1288 564 1319 sit
580 1288 721 1319 historia
745 1288 820 1325 tua,
846 1295 910 1327 per
926 1286 1035 1317 breve

344 1339 483 1378 tempus
512 1338 632 1377 utique
664 1346 788 1368 vacare
816 1336 877 1367 tibi
899 1335 1037 1377 placeat

344 1396 361 1417 a
403 1387 656 1427 componendis
695 1386 919 1425 tragoediis.»
966 1386 1034 1416 Sat.

346 1437 380 1471 4,
410 1437 466 1473 40,
493 1436 551 1467 4⁶2:
576 1436 676 1467 Pollio
698 1445 814 1476 ‘regum
830 1436 933 1466 Facta
948 1435 1038 1466 canit

340 1487 422 1524 pede
444 1489 493 1517 ter
510 1495 675 1525 percusso.
702 1486 794 1525 Virg.
819 1484 889 1516 Ecl.
913 1484 949 1523 3,
976 1484 1034 1515 86:

344 1535 444 1565 Pollio
474 1538 505 1566 et
531 1536 600 1574 ipse
629 1536 710 1575 facit
739 1544 825 1566 nova
859 1534 1034 1570 carmina;

346 1583 494 1623 intellige
530 1585 609 1615 novi
648 1585 787 1624 generis
826 1582 1034 1623 tragoedias.

345 1633 415 1664 Ecl.
442 1634 478 1671 8,
506 1634 562 1664 40:
589 1634 668 1665 Sola
691 1634 865 1673 Sophocleo
889 1636 946 1663 tua
964 1641 1038 1662 ear—

343 1683 436 1713 mina
448 1683 550 1723 eliqua
562 1684 729 1715 cothurno.
749 1684 900 1722 Utraque
918 1682 1036 1712 autem

345 1732 470 1771 Virgilii
488 1732 612 1772 Ecloga
630 1734 709 1764 ante
727 1732 943 1772 triumphum
960 1729 1038 1761 Del-

346 1782 511 1812 maticum
544 1782 735 1822 composita
766 1783 834 1818 est;
872 1780 973 1811 tertia
1003 1789 1033 1810 a.

345 1831 419 1868 71²2,
447 1833 569 1862 octava
595 1840 624 1861 a.
644 1831 718 1862 7115.
755 1832 850 1861 «Non
874 1829 1038 1860 videntur

344 1882 466 1920 postea
478 1880 637 1912 Pollionis
650 1880 849 1920 tragoediae
864 1879 1036 1918 frequenti

346 1928 495 1961 lectione
521 1931 619 1961 tritae
645 1930 767 1967 fuisse,
796 1929 830 1960 id
854 1928 949 1968 quod
973 1936 1038 1967 ap-

345 1981 446 2019 paret
479 1979 534 2010 vel
569 1989 610 2009 ex
646 1978 840 2017 Quintiliani
881 1977 1034 2015 silentio,

347 2037 428 2059 cum
462 2038 552 2060 unus
587 2029 724 2060 Tacitus
759 2029 793 2059 in
825 2027 960 2066 dialogo
993 2026 1036 2057 de

347 2079 402 2109 Or.
431 2087 490 2110 eas
520 2080 727 2110 memoret.»
767 2079 963 2109 Tnonnmffi
993 2076 1036 2108 de

350 2131 402 2159 As.
429 2127 510 2159 Poll.
542 2129 610 2159 vita
641 2137 672 2168 p.
706 2128 778 2158 4⁶28.
814 2145 848 2149 —
879 2125 965 2157 Nihil
996 2134 1038 2156 ex

347 2178 386 2208 iis
411 2186 598 2218 superesse
622 2178 762 2208 videtur
785 2177 848 2207 nisi
873 2177 959 2207 haec
981 2184 1036 2206 vv.

348 2227 441 2268 apud
477 2228 672 2258 Charisium
707 2228 730 2258 1.
763 2235 797 2267 p.
828 2226 879 2257 56.
919 2224 1036 2256 Lina:

352 2278 480 2308 Veneris
503 2278 650 2307 antistita
674 2285 807 2315 capras.
834 2276 868 2306 id
892 2276 956 2312 est,
979 2274 1040 2304 bo-

349 2336 431 2363 nae,
465 2326 652 2365 benignae:
691 2335 732 2356 ex
762 2325 890 2365 quihus
920 2326 1038 2355 tamen

349 2377 431 2417 ipsis
456 2376 586 2415 antiqui
612 2375 785 2407 sermonis
803 2374 976 2414 quaedam
993 2373 1040 2404 at-

349 2426 486 2457 scctatio
523 2424 647 2455 elucet.
702 2425 829 2455 Contra
866 2424 959 2463 quod
996 2423 1037 2454 ad

349 2475 543 2513 argumenti
562 2474 804 2505 tractationem
821 2474 958 2507 attinet,
985 2483 1041 2503 no-

345 2534 423 2555 vum
447 2523 645 2563 tragoediae
663 2532 772 2562 genus
790 2524 943 2553 sectatus
961 2532 1038 2554 esse

350 2573 498 2610 videtur,
522 2573 555 2604 id
573 2575 636 2609 est,
656 2573 853 2613 oppositum
871 2572 1037 2609 Enniano,

351 2623 556 2661 Pacuviano,
583 2623 745 2659 Acciana,
765 2621 929 2662 quodque
947 2622 1041 2652 dex-i-

350 2674 440 2703 taret
460 2673 673 2703 Graecorum
692 2671 919 2702 imitationem
939 2671 1039 2702 nimis

350 2722 460 2752 artam
487 2724 518 2752 et
536 2723 705 2762 apertam.
729 2738 763 2742 —-
781 2720 921 2760 severae]
941 2721 1036 2751 ovid.

350 2773 466 2801 Amor.
500 2771 535 2806 3,
572 2772 604 2806 1,
644 2771 698 2800 it:
742 2771 827 2801 Veni!
859 2773 886 2801 e!
921 2770 1040 2808 inqenti

1087 841 1230 871 violenta
1276 841 1449 880 tragoedia
1488 850 1590 880 passu
1603 850 1613 878 ;
1663 843 1780 873 Fronte

1088 898 1200 921 comae
1233 893 1362 927 torvae,
1394 890 1491 929 palla
1520 890 1647 922 iacebat
1677 891 1776 922 humi.

1091 958 1126 961 —
1154 938 1257 971 Multa
1288 948 1369 970 cuin
1397 941 1470 970 arte
1494 939 1683 972 Pollionem
1711 949 1778 972 non

1089 987 1201 1020 solum
1215 997 1293 1019 esse
1308 988 1523 1026 historicum,
1538 990 1778 1021 verumetiam

1088 1038 1258 1078 tragicum
1285 1038 1450 1069 eximium
1473 1038 1525 1070 his
1542 1040 1706 1078 quattuor
1722 1048 1777 1069 vv.

1088 1088 1188 1125 dicit,
1223 1096 1329 1127 quam
1354 1089 1466 1118 artem
1494 1096 1563 1118 non
1587 1096 1782 1128 perspexe-

1088 1138 1184 1175 runt,
1222 1137 1280 1176 qui
1312 1145 1373 1167 eos
1404 1135 1573 1168 delendos
1602 1145 1680 1168 esse
1705 1138 1779 1169 sine

1087 1185 1153 1217 ulla
1179 1195 1283 1217 causa
1308 1186 1436 1226 opinati
1460 1188 1551 1217 sunt.

1132 1236 1246 1267 40-42.
1266 1236 1357 1267 Desit
1372 1236 1516 1277 theatris]
1534 1244 1633 1267 «sese
1646 1235 1783 1268 subtra-

1087 1285 1146 1316 hat
1163 1294 1303 1323 scenae,
1321 1287 1456 1326 remota
1474 1287 1613 1317 maneat
1625 1295 1644 1316 a
1661 1294 1779 1324 scena,

1087 1336 1253 1377 quoniam
1264 1335 1407 1375 quidem
1420 1336 1559 1375 utrique
1573 1336 1669 1376 operi
1679 1335 1781 1367 simul

1086 1394 1212 1416 x'acare
1252 1394 1323 1415 non
1362 1385 1479 1425 quis.»
1532 1385 1783 1416 Demonstrant

1087 1435 1175 1465 haec
1192 1443 1248 1464 vv,
1267 1433 1409 1474 publice
1426 1436 1532 1471 actas,
1559 1442 1629 1465 non
1647 1436 1781 1465 tantum

1086 1482 1225 1514 lectioni
1259 1483 1449 1515 destinatas
1482 1483 1588 1514 fuisse
1621 1482 1782 1514 Pollionis

1087 1533 1295 1572 tragoedias,
1323 1542 1403 1563 cum
1427 1532 1509 1563 illud
1528 1541 1704 1564 nonnemo
1722 1542 1783 1563 ne-

1087 1582 1184 1621 garit.
1210 1599 1245 1603 -
1264 1591 1343 1612 moa)
1362 1581 1417 1612 ubi
1431 1582 1511 1622 cet]
1531 1582 1782 1621 «Ubipublicas

1087 1641 1149 1670 res,
1164 1631 1197 1662 id
1212 1633 1276 1669 est,
1292 1640 1349 1663 res
1360 1632 1449 1663 inter
1460 1632 1555 1663 cives
1566 1632 1646 1663 etin
1657 1634 1780 1663 senatu

1087 1683 1122 1712 et
1141 1682 1175 1712 in
1199 1681 1273 1712 foro
1296 1683 1330 1712 et
1350 1682 1382 1712 in
1405 1682 1480 1722 ipso
1503 1680 1595 1712 bello
1618 1681 1782 1712 intestino

1086 1732 1220 1770 gestas,
1248 1739 1289 1761 eo
1307 1730 1428 1762 ordine
1444 1756 1450 1768 ‚
1477 1740 1546 1771 quo
1564 1732 1682 1770 gestae
1703 1732 1784 1761 sunt

1087 1781 1191 1820 atque
1214 1781 1305 1811 inter
1321 1789 1359 1811 se
1377 1789 1556 1812 connexae
1575 1782 1693 1818 erant,
1720 1789 1781 1811 ex—

1086 1830 1282 1869 posueris.»
1336 1830 1510 1860 ordinaris
1543 1829 1596 1868 (ut
1620 1827 1782 1861 συντάτ-

1087 1879 1181 1919 τειν)
1219 1880 1338 1919 utique
1378 1879 1421 1910 de
1458 1879 1600 1911 historia
1637 1888 1782 1919 compo-

1088 1928 1223 1966 nenda,
1262 1930 1299 1959 ut
1331 1930 1443 1959 Lucae
1475 1929 1510 1966 4,
1550 1929 1579 1959 4.
1620 1928 1777 1968 Volgata:

1089 1978 1253 2016 Quoniam
1286 1978 1415 2016 quidem
1445 1978 1539 2008 multi
1568 1979 1678 2009 eonati
1709 1981 1781 2008 szml

1089 2027 1245 2059 ordin-are
1271 2028 1498 2059 narrationem
1523 2028 1609 2064 cet,
1644 2037 1713 2059 non
1737 2027 1780 2058 de

1089 2078 1227 2108 cixitate
1253 2077 1458 2108 ordinanda.
1506 2078 1554 2107 Ac
1576 2086 1722 2117 prorsus
1739 2077 1783 2108 si-

1089 2126 1179 2157 milis
1197 2128 1250 2157 est
1266 2135 1352 2158 usus
1369 2135 1401 2157 v.
1421 2135 1623 2165 componere.
1649 2128 1781 2158 Seneca

1090 2177 1198 2210 Praei.
1226 2176 1269 2207 ad
1302 2177 1442 2214 Quaest.
1470 2178 1538 2207 nat..
1564 2177 1600 2207 L.
1627 2176 1665 2206 3:
1703 2186 1782 2207 con—

1088 2235 1253 2265 smnpsere
1268 2235 1300 2256 se
1317 2226 1462 2264 quidam,
1482 2226 1559 2256 dic-m
1575 2228 1651 2256 acca
1667 2235 1781 2265 regum

1089 2280 1303 2308 eat-ternorum
1319 2278 1515 2314 componunt
1531 2284 1678 2313 quamue
1692 2276 1782 2313 passi

1091 2326 1228 2357 invicem
1251 2325 1388 2363 ausique
1410 2327 1483 2354 sunl
1503 2324 1628 2363 populi.
1668 2324 1784 2355 Neuti-

1091 2384 1198 2416 quam
1222 2376 1340 2405 autem
1357 2373 1538 2414 probanda
1555 2371 1661 2404 altera
1680 2374 1783 2404 inter-

1090 2424 1254 2465 pretatio:
1285 2423 1492 2456 «Historiam
1515 2422 1558 2453 ad
1583 2422 1616 2453 id
1642 2424 1781 2462 teinpus

1090 2474 1272 2515 perduxit,
1307 2482 1376 2513 quo
1406 2473 1613 2504 Octavianus
1643 2480 1673 2501 a.
1704 2472 1777 2502 7¹25.

1091 2532 1216 2565 pacem
1248 2526 1282 2554 ct
1313 2524 1449 2553 rectum
1481 2530 1598 2552 rerum
1622 2520 1780 2552 ordinem

1091 2573 1252 2610 restituit,
1280 2580 1388 2612 quare
1413 2572 1486 2611 ipse
1508 2569 1614 2601 Pollio
1634 2570 1783 2609 publicas

1090 2632 1141 2653 res
1167 2622 1334 2652 ordinasse
1357 2621 1514 2652 dicitur.»
1564 2620 1669 2658 (Quae
1695 2620 1781 2650 ratio

1091 2672 1192 2703 desen
1199 2680 1234 2702 sa
1249 2680 1267 2701 a
1282 2671 1410 2702 Rittero
1424 2668 1570 2709 (Wiener
1581 2668 1782 2699 Jahrbncher

1091 2721 1203 2752 XCIX.
1231 2729 1262 2760 p.
1292 2719 1376 2757 439.)
1403 2718 1456 2750 vel
1484 2718 1562 2749 ideo
1594 2718 1778 2749 reiicienda

1092 2772 1156 2806 est,
1184 2770 1262 2809 quia
1288 2768 1447 2800 Pollionis
1472 2776 1553 2799 cura
1579 2768 1779 2807 neutiquam
