1997 3219
285 152 361 193 '124
793 155 962 187 HORATII
988 155 1210 188 CARMINUM

508 258 754 301 Caecubum
785 264 826 300 et
857 257 976 313 prelo
1007 255 1210 299 domitam
1242 256 1397 300 Caleno

505 341 563 380 Tu
594 338 717 381 bibes
748 352 895 379 uvam:
928 352 1024 381 mea
1055 352 1135 380 nec
1166 337 1371 380 Falernae
1670 337 1720 378 '10

504 421 756 475 Temperant
785 414 892 461 vites
923 432 1063 474 neque
1095 419 1305 460 Formiani

669 499 827 542 Pocula
857 498 1000 544 colles.

366 635 395 664 9.
424 632 607 665 (jsaeeubam
631 640 711 663 cum
737 631 847 664 Codd.
875 633 1033 665 Lambini
1057 633 1090 664 F.
1121 651 1155 654 —
1184 632 1234 662 40.
1265 631 1319 671 Tu]
1349 631 1426 662 Tum
1450 630 1671 663 Doederlein.

324 684 394 713 Non
421 682 600 714 Schwenk.
637 698 671 704 —-
697 682 853 722 soronam
877 682 913 713 T.

279 799 525 832 concedebant
584 800 723 840 poetae.
804 798 972 840 Exempla

279 849 461 890 complura
497 848 635 889 collegit
663 849 804 880 Iahnius
836 849 881 880 ad
909 849 971 881 Od.

279 899 309 937 3,
336 899 367 937 4,
395 899 446 930 1¹0.
497 897 576 938 (Cfr.
614 898 719 929 etiam
749 898 903 938 Bottiger
928 898 971 929 kl.

278 949 441 989 Schriften
464 949 488 979 Ι,
515 957 548 988 p.
580 947 667 987 335.)

321 1016 351 1047 9.
398 1015 501 1056 prelo]
552 1016 624 1046 Hac
664 1016 856 1056 scriptura,
904 1025 973 1047 non

274 1065 399 1106 prad,
437 1066 593 1104 Wagner
621 1065 714 1104 Virg.
747 1066 806 1096 Ge.
837 1066 868 1103 ⁶2,
896 1064 970 1097 242.

280 1134 315 1138 —
342 1114 510 1154 domitam]
542 1114 574 1144 in
599 1122 704 1154 prosa
728 1115 815 1146 orat.
845 1123 974 1155 «pres-

278 1173 387 1196 sam.»

322 1233 372 1263 40.
402 1232 447 1263 Tu
470 1231 563 1272 bibes]
589 1232 788 1263 Sententiae
813 1232 864 1263 sic
888 1240 973 1272 pro—

278 1282 424 1314 cedunt:
458 1282 579 1313 «Domi
603 1290 704 1312 meae
729 1290 794 1322 pro
819 1282 972 1313 amicitia

277 1334 334 1363 tua
352 1332 435 1363 mihi
452 1332 593 1372 penitus
611 1332 691 1362 nota
716 1333 749 1362 te
767 1333 972 1362 contentum

277 1381 350 1413 fore
381 1381 464 1412 satis
494 1381 567 1411 scio
596 1381 676 1411 vino
706 1380 852 1417 Sabino3
889 1389 972 1411 nam

278 1431 504 1471 generosiora
531 1430 693 1470 (quorum
718 1431 884 1469 quattuor
900 1438 974 1461 me-

279 1480 403 1519 morat)
431 1488 499 1510 non
523 1479 656 1517 habeo,
684 1478 800 1519 qualia
824 1481 860 1510 tu
877 1479 972 1510 domi

280 1531 359 1560 tuae
383 1528 508 1559 bibere
534 1527 661 1559 soles.»
708 1529 795 1559 Vide
819 1527 969 1559 Liibker.

279 1579 369 1609 Bibes
404 1579 522 1609 autem
553 1577 759 1618 simpliciter
791 1580 844 1610 est
878 1578 973 1609 sut-u-

278 1637 357 1659 rum
389 1628 651 1659 concessivum:
689 1628 744 1659 Da
772 1631 880 1668 mayst
908 1628 972 1658 im-

274 1678 401 1708 ΔηιθνΙιὶη
435 1680 521 1708 sonsa
559 1677 698 1708 trinken.
759 1679 809 1709 Ac
848 1676 971 1708 similia

277 1729 357 1758 sunt
382 1726 496 1758 sutura
527 1726 588 1757 Od.
625 1727 654 1763 sl,
681 1727 712 1765 6,
739 1727 774 1757 4:
814 1726 974 1757 Scriberis

279 1777 378 1807 Vario
400 1776 507 1816 fortis.
556 1775 617 1806 Od.
645 1776 676 1813 l,
703 1776 734 1814 7,
762 1776 797 1806 l:
835 1777 971 1807 Lauda—

275 1827 353 1857 bunc
387 1826 446 1856 alit
480 1826 608 1856 claram
642 1825 786 1856 Rhodon.
840 1825 901 1857 Od.
937 1826 968 1865 3,

276 1876 328 1911 ⁶23,
362 1875 417 1906 1¹3:
461 1875 598 1906 Victima
624 1875 817 1915 pontificum
846 1884 972 1906 seeures

275 1926 393 1965 tinae&
428 1925 513 1955 item
547 1924 676 1963 Virgilii
707 1924 790 1955 illud
819 1925 904 1955 Aen.
937 1925 967 1962 6,

277 1973 357 2005 848ῑ
384 1974 557 2005 Eafemlent
580 1974 638 2004 alit
662 1974 972 2012 spirantiamollius

277 2031 377 2060 αεὶ-ας
404 2023 551 2053 Orabam
567 2040 585 2045 —
600 2041 618 2045 —
633 2022 824 2054 Describenc
845 2040 861 2044 -
877 2041 895 2044 -
919 2023 971 2053 di-

277 2075 358 2103 eent.
389 2090 424 2094 -
452 2072 617 2102 Caecubus
651 2081 732 2112 asser
762 2073 846 2103 Latii
875 2073 969 2103 iuxta

275 2121 414 2153 Fundos
440 2121 483 2152 ad
509 2122 600 2152 viam
624 2122 786 2162 Appiam.
817 2139 852 2143 -—
880 2122 972 2153 Cales

276 2172 488 2211 Campaniae
514 2171 701 2211 oppidum,
729 2170 833 2202 hodie
859 2170 967 2208 Calei3

276 2229 359 2257 ager
393 2220 553 2251 Falernus
588 2220 671 2251 item
707 2220 741 2250 in
779 2220 969 2259 Campania

276 2269 318 2300 ad
355 2269 492 2300 radices
527 2270 666 2300 Massici
703 2270 848 2305 montis:
884 2269 969 2299 For-

273 2319 361 2350 miae
385 2319 467 2349 Latii
492 2319 719 2358 municipium
745 2319 778 2348 in
795 2317 968 2349 Auruncis

276 2377 385 2408 prope
433 2368 610 2402 Caietam,
660 2367 763 2398 hodie
801 2368 891 2398 Mola
936 2366 968 2396 cli

276 2418 390 2449 Gaela.

321 2478 370 2508 41.
423 2477 625 2518 Temperaat]
663 2477 886 2518 «producunt
916 2477 968 2507 xi-

1024 808 1126 838 num,
1160 798 1255 839 quod
1283 799 1372 830 meis
1406 799 1440 830 in
1471 798 1606 839 poculis
1637 808 1716 830 cum

1025 857 1115 889 aqua
1155 851 1370 888 temperetur,
1409 849 1636 880 misceatur.»
1680 868 1714 871 -

1022 898 1305 938 Interpunctioni.
1336 906 1355 928 a
1385 897 1507 928 BothiO
1540 899 1718 938 excogita-

1023 949 1096 986 tae,
1141 948 1204 978 l't'le
1232 946 1364 986 potabis
1390 964 1408 969 -
1436 964 1455 969 —
1485 946 1620 986 iniusso?
1656 949 1719 978 out

1023 998 1172 1037 quaerat
1209 997 1390 1035 Horatius,
1440 1005 1485 1027 an
1532 998 1716 1028 contentus

1022 1047 1208 1078 Maecenas
1233 1047 1278 1077 sit
1300 1046 1438 1077 futurus
1469 1046 1550 1077 vino
1575 1045 1630 1076 vili
1655 1048 1718 1077 Sa—

1022 1095 1122 1132 bino;
1155 1094 1220 1126 sed
1250 1095 1368 1126 statim
1397 1103 1521 1126 secum
1547 1096 1716 1135 reputans

1022 1143 1124 1185 plane
1148 1144 1330 1184 indignum
1354 1144 1518 1189 hocnesse
1536 1146 1718 1176 Maecena-

1022 1195 1076 1232 te,
1109 1193 1220 1224 addit:
1254 1193 1459 1225 Caecubum
1488 1195 1522 1224 et
1547 1193 1716 1225 Calenum

1023 1243 1117 1283 apud
1133 1252 1190 1274 me
1206 1243 1328 1279 bibes;
1356 1243 1505 1281 curabo⁷
1524 1245 1563 1274 ut
1579 1252 1620 1274 ea
1637 1244 1715 1274 vina

1022 1293 1153 1331 adsint⁷
1181 1302 1261 1324 cum
1285 1293 1424 1331 venies3
1452 1302 1533 1324 nam
1556 1293 1612 1323 hic
1638 1294 1717 1332 qui-

1022 1342 1103 1373 dem
1129 1351 1197 1373 non
1228 1343 1439 1373 crescunt:»
1470 1360 1504 1364 -—
1531 1342 1632 1381 huic,
1663 1342 1717 1373 in-

1022 1400 1141 1431 quam,
1168 1391 1438 1431 interpunctioni
1456 1392 1629 1431 repugnat
1646 1392 1715 1422 tota

1022 1439 1199 1472 clausulae
1251 1440 1481 1471 conformatio
1532 1441 1715 1480 magisque

1022 1491 1128 1521 etiam
1153 1490 1337 1527 sententia,
1364 1498 1454 1529 quae
1472 1491 1547 1520 tum
1564 1490 1613 1520 sic
1637 1498 1717 1530 pro-

1023 1540 1182 1571 cederet:
1212 1539 1304 1571 «Vile
1331 1539 1499 1571 Sabinum
1522 1548 1643 1570 mcum
1659 1540 1716 1570 vix

1021 1589 1175 1631 potabis:
1215 1588 1306 1621 dabo
1342 1588 1403 1620 tibi
1433 1588 1610 1628 aliquanto
1638 1597 1715 1620 me—

1021 1639 1096 1677 lius,
1117 1639 1180 1670 sed
1196 1639 1302 1670 medii
1320 1640 1438 1670 tamen
1455 1638 1606 1678 generis⁷
1625 1638 1715 1669 Cae-

1021 1689 1153 1720 cubum
1178 1690 1212 1719 et
1229 1688 1410 1726 Calenum,
1436 1689 1566 1728 quippe
1584 1688 1639 1718 cui
1656 1696 1716 1719 ne-

1021 1740 1098 1779 gata
1123 1739 1193 1769 sint
1207 1739 1351 1778 optima,
1378 1737 1563 1769 Falernum
1580 1738 1614 1768 et
1630 1738 1714 1768 For—

1020 1789 1217 1820 mianumtn
1259 1796 1340 1818 eum
1378 1789 1496 1818 tamen
1528 1786 1713 1817 manifesto

1019 1838 1078 1869 uni
1101 1838 1182 1867 vino
1207 1836 1334 1867 Sabino
1359 1837 1586 1876 opponantur
1610 1836 1713 1874 quat-

1020 1888 1098 1918 tuor
1120 1885 1221 1925 longe
1239 1886 1476 1925 generosiora.
1513 1885 1584 1915 Nec
1602 1885 1712 1921 magis

1021 1937 1054 1967 et
1078 1934 1347 1966 familiaritatem
1373 1935 1407 1965 ct
1433 1935 1548 1965 iocum
1576 1934 1712 1973 spirare

1020 1987 1129 2016 totam
1153 1984 1244 2015 hanc
1275 1984 1538 2015 excusationem
1566 1983 1631 2014 Vile
1654 2000 1672 2004 —
1695 2000 1712 2004 —

1019 2034 1112 2065 colles
1145 2034 1326 2074 perspexit
1359 2034 1405 2071 is,
1439 2033 1496 2072 qui
1528 2032 1713 2073 proposuit

1019 2084 1110 2115 dulce
1134 2091 1197 2123 pro
1221 2083 1294 2113 vile.
1346 2080 1589 2122 (Doederleinii
1620 2081 1708 2112 coni.

1018 2133 1097 2164 vide
1132 2134 1171 2163 11.
1209 2132 1404 2171 Scmzmlzmy
1437 2140 1471 2172 p.
1509 2131 1583 2163 213.
1634 2131 1712 2161 Tum

1019 2181 1119 2219 illud,
1146 2183 1184 2212 ut
1207 2183 1270 2219 ait,
1297 2181 1482 2221 significat:
1512 2181 1617 2220 «post
1643 2179 1710 2211 vile

1019 2231 1185 2262 Sabinum
1203 2230 1295 2270 apud
1312 2238 1368 2261 mc
1386 2229 1488 2261 bibes
1504 2229 1709 2269 pretiosiora

1017 2281 1097 2311 vina
1122 2281 1155 2310 et
1180 2279 1295 2320 palato
1321 2279 1608 2319 respondentia.»
1646 2278 1711 2308 Ve-

1018 2338 1096 2360 rum
1121 2329 1209 2359 mira
1235 2329 1322 2359 haec
1347 2328 1474 2359 accidit
1502 2327 1595 2367 apud
1625 2326 1709 2365 lyri-

1019 2387 1100 2409 cum
1124 2379 1265 2418 poetam
1291 2378 1460 2408 narratio:
1501 2377 1599 2407 «Duo
1630 2375 1709 2414 qui-

1018 2428 1098 2458 dem
1116 2428 1192 2458 vina
1210 2436 1382 2467 generosa
1398 2426 1531 2462 habco;
1558 2424 1627 2456 duo
1643 2423 1706 2455 alia

1017 2487 1119 2509 non.»
