1997 3219
666 155 741 186 ΜΒ.
771 156 807 185 ΙΙ.
858 156 881 184 (1

395 261 565 301 llerum.

343 363 520 419 Pauperi
554 361 790 405 recluditur

890 179 894 184 .
922 153 1035 184 XVIII.

628 257 739 309 Quid
772 257 877 298 ultra
914 255 1086 298 tendis?
1117 256 1265 310 Aequa
1298 254 1420 297 tellus

398 445 646 499 Regumque
679 441 845 498 pueris,
880 454 958 483 nee
992 440 1162 482 satelles
1195 440 1294 482 Orci

341 523 550 566 Callidum
582 523 837 565 Promethea
1561 519 1614 559 35

398 604 572 646 Revexit
601 617 706 645 auro
738 610 901 658 eaptus.
963 601 1040 643 Ilio
1071 600 1305 656 superbum

251 729 304 760 32.
332 729 435 759 Erum
459 729 522 759 BT.
552 746 586 750 —
613 727 667 758 36.
694 727 847 758 [lerina-il
871 727 914 756 Se
940 727 975 756 et
998 734 1050 764 pr.
1070 724 1105 761 b,
1131 724 1285 755 Revinaeil
1301 731 1480 763 superscr.
1507 725 1570 755 Re-

211 780 298 810 νει-ι’(
322 778 355 809 d.
384 780 434 818 (Ut
458 786 539 814 nos,
567 777 618 807 BT
643 777 678 806 et.
702 784 793 806 corr.
820 774 869 813 b.)

164 890 229 929 fine
264 889 340 919 Orci
385 888 529 926 rapacis.
595 887 723 918 Reiicio
760 886 863 925 igitur

168 940 325 969 ceteras:
354 937 382 976 l)
408 937 509 967 Nulla
525 936 606 967 aula
622 938 732 966 manet
747 935 863 966 herum

167 988 299 1018 divitem
331 986 454 1017 certior
485 986 549 1025 fine.
583 985 747 1015 deslinala
781 983 863 1024 (als

168 1038 238 1067 das
278 1036 430 1066 vot-her
468 1034 696 1065 bestimmte
733 1033 862 1073 Ende)

168 1086 243 1116 Orci
268 1085 411 1124 rapacis.
451 1084 483 1123 ⁴2)
507 1084 609 1115 Nulla
632 1084 754 1114 certior
778 1083 865 1122 (cer—

168 1135 245 1173 tius)
259 1135 423 1165 destinata
439 1134 518 1164 aula
533 1136 642 1164 vianet
657 1133 771 1164 herum
784 1132 867 1163 diui-

167 1187 227 1215 lem
236 1184 425 1223 finquuam
436 1182 524 1222 linis)
535 1183 611 1213 Orci
621 1182 765 1221 rapacis.
779 1182 866 1212 Reii-

167 1233 290 1264 cienda
308 1233 412 1263 etiam
431 1231 574 1263 Bentleii
598 1231 838 1272 interpretatio
856 1240 861 1261 :

168 1282 279 1313 «nulla
304 1282 442 1314 certior.
469 1281 537 1312 hoc
562 1283 626 1319 est,
653 1290 717 1311 non
744 1281 866 1311 certior

169 1331 258 1370 (vide
289 1331 448 1361 Servium
479 1329 523 1360 ad
554 1331 677 1369 Georg.
712 1330 748 1367 1l,
778 1328 863 1367 425.)

168 1381 249 1411 aula
287 1382 398 1411 manet
436 1380 568 1410 divitem
606 1379 721 1409 herum
757 1386 865 1418 quam

167 1437 360 1470 pauperem
374 1427 572 1459 clientem.»
598 1427 754 1459 Primum
771 1427 865 1458 enim

167 1479 286 1510 Latine
333 1480 572 1518 opponeretur
625 1476 742 1507 clienti
796 1484 864 1507 non

165 1528 284 1566 heruS,
311 1526 374 1557 sed
395 1529 582 1565 patronus,
621 1525 747 1556 deinde
773 1524 864 1556 nulla

167 1577 308 1608 omnino
344 1575 401 1606 hic
437 1577 491 1607 est
526 1575 742 1616 comparatio
775 1575 865 1605 inter

166 1628 354 1667 patronum
389 1626 421 1656 et
458 1623 638 1662 clientem,
677 1624 741 1656 sed
775 1624 865 1654 inter

167 1676 281 1706 aulam
328 1673 590 1714 (qualecunque
649 1672 864 1705 domicilium

168 1724 323 1765 amplum
363 1726 397 1755 et
435 1723 660 1763 magnificum
699 1732 718 1754 a
759 1723 863 1754 divite

168 1773 401 1812 exstructum>
438 1775 471 1804 et
501 1772 614 1804 aulam
648 1772 740 1804 illam
769 1774 866 1803 tene-

167 1823 344 1854 bricosam
384 1822 486 1859 Orci,
539 1822 572 1853 in
611 1830 719 1862 quam
759 1822 863 1853 etiam

168 1873 265 1904 dives
282 1871 425 1903 tandem
447 1871 610 1902 deveniat
632 1880 780 1902 neeesse
798 1873 862 1901 est.

170 1922 329 1961 Denique
347 1921 489 1957 nemini,
508 1923 544 1951 ut
560 1921 702 1960 opinor,
722 1928 866 1959 magno-

169 1978 253 2010 pere
278 1968 431 2010 placebit
462 1969 636 2001 distinctio
661 1978 679 2000 a
704 1969 864 2000 Doeder—

170 2018 273 2049 leinio
308 2019 347 2049 Il.
374 2018 511 2049 Samml.
548 2027 580 2058 p.
618 2018 690 2049 224.
730 2018 866 2057 excogi—

170 2070 261 2098 tata:
303 2067 403 2098 Nulla
437 2067 559 2097 certior
591 2070 700 2098 lainen
725 2067 867 2106 Rapacis

170 2118 246 2147 Orci
277 2118 353 2156 fine.
408 2117 581 2147 Destinala
613 2117 699 2147 Aula
733 2117 865 2147 divitem

168 2169 278 2196 manet
308 2166 455 2202 Herum;
499 2166 578 2204 quid
610 2165 701 2196 ultra
734 2164 866 2196 tendis?

169 2215 378 2256 praesertim
403 2223 483 2246 cum
506 2216 618 2255 prima
648 2215 862 2246 enuntiatio:

170 2265 370 2305 Nulla-fine
412 2265 514 2296 nimis
551 2265 595 2296 sit
635 2264 783 2305 abrupta
831 2265 866 2295 et

170 2314 323 2346 ambitus
354 2314 455 2345 unius
479 2314 674 2345 sententiae
700 2322 740 2344 ex
766 2311 864 2345 solita

171 2364 303 2394 ratione
329 2361 465 2403 amplus
489 2372 530 2393 ae
554 2362 678 2403 plenus
695 2362 864 2394 divisione

172 2411 223 2443 illa
261 2412 293 2443 in
334 2411 422 2442 duas
463 2411 688 2443 sententiolas
733 2410 864 2443 similes

171 2462 272 2493 nimis
297 2463 515 2492 extenuetur.

213 2511 264 2542 33.
305 2510 501 2551 recluditur]
535 2508 686 2546 «Tellus,
714 2517 804 2549 quae
831 2509 863 2540 in

171 2568 295 2592 omnes
312 2559 437 2590 iisdem
456 2558 590 2598 legibus
607 2559 729 2596 utitur,
753 2558 866 2599 aperit

171 2618 208 2641 se
233 2608 277 2639 ad
309 2607 529 2648 recipiendas
562 2607 596 2638 in
621 2608 748 2638 Orcum
774 2615 866 2638 mor-

173 2661 311 2690 tuorum
336 2657 515 2689 umbras.»
573 2656 784 2696 Neutiquam
808 2664 866 2687 ex-

171 2706 372 2748 plicandum
397 2716 477 2738 cuin
503 2705 616 2737 schol.
637 2706 768 2745 Cruq.:
796 2705 865 2736 «Tu

914 884 1004 923 regis
1029 882 1119 914 filius
1143 883 1216 915 sive
1241 884 1366 923 potens
1389 882 1614 923 sepeliendus

914 941 952 964 es
987 931 1124 972 aequali
1158 934 1274 963 terrae
1320 940 1487 964 mensura
1530 941 1611 964 cum

914 990 1093 1023 paupere»
1122 981 1194 1022 (cfr.
1222 981 1267 1012 ad
1291 981 1353 1013 Od.
1380 982 1418 1020 2,
1446 981 1498 1019 44,
1518 982 1610 1021 24.);

915 1040 983 1071 qua
1007 1030 1256 1070 significatione
1286 1030 1489 1070 usurpanda
1515 1033 1614 1062 erant

914 1089 970 1111 vv.
1007 1080 1071 1120 tegi
1104 1083 1217 1119 terra,
1263 1081 1455 1111 tantundem
1501 1083 1613 1111 terrae

913 1128 1042 1160 habere.
1091 1129 1151 1160 Est
1180 1129 1362 1160 Menandri
1395 1128 1478 1160 illud
1509 1130 1610 1161 Mein.

915 1187 991 1219 pag.
1015 1178 1098 1209 496:
1125 1175 1266 1209 Κοινὸν
1291 1175 1358 1209 τὸν
1381 1173 1479 1221 ᾅδην
1495 1174 1614 1217 ἔσχον

916 1227 955 1258 οἱ
977 1225 1115 1266 πάντες
1138 1226 1284 1272 βροτοί.

959 1277 1012 1309 34.
1039 1277 1167 1308 satelles
1183 1277 1270 1317 Orci]
1298 1276 1449 1315 Charon,
1469 1278 1614 1317 propter

915 1336 948 1358 V.
969 1326 1021 1358 36.
1049 1321 1200 1364 Reveaeit,
1227 1335 1297 1357 non
1314 1327 1428 1364 Mors,
1455 1328 1493 1357 ut
1515 1325 1614 1357 vole-

915 1375 976 1407 bat
1001 1376 1187 1415 Cruquius.
1243 1374 1407 1406 SImiliter
1443 1375 1614 1407 Leonidas

915 1426 949 1456 in
973 1424 1111 1456 Anthol.
1139 1423 1208 1456 Pal.
1229 1425 1252 1456 l.
1280 1433 1358 1465 pag.
1379 1424 1463 1456 3¹25:
1487 1420 1612 1456 Ἀΐδεω

915 1473 1059 1519 >tumme
1083 1471 1257 1515 διήκουε,
1283 1472 1382 1506 τοῦτ’
1395 1470 1612 1519 Ἀχέροντος

908 1519 1022 1568 Ὕὸωρ
1047 1520 1091 1563 ὃς
1115 1521 1252 1563 πλώεις
1268 1522 1450 1568 πορθμίδι
1470 1525 1612 1569 κυανέῃ

915 1572 991 1604 κτλ.
1031 1573 1226 1613 (Charontis
1253 1573 1367 1613 imago
1393 1575 1447 1604 est
1470 1574 1503 1604 in
1531 1574 1614 1605 Ger-

914 1622 1002 1653 hard
1028 1623 1097 1662 Ges.
1122 1631 1156 1653 u.
1186 1622 1349 1653 Trinkseh.
1377 1623 1413 1653 T.
1440 1622 1492 1662 X.)

958 1672 1010 1703 35.
1027 1672 1190 1703 Callidum
1201 1671 1402 1712 Promethea]
1416 1670 1611 1709 Ποικίλον,

915 1718 1213 1762 ποικιλομήτην,
1238 1715 1512 1762 ἀγκυλομήτην
1532 1729 1614 1752 eum

914 1772 1042 1802 vocant
1066 1771 1199 1802 Graeci.
1249 1770 1318 1801 Cfr.
1345 1770 1473 1801 Aeseh.
1493 1771 1609 1801 Prom.

915 1820 989 1852 308.
1012 1838 1047 1842 —
1063 1820 1113 1850 De
1132 1819 1341 1850 Prometheo
1360 1819 1395 1850 in
1412 1820 1541 1850 Orcum
1555 1819 1615 1850 de-

914 1871 1012 1901 truso
1035 1868 1096 1900 cfr.
1116 1868 1178 1899 od.
1198 1869 1237 1907 Ξ,
1265 1868 1322 1907 113,
1349 1868 1402 1899 37.
1429 1869 1491 1899 Hie
1508 1870 1613 1909 poeta

916 1922 1086 1951 Graecam
1107 1918 1260 1958 aliquam
1286 1917 1456 1957 fabulam,
1485 1928 1526 1950 ex
1544 1927 1613 1959 qua

916 1969 1147 2000 Prometheus
1197 1976 1282 1998 auro
1328 1967 1446 1999 oblato
1486 1968 1610 1999 frustra

916 2016 1103 2057 aliquando
1129 2026 1147 2047 a
1173 2017 1348 2048 Charonte
1373 2017 1530 2056 petierit,
1575 2018 1611 2047 ut

916 2067 1030 2107 ipsum
1055 2065 1099 2096 ad
1123 2074 1271 2106 superos
1288 2065 1487 2103 reveheret,
1512 2065 1614 2096 vide—

917 2118 972 2146 tur
1007 2115 1216 2155 respexisse,
1258 2132 1294 2136 —
1333 2114 1487 2154 Reveaeit]
1528 2115 1612 2145 Tres

918 2163 1093 2195 Vanderb.
1114 2163 1224 2195 Codd.
1245 2165 1388 2203 tresque
1414 2163 1483 2195 mei
1507 2164 1614 2194 revin-

913 2215 988 2251 ⁸rit,
1015 2212 1110 2253 quod
1135 2215 1278 2244 secutus
1303 2214 1357 2244 est
1379 2213 1480 2243 Voss.
1544 2213 1612 2244 Sed

916 2262 1007 2304 apud
1034 2261 1213 2302 Virgilium
1243 2263 1277 2292 et
1300 2262 1520 2302 Propertium
1546 2262 1613 2293 hoc

915 2322 948 2343 v.
975 2312 1146 2351 significat
1172 2312 1294 2342 «arcte
1320 2309 1426 2350 ligare
1438 2320 1475 2348 »;
1516 2310 1613 2342 «sol-

916 2370 1028 2393 vere»
1068 2360 1215 2392 demum
1252 2360 1345 2400 apud
1383 2358 1612 2391 Columellam

958 2460 1012 2491 36.
1050 2468 1135 2490 auro
1159 2458 1285 2499 captus]
1312 2458 1382 2490 Csr.
1403 2459 1487 2498 Epp.
1518 2458 1609 2496 ¹22,

916 2510 996 2541 478:
1034 2509 1195 2540 Orcus·-
1212 2517 1275 2539 non
1304 2508 1483 2539 ese-orabilis
1512 2516 1608 2538 auro.

918 2576 954 2582 —-
994 2558 1069 2598 Hie]
1111 2558 1294 2594 «OrcuSn,
1336 2565 1405 2587 non
1447 2555 1611 2587 «satelles

915 2607 1026 2646 Orci»,
1043 2607 1194 2644 Charon,
1210 2605 1254 2636 ad
1269 2614 1376 2646 quem
1392 2604 1500 2636 ultimi
1515 2608 1611 2636 certe

915 2664 1039 2688 versus
1069 2655 1160 2687 nullo
1190 2656 1292 2695 paeto
1318 2654 1439 2686 referri
1464 2656 1608 2694 queunt.

915 2706 1002 2737 Nam
1033 2704 1096 2736 alia
1131 2714 1187 2737 res
1213 2706 1284 2742 est,
1311 2704 1338 2735 si
1365 2704 1481 2745 Eurip.
1510 2702 1611 2735 Alce-
