1997 3219
712 238 787 268 ΜΒ.
812 238 865 268 lll.

915 239 952 269 (Σ.
979 237 1104 268 XXVll.
1546 234 1624 274 ,ΙΙ-89

615 637 924 677 ΟΜΝ
964 636 1197 676 xxm-

409 749 565 806 lmpios
597 763 748 805 parrae
782 749 1010 792 recinentis
1042 762 1167 791 omen

270 867 394 899 XXVII.
422 869 528 899 Inscr.
547 867 636 908 volg.
662 868 712 898 Ad
735 867 924 902 Galateam,
952 869 985 898 et
1009 867 1059 899 sic
1084 866 1196 898 Codd.
1225 868 1343 899 nostri.
1373 868 1430 906 (ST
1448 868 1579 900 addunt

228 917 449 956 hypolhclice-J‘

229 1022 359 1053 XXVll.
380 1023 474 1053 “Non
492 1020 592 1053 malis
610 1021 776 1061 equidem
794 1021 881 1052 omi-

185 1071 288 1102 nibus
314 1073 365 1109 te,
392 1070 549 1109 Galatea,
577 1079 683 1111 quam
706 1071 777 1101 tam
795 1069 880 1100 invi-

185 1122 240 1151 tus
264 1120 418 1157 dimitto,
446 1119 490 1151 ab
515 1120 655 1156 itinere,
689 1119 782 1159 quod
807 1127 880 1150 me-

185 1170 324 1206 ditaris,
351 1169 558 1207 deterrebo,
585 1170 693 1200 Immo
718 1168 804 1200 deos
820 1177 879 1199 ve—

185 1217 354 1255 nerabor,
393 1220 429 1249 ut
458 1217 560 1249 bonis
585 1217 708 1249 avibus
735 1219 766 1247 te
795 1225 880 1257 pro-

186 1267 291 1298 ticisci
323 1266 483 1304 iubeant3
518 1267 583 1298 sed
613 1266 690 1297 licet
716 1274 799 1296 aves
824 1265 880 1295 iti-

185 1316 260 1347 neri
285 1318 344 1347 tuo
364 1315 548 1353 addicant,
575 1316 703 1355 cogita,
730 1323 876 1355 quaeso,

186 1374 292 1406 quam
323 1374 448 1402 graves
478 1366 545 1396 hoc
576 1365 667 1406 ipso,
706 1364 800 1404 quod
825 1364 879 1395 in-

185 1416 267 1452 stat,
295 1415 374 1445 anni
407 1417 566 1455 tempore
592 1415 820 1454 tempestates
846 1413 878 1443 in

186 1464 274 1495 mari
309 1464 391 1494 oriri
425 1462 571 1494 soleant.
627 1464 720 1495 Caxe
757 1463 875 1502 igitur,

186 1522 228 1543 ne
256 1512 313 1544 tibi
346 1513 457 1544 fraudi
488 1513 529 1543 sit
562 1521 617 1551 ea,
650 1520 755 1552 quam
786 1520 879 1543 nune

186 1561 322 1593 caelum
361 1561 534 1600 ostendit,
580 1562 763 1593 serenitas.
825 1561 879 1591 Sic

186 1612 324 1652 Europe
350 1620 490 1651 quoque
517 1610 597 1642 olim
616 1620 679 1650 per
696 1612 879 1642 externam

187 1661 274 1691 tauri
310 1660 340 1691 ei
373 1659 629 1690 adblandientis
659 1659 815 1700 speciem
846 1660 878 1690 in

186 1709 347 1740 fraudem
376 1708 517 1740 inducta
546 1710 579 1739 et
604 1717 744 1739 summo
773 1708 878 1739 animi

186 1767 316 1798 angore
336 1766 506 1799 oppressa
524 1759 595 1795 est,
623 1757 737 1788 donec
764 1758 879 1788 Venus

187 1816 264 1839 eam
295 1806 548 1838 consolaretur.
585 1808 634 1837 lta
660 1808 695 1837 tu
722 1815 877 1847 quoque,

187 1857 251 1888 etsi
278 1857 423 1887 sortasse
442 1864 592 1896 prosper
608 1856 673 1887 erit
689 1855 880 1896 prosectio-

188 1906 240 1937 nis
276 1908 355 1937 tuae
392 1906 503 1937 exitus
539 1905 585 1945 (id
621 1905 716 1945 quod
749 1904 808 1936 tibi
838 1913 880 1935 ex

188 1955 304 1986 animo
334 1955 450 1995 opto),
486 1957 602 1986 tamen
633 1954 660 1985 si
686 1953 880 1995 perstiteris

189 2005 221 2035 in
247 2004 368 2034 itincre
395 2004 459 2035 isto
484 2003 727 2044 suscipiendo,
765 2001 881 2034 multis

189 2053 373 2084 timoribus
397 2052 611 2093 agitabere.»
637 2053 732 2083 Hanc
748 2050 883 2092 simpli-

189 2103 365 2134 cissimam
391 2103 562 2133 rationem
587 2101 646 2133 ubi
675 2109 880 2142 sequamur,

189 2152 270 2184 nibil
297 2152 401 2183 babet
419 2152 615 2183 inconcinni
632 2151 797 2182 carminis
815 2150 883 2181 exi-

190 2204 244 2232 tus
267 2210 382 2241 neque
404 2201 548 2231 exordio
574 2202 755 2241 i·epu,¹.¹nat.
793 2198 883 2232 Ube—

190 2251 263 2281 rior
279 2252 396 2281 autem
423 2249 560 2280 fabulae
586 2250 629 2280 de
648 2250 808 2289 Europae
827 2257 885 2279 ex-

191 2300 315 2341 positio
334 2299 494 2330 eiusdcm
512 2308 658 2339 prorsus
676 2298 814 2337 generis
832 2298 883 2327 est

190 2351 293 2389 atque
312 2348 374 2379 Od.
394 2349 429 2385 3,
450 2349 484 2378 Η
502 2373 508 2386 ,
527 2347 579 2378 33.
599 2348 643 2378 de
662 2348 884 2387 llypermne-

192 2401 261 2429 stra
296 2398 466 2435 narratio,
505 2406 654 2438 quarum
687 2399 808 2428 neutra
840 2396 883 2426 ad

192 2447 357 2478 carminis
375 2447 508 2478 initium
525 2449 559 2477 ct
580 2447 786 2487 primarium
805 2455 886 2476 con-

194 2495 307 2527 silium
332 2496 546 2532 regn-editur.
582 2496 644 2526 sed
677 2496 707 2526 in
739 2494 884 2527 liberam

192 2546 409 2585 ([αιταυίαν
433 2554 450 2575 a
476 2542 587 2587 μύθῳ
612 2544 726 2585 aliquo
760 2545 887 2575 exi-ita-

195 2598 277 2632 tam,
305 2594 383 2625 alibi
402 2595 505 2625 ctiam
530 2594 573 2625 ab
597 2595 739 2625 historia
758 2593 884 2634 aliqua,

194 2647 229 2675 ut
247 2643 364 2681 Reguli
383 2644 445 2675 Oil.
466 2644 502 2681 3,
522 2645 553 2678 5.
576 2643 638 2678 l3.,
666 2644 762 2674 cuius
777 2642 886 2674 simil-

195 2693 272 2724 lima
291 2696 341 2724 cst
361 2693 585 2734 compositio,
614 2694 792 2729 evagatur.
825 2693 887 2724 Ta-

195 2742 234 2774 lis
266 2744 383 2774 autem
416 2743 528 2773 exitus
562 2752 650 2780 non,
683 2744 716 2772 ut
743 2742 885 2782 quidam

195 2793 404 2832 interpretes
422 2790 554 2823 xolunt.
583 2799 701 2835 merus
720 2801 759 2822 ai·
776 2800 885 2833 prope

930 1021 1208 1062 reprehensione
1241 1022 1366 1061 dignus
1397 1024 1450 1053 est
1480 1024 1625 1053 ornatus

930 1071 1107 1111 poeticus,
1136 1071 1200 1102 sed
1225 1071 1269 1102 ad
1293 1071 1367 1112 ipsa
1391 1072 1475 1103 artis
1497 1081 1624 1103 arcana

930 1119 1055 1151 referri
1081 1120 1207 1157 debet,
1245 1121 1372 1160 quibus
1396 1121 1534 1161 penitus
1559 1122 1625 1152 ini-

932 1169 1033 1200 tiatus
1073 1171 1147 1200 crat
1195 1170 1300 1201 etiam
1345 1169 1451 1201 Balde
1492 1172 1622 1202 noster.

930 1217 1139 1259 Exemplum
1179 1221 1255 1250 esto
1294 1219 1384 1258 Lyra
1419 1221 1627 1261 Pythagorae

930 1268 1043 1307 Lyric.
1071 1268 1110 1306 2,
1136 1268 1188 1299 ⁶2⁴.
1215 1269 1302 1309 Opp.
1329 1269 1502 1300 Monachii
1527 1270 1622 1301 4729.

929 1318 965 1349 T.
985 1318 1009 1348 Ι.
1037 1326 1069 1357 p.
1096 1317 1148 1348 82.
1188 1316 1395 1348 Incredibile
1421 1319 1540 1349 autem
1558 1319 1621 1355 est,

931 1374 1018 1406 quas
1043 1366 1074 1397 in
1100 1366 1205 1397 tricas
1230 1375 1310 1398 sese
1336 1367 1552 1399 coniecerint
1569 1368 1625 1398 ln-

930 1416 1118 1456 terpretes.
1147 1416 1247 1453 Quid,
1267 1415 1362 1456 quod
1376 1416 1408 1447 F.
1424 1417 1462 1447 A.
1479 1415 1624 1447 Schulze

930 1474 972 1496 eo
998 1473 1111 1505 usque
1136 1473 1346 1505 progressus
1371 1466 1436 1504 est,
1463 1467 1501 1497 ut
1524 1465 1626 1497 Gala-

930 1515 1024 1545 team
1048 1522 1113 1553 pro
1132 1512 1257 1544 infelici
1274 1512 1390 1554 puella
1407 1513 1452 1544 ab
1469 1516 1625 1555 Augusto

929 1563 1026 1603 rapta
1052 1561 1105 1592 vel
1138 1562 1284 1593 Romam
1310 1561 1433 1594 allecta
1457 1563 1622 1598 haberet,

931 1620 1038 1652 quam
1064 1611 1097 1642 in
1120 1611 1270 1652 patriam
1287 1611 1404 1642 redire
1422 1612 1551 1644 misere
1568 1621 1627 1643 cu-

930 1661 1087 1702 pientem
1113 1661 1225 1691 amico
1250 1659 1443 1692 velificatus
1481 1661 1515 1692 in
1535 1661 1625 1694 Urbe

930 1710 1083 1741 retinere
1108 1712 1212 1750 poeta
1237 1711 1383 1741 conatus
1407 1710 1476 1741 sit‘?
1504 1712 1626 1751 Aeque

930 1768 1018 1790 vana
1037 1759 1092 1790 est
1115 1758 1330 1790 Grotesendii
1355 1759 1472 1799 opinio
1494 1759 1623 1799 (Pliilol.

930 1810 969 1840 ΙΙ.
1007 1808 1038 1839 2.
1075 1817 1109 1848 p.
1148 1808 1236 1848 028⁴.)
1272 1808 1459 1848 significari
1493 1808 1627 1840 Aeliam

932 1856 1063 1889 Gallam
1088 1866 1108 1888 a
1132 1858 1314 1898 Propertio
1338 1857 1375 1896 3,
1403 1858 1459 1895 11¹2,
1487 1858 1539 1889 38.
1567 1867 1627 1889 ce-

931 1906 1116 1938 lebratam.
1147 1925 1181 1928 —ss
1202 1906 1348 1944 Quando
1366 1915 1510 1938 carmen
1528 1915 1628 1938 com-

932 1957 1085 1997 positum
1109 1956 1170 1994 sit,
1197 1964 1262 1986 nos
1280 1955 1373 1986 latet.
1399 1955 1557 1987 Nonnulli
1575 1965 1629 1987 re-

933 2006 1048 2038 ferunt
1065 2005 1109 2035 ad
1126 2014 1157 2035 a.
1178 2004 1250 2036 733.
1277 2004 1413 2044 (Similis
1429 2006 1626 2045 argumenti

934 2056 988 2086 est
1016 2054 1185 2094 Propertii
1218 2054 1253 2091 t,
1287 2054 1318 2085 8.
1353 2056 1387 2084 et
1418 2054 1516 2086 Ovid.
1549 2056 1624 2086 Am.

933 2105 971 2141 2,
1005 2103 1070 2142 tt.)

978 2154 1008 2183 11.
1028 2153 1059 2183 ¹2.
1086 2151 1215 2192 impios]
1242 2150 1332 2182 Talia
1351 2152 1485 2190 omina,
1513 2152 1624 2193 qualia

935 2203 990 2234 hic
1014 2202 1272 2238 memorantur,
1298 2200 1492 2240 Aeschylus
1510 2203 1623 2234 Prom.

935 2251 1016 2283 487:
1055 2248 1225 2288 ἐνοδίους
1258 2247 1480 2290 συμβόλους
1511 2253 1624 2282 vocat.

938 2317 972 2323 —
994 2299 1131 2339 «lmpiis
1152 2297 1273 2338 (qualis
1297 2300 1332 2329 tu
1357 2301 1452 2330 certe
1479 2308 1546 2330 non
1573 2306 1626 2339 es)

936 2349 1133 2380 tristissima
1152 2348 1266 2379 ‹miina
1286 2348 1317 2378 in
1336 2347 1550 2388 profectione
1568 2348 1630 2380 ob—

936 2399 1092 2435 veniant,
1131 2406 1195 2428 nec
1226 2399 1343 2428 tamen
1374 2406 1436 2427 eos
1461 2400 1627 2429 remeent

936 2448 980 2479 ab
1006 2448 1160 2488 incepto,
1199 2446 1288 2477 adeo
1312 2448 1349 2476 ut
1379 2447 1409 2476 in
1436 2447 1627 2486 perniciem

938 2498 1072 2528 ruant.»
1114 2514 1145 2517 u
1181 2494 1324 2535 parrae]
1363 2495 1627 2535 Vandcrburgio

937 2546 1062 2578 eadem
1087 2546 1225 2577 xidetur
1249 2545 1339 2582 axis,
1377 2554 1467 2585 quae
1496 2546 1527 2576 in
1553 2545 1628 2576 ‹lia—

938 2595 1026 2626 lecto
1053 2595 1182 2626 Veneta
1216 2603 1406 2633 parruzza,
1445 2594 1476 2624 in
1514 2593 1626 2633 lingua

938 2643 1049 2675 ltalica
1091 2644 1266 2675 communi
1307 2643 1422 2673 rivolta
1465 2645 1626 2681 xocatur,

939 2693 1027 2725 ulula
1055 2694 1274 2731 tlanmwntn,
1301 2692 1530 2729 Schleicreule,
1556 2692 1628 2731 [01-

935 2743 1022 2782 frate
1057 2742 1109 2773 vel
1133 2742 1324 2782 l'cffrosaic.
1363 2742 1460 2772 cuius
1486 2743 1627 2773 cantum

939 2794 1148 2825 nocturnum
1175 2801 1237 2833 pro
1263 2792 1384 2824 mortis
1409 2792 1552 2832 augurio
1571 2791 1629 2822 ba-
