1997 3219
683 217 759 248 ΗΒ.
787 217 841 248 lv.

330 322 491 377 Teque,
525 319 625 361 duni
657 319 868 376 procedit.

903 217 927 248 ῑ.
955 217 992 248 n.
1516 213 1596 254 :3335

904 320 943 361 io
976 318 1201 376 Triumpho
1221 353 1227 361 .

331 402 419 442 Non
452 399 583 443 semel
616 400 833 448 dicemus,
868 400 906 442 io
941 399 1189 456 Triumphe.
1544 400 1597 439 350

332 481 486 523 Civitas
518 481 655 523 omnis
687 480 970 536 dabimusque
1003 479 1110 521 divis

502 561 638 603 Thura
670 561 875 618 benignis.

327 656 384 697 -Te
416 654 567 697 decem
599 655 705 697 tauri
739 653 1001 709 totidemque
1034 667 1212 695 vaccae.

248 761 299 793 49.
329 761 430 800 Teque
454 761 595 799 BbSed,
623 763 693 793 tres
718 759 852 798 Biana„
880 760 1000 800 scripti
1018 767 1143 790 omnes
1161 759 1370 791 vetustiores
1387 758 1551 796 Bentleii,

203 819 327 842 omnes
345 811 497 842 Pottierii
513 811 653 850 praeter
669 818 790 847 unum,
810 809 901 840 LCJ:
931 809 1038 848 Tuque
1051 809 1140 847 Pott.
1158 808 1227 845 22„
1246 809 1328 847 tFM,
1346 809 1439 848 Isque
1454 809 1555 841 Bent-

202 859 289 892 leius
315 861 404 892 coni.
441 876 476 882 -
505 859 653 898 procedit
677 860 721 897 B,
758 858 901 890 firmans
931 858 970 889 D.
998 857 1124 889 lleinsii
1156 858 1246 889 coni.
1273 867 1291 888 a
1317 859 1499 898 Rutgersio
1522 860 1555 889 et

201 908 356 941 Bentleio
378 910 573 950 receptam:
596 909 748 948 procedis
769 907 863 938 bSed
880 916 961 939 cum
979 908 1106 939 ceteris
1123 906 1219 939 libris
1236 909 1325 939 notis
1343 909 1377 939 et
1393 908 1550 939 LCtFMJ.

160 1003 317 1034 omnium
363 1001 645 1041 antiquissimum
695 1003 853 1032 nostrum

161 1051 245 1084 Cod.
272 1052 296 1082 B
322 1050 538 1089 firmantem,
573 1049 666 1090 quod
692 1051 732 1081 D.
754 1050 856 1081 Hein-

160 1101 232 1132 sius
257 1102 290 1131 et
307 1099 481 1131 Bentleius
503 1099 675 1139 sagaciter
691 1098 855 1130 viderunt

160 1159 223 1191 pro
248 1159 279 1180 v.
301 1150 472 1189 procedis,
499 1151 579 1180 nato
605 1158 647 1181 ex
671 1158 778 1189 prava
798 1158 856 1179 ae-

159 1198 441 1230 commodatione
467 1198 510 1230 ad
536 1198 614 1230 lect.
652 1202 764 1237 tuque,
803 1197 854 1229 le—

159 1248 313 1289 gendum
362 1257 441 1280 esse
476 1249 626 1288 procedit
664 1249 850 1288 Augustus.

161 1298 255 1337 (Mire
281 1298 399 1329 autem
425 1308 465 1329 ac
495 1306 609 1338 paene
640 1296 855 1328 incredibili-

160 1350 214 1378 ter
238 1346 341 1387 Regel
377 1347 573 1385 contendit,
610 1347 701 1378 hanc
737 1355 853 1378 meam

159 1397 363 1430 lectionem.
402 1406 491 1437 quae
531 1397 686 1428 innititur
721 1396 851 1434 codici,

158 1448 194 1477 ut
220 1446 286 1477 hoc
311 1445 427 1477 denuo
452 1446 642 1485 inculcem,
684 1446 855 1486 antiquis-

160 1496 250 1527 simo
287 1496 376 1526 inter
411 1504 534 1527 omnes
575 1495 689 1526 adhuc
728 1496 851 1533 notos,

161 1545 286 1576 idonea
310 1546 515 1576 auctoritate
540 1545 743 1577 destitutam
760 1553 850 1577 esse.

161 1593 249 1632 Quid
266 1596 383 1625 autem
403 1594 621 1626 manifestius
638 1603 744 1634 quam
763 1604 803 1626 ex
818 1604 850 1625 v.

159 1644 300 1674 Caesare
329 1643 385 1674 hic
411 1642 570 1674 facillime
595 1645 705 1684 repeti
732 1644 854 1675 Caesar

153 1692 326 1732 procedit?
349 1692 393 1723 de
412 1701 498 1732 quo,
524 1694 644 1733 utpote
663 1693 854 1733 triumpha-

158 1744 255 1780 tore,
280 1742 499 1782 aptissimum
525 1744 579 1773 est
603 1742 669 1774 hoe
688 1742 850 1781 verbum,

158 1791 202 1823 de
221 1791 478 1832 spectatoribus
502 1800 586 1823 vero
610 1791 711 1832 longe
736 1793 852 1823 minus

159 1849 353 1881 congruum
371 1841 532 1880 videtur.)
573 1842 609 1873 ln
636 1842 703 1873 hoc
732 1844 850 1873 autem

158 1892 282 1931 poetae
323 1889 593 1933 eveovmaoucp
635 1892 777 1922 minime
818 1892 850 1923 in

160 1948 202 1971 eo
227 1939 406 1971 offendere
443 1939 636 1979 debemus,
676 1940 770 1981 quod
795 1941 851 1972 liic

158 1989 387 2029 Triumphum
425 1991 459 2020 et
488 1989 630 2029 stropha
654 1991 849 2029 sequente,

159 2038 362 2079 interposito
389 2039 506 2069 tamen
531 2039 708 2070 communi
740 2038 850 2070 verbo

158 2088 308 2119 dabimus
344 2088 441 2127 (aege
477 2089 511 2118 et
543 2089 579 2118 tu
609 2096 721 2128 aeque
746 2089 851 2128 atque

158 2145 282 2168 omnes
312 2137 438 2176 cives»)
475 2137 654 2168 secundae
679 2146 851 2177 personae

157 2187 365 2227 pronomine
384 2195 505 2218 rursus
523 2185 709 2227 alloquitur
725 2186 848 2218 Iulum.

157 2238 237 2268 Post
271 2238 425 2267 nostram
460 2235 647 2268 lectionem
683 2245 702 2267 a
738 2236 848 2268 Codd.

158 2286 347 2317 maximam
383 2285 489 2317 habet
525 2287 767 2318 auctoritatem
794 2286 852 2317 Te—

158 2344 236 2374 que,
270 2336 348 2366 dum
366 2336 540 2374 procedis,
578 2336 610 2367 id
636 2337 708 2374 est,
745 2336 848 2367 «dum

159 2387 215 2423 tu,
241 2385 453 2425 Triumphe.
480 2385 659 2426 procedis,
688 2386 720 2417 in
747 2387 851 2427 (japi-

161 2434 281 2465 lolium
306 2434 481 2466 duceris.»
528 2435 639 2467 Tertia
665 2445 706 2467 ex
731 2444 852 2468 corre-

159 2485 273 2515 ctione
309 2485 387 2515 nata
424 2485 497 2514 est:
538 2485 646 2524 Tuque
672 2485 749 2517 dum
768 2495 851 2525 pro—
874 2454 877 2526 i
901 2496 935 2516 ra

905 1000 1068 1040 ponendo
1104 1001 1197 1040 Isque
1231 1009 1293 1041 pro
1323 1000 1452 1031 Horatii
1483 1001 1596 1040 Teque.

905 1050 1066 1081 Omnium
1103 1051 1221 1080 autem
1258 1049 1409 1081 maxime
1434 1050 1521 1081 mira
1546 1052 1597 1081 est

904 1098 1078 1129 distinctio
1126 1098 1187 1130 Ed.
1227 1098 1594 1131 Gesncrolmthianae:

903 1156 1023 1179 canam
1037 1174 1047 1187 ,
1073 1151 1202 1187 recepto
1219 1148 1359 1180 Caesare
1381 1148 1463 1189 felix
1483 1149 1594 1188 Teque.

903 1198 992 1229 Dum
1021 1198 1184 1237 proc-edis.
1225 1215 1259 1220 —
1305 1199 1470 1230 Ceterum
1501 1201 1596 1230 recte

904 1247 973 1278 iam
989 1238 1202 1278 Selioliastae
1226 1248 1342 1278 cuncti
1358 1257 1363 1277 :
1393 1247 1463 1279 «Ad
1481 1248 1597 1289 ipsum

903 1296 1133 1337 Triumphum
1156 1305 1348 1329 conversus
1364 1306 1464 1329 sacra
1482 1296 1598 1329 accla-

904 1346 1056 1377 matione
1074 1346 1141 1377 hoc
1166 1346 1284 1378 dicit.»
1311 1364 1347 1369 —
1375 1347 1492 1378 «Nieht
1515 1347 1598 1378 bloss

904 1398 1009 1436 teque
1034 1396 1113 1426 oder
1135 1397 1264 1436 tuque,
1301 1396 1385 1427 auch
1409 1396 1512 1436 dum,
1539 1398 1598 1428 clas

904 1446 1015 1476 Horaz
1045 1445 1130 1476 nach
1161 1446 1233 1477 dem
1261 1449 1367 1478 ersten
1389 1446 1496 1478 Buche
1524 1447 1598 1477 nir-

901 1495 986 1535 9end
1010 1495 1043 1526 in
1067 1495 1128 1526 den
1150 1495 1312 1526 Carmina
1336 1496 1507 1527 amoendel
1530 1497 1597 1527 und

903 1544 1077 1585 einiqemal
1099 1543 1142 1584 (z.
1165 1545 1202 1576 B.
1229 1545 1286 1575 Od.
1315 1545 1351 1583 Ξ,
1372 1545 1430 1583 42,
1448 1546 1501 1576 25.
1528 1546 1596 1576 und-

903 1594 934 1625 in
960 1595 1063 1633 Epod.
1091 1595 1130 1632 5,
1157 1595 1210 1625 55.
1242 1594 1302 1625 mit
1326 1595 1386 1626 den
1409 1595 1508 1633 Mss.‚
1545 1604 1595 1626 wo

903 1652 984 1675 (eum
1017 1644 1075 1684 fur
1108 1644 1169 1674 den
1200 1644 1330 1684 Beyriff
1354 1653 1416 1674 zur
1449 1644 1519 1675 Zeil
1544 1653 1595 1675 wo

903 1694 963 1724 das
986 1693 1121 1733 bessere)
1145 1702 1189 1724 zu
1203 1693 1385 1725 vertreiben
1402 1694 1456 1732 ist,
1475 1694 1595 1725 scheint

902 1743 954 1774 ein
988 1743 1078 1774 Fliclc
1119 1745 1197 1774 state
1231 1744 1289 1774 der
1322 1744 1595 1784 ursprz'tuyliehen

903 1793 1016 1824 Lesarc
1046 1801 1090 1823 zu
1122 1792 1223 1823 sein.»
1269 1793 1478 1824 BunNnAnnr.
1527 1793 1595 1825 Sed

901 1842 985 1883 quid
1015 1841 1302 1874 substituendum
1334 1843 1379 1873 sit
1400 1841 1592 1882 particulae

901 1893 998 1931 dum,
1024 1891 1202 1932 quomodo
1222 1890 1392 1931 legendus
1410 1893 1502 1923 totus
1518 1902 1596 1923 ver-

902 1940 1051 1980 siculus,
1079 1941 1197 1973 dicere
1221 1940 1322 1973 nobis
1346 1941 1507 1981 dignatus
1525 1951 1593 1974 non

902 1993 966 2023 est.
1015 1991 1055 2022 Et
1079 1999 1167 2022 nova
1184 1990 1341 2031 profecto
1364 1991 1447 2022 mihi
1470 1992 1596 2023 accidit

901 2040 1057 2071 doctrina
1105 2040 1168 2072 ista
1205 2040 1248 2071 de
1283 2042 1370 2081 part.
1409 2042 1509 2079 dum,
1550 2042 1594 2073 ab

902 2090 1041 2122 Horatio
1086 2091 1166 2130 post
1211 2090 1414 2121 Carminum
1456 2090 1529 2122 Lib.
1570 2092 1591 2122 l.

902 2147 1076 2180 nusquam
1093 2140 1259 2179 usurpata
1277 2147 1283 2175 ;
1310 2139 1484 2179 reperitur
1502 2140 1594 2172 enim

901 2189 962 2220 Od.
990 2189 1026 2226 ¹2,
1055 2188 1092 2226 3,
1120 2188 1170 2219 45.
1206 2188 1265 2225 40,
1292 2188 1323 2218 2.
1361 2189 1419 2226 44,
1453 2188 1500 2220 16.
1539 2190 1590 2227 42,

900 2239 953 2270 25.
980 2237 1041 2269 Od.
1068 2237 1106 2275 3,
1134 2238 1170 2275 7,
1200 2238 1250 2268 48,
1286 2238 1344 2275 41,
1371 2238 1423 2268 23.
1452 2238 1511 2276 47,
1540 2239 1590 2270 43.

902 2289 959 2326 21),
986 2288 1016 2318 9.
1058 2288 1093 2318 2¹
1113 2312 1118 2325 ,
1137 2285 1190 2318 94.
1232 2286 1293 2324 30,
1312 2286 1342 2317 8,
1385 2286 1446 2317 Od.
1474 2286 1510 2324 li,
1539 2288 1590 2325 42,

900 2337 972 2374 26.;
1012 2344 1094 2376 ergo
1121 2337 1263 2377 praeter
1287 2337 1447 2367 nostrum
1477 2335 1591 2368 locum

901 2386 1080 2418 undecies.

943 2437 996 2468 52.
1024 2436 1142 2475 Thura]
1169 2435 1304 2467 Adoleri
1336 2434 1495 2467 solebant
1519 2436 1594 2468 thu-

970 2486 1001 2517 in
1029 2486 1097 2516 aris
1126 2485 1345 2526 temporariis
1373 2494 1437 2525 per
1461 2484 1592 2525 plateas

158 2534 261 2567 cedis,
301 2535 483 2571 uAntonin,
524 2537 558 2565 ut
590 2534 746 2576 plerique
779 2538 851 2566 sla-
874 2534 877 2557 ν’
901 2539 934 2567 et
961 2544 1082 2573 areas,
1109 2544 1196 2576 quas
1220 2543 1348 2576 pompa
1375 2535 1591 2576 triumphalis

160 2585 277 2615 luunt.
315 2582 368 2614 alii
393 2583 491 2617 olim.
520 2594 560 2613 110
583 2583 673 2615 Sol.»

159 2641 265 2673 quain
294 2633 428 2673 ineptae
454 2642 577 2664 «nunes
606 2634 690 2664 istae
708 2634 774 2665 sint
801 2633 850 2665 le-

160 2683 312 2720 ctiones,
347 2682 435 2712 adeo
471 2682 564 2713 clare
599 2683 846 2714 ‹lenionstruxit

161 2731 351 2767 Bentleius,
388 2734 420 2762 ut
452 2732 591 2763 refutari
622 2733 762 2764 omnino
788 2742 850 2764 ne-

721 2585 848 2616 Verum
874 2606 877 2627 ¹
901 2586 1095 2624 attingeret,
1115 2585 1313 2616 exstructis.
1337 2585 1587 2622 Si‹·Vir;z.Aen.

901 2635 936 2671 8,
954 2635 1032 2666 405:
1059 2644 1168 2666 omnes
1181 2652 1219 2657 --
1235 2635 1341 2665 Thura
1361 2634 1482 2664 dabunt
1499 2659 1504 2672 ,
1532 2634 1589 2665 ubi

900 2684 1057 2715 Sci-sius:
1080 2684 1216 2715 «Verbo
1229 2692 1410 2715 sacrorum
1425 2693 1508 2714 usus
1523 2686 1586 2715 est.

901 2735 985 2765 Nam
1022 2733 1088 2764 (livi
1124 2733 1256 2764 sola-bat
1285 2734 1316 2764 in
1342 2733 1472 2764 sacris:
1515 2734 1586 2765 Ι)ι.

161 2784 281 2821 quenl,
313 2783 375 2813 etsi
402 2783 516 2813 'ninus
535 2781 609 2813 felix
636 2782 692 2813 fuil
718 2783 748 2813 in
769 2792 850 2822 pro-
874 2797 877 2805 ·
899 2791 984 2820 (wan
1009 2792 1134 2817 mcm-Js.
1162 2791 1204 2813 mc
1228 2791 1317 2814 nm*
1339 2791 1465 2814 numm
1483 2791 1553 2813 auls
1574 2795 1586 2809 n
