<?xml version="1.0" encoding="UTF-8"?>
<!DOCTYPE html PUBLIC "-//W3C//DTD XHTML 1.0 Transitional//EN"
    "http://www.w3.org/TR/xhtml1/DTD/xhtml1-transitional.dtd">
<html xmlns="http://www.w3.org/1999/xhtml" xml:lang="en" lang="en">
 <head>
  <title>
</title>
<meta http-equiv="Content-Type" content="text/html;charset=utf-8" />
  <meta name='ocr-system' content='tesseract 3.04.00' />
  <meta name='ocr-capabilities' content='ocr_page ocr_carea ocr_par ocr_line ocrx_word'/>
</head>
<body>
  <div class='ocr_page' id='page_1' title='image "./qhoratiusflaccus01horauoft/qhoratiusflaccus01horauoft_0319.png"; bbox 0 0 1997 3219; ppageno 0'>
   <div class='ocr_carea' id='block_1_1' title="bbox 707 179 847 210">
    <p class='ocr_par' dir='ltr' id='par_1_1' title="bbox 707 179 847 210">
     <span class='ocr_line' id='line_1_1' title="bbox 707 179 847 210; baseline -0.007 0"><span class='ocrx_word' id='word_1_1' title='bbox 707 179 782 210; x_wconf 75' lang='grc' dir='ltr'>ΗΒ.</span> <span class='ocrx_word' id='word_1_2' title='bbox 810 179 847 209; x_wconf 91' lang='lat'>11.</span> 
     </span>
    </p>
   </div>
   <div class='ocr_carea' id='block_1_2' title="bbox 897 177 1606 216">
    <p class='ocr_par' dir='ltr' id='par_1_2' title="bbox 897 177 1606 216">
     <span class='ocr_line' id='line_1_2' title="bbox 897 177 1606 216; baseline 0.011 -8"><span class='ocrx_word' id='word_1_3' title='bbox 897 179 934 209; x_wconf 72' lang='lat' dir='ltr'>il.</span> <span class='ocrx_word' id='word_1_4' title='bbox 962 178 1014 209; x_wconf 77' lang='lat' dir='ltr'>Xi.</span> <span class='ocrx_word' id='word_1_5' title='bbox 1527 177 1606 216; x_wconf 75' lang='lat'>269</span> 
     </span>
    </p>
   </div>
   <div class='ocr_carea' id='block_1_3' title="bbox 477 281 1253 337">
    <p class='ocr_par' dir='ltr' id='par_1_3' title="bbox 477 281 1253 337">
     <span class='ocr_line' id='line_1_3' title="bbox 477 281 1253 337; baseline -0.001 -15"><span class='ocrx_word' id='word_1_6' title='bbox 477 284 696 332; x_wconf 79' lang='lat' dir='ltr'>Quaerere</span> <span class='ocrx_word' id='word_1_7' title='bbox 729 294 806 323; x_wconf 90' lang='lat' dir='ltr'>nec</span> <span class='ocrx_word' id='word_1_8' title='bbox 837 281 1026 337; x_wconf 72' lang='lat' dir='ltr'>trepides</span> <span class='ocrx_word' id='word_1_9' title='bbox 1058 281 1098 322; x_wconf 89' lang='lat' dir='ltr'>in</span> <span class='ocrx_word' id='word_1_10' title='bbox 1129 295 1253 322; x_wconf 88' lang='lat' dir='ltr'>usum</span> 
     </span>
    </p>
   </div>
   <div class='ocr_carea' id='block_1_4' title="bbox 395 386 914 442">
    <p class='ocr_par' dir='ltr' id='par_1_4' title="bbox 395 386 914 442">
     <span class='ocr_line' id='line_1_4' title="bbox 395 386 914 442; baseline 0 -15"><span class='ocrx_word' id='word_1_11' title='bbox 395 386 609 427; x_wconf 79' lang='lat' dir='ltr'>Poscentis</span> <span class='ocrx_word' id='word_1_12' title='bbox 641 386 733 428; x_wconf 62' lang='lat' dir='ltr'>aevi</span> <span class='ocrx_word' id='word_1_13' title='bbox 765 400 914 442; x_wconf 86' lang='lat' dir='ltr'>pauca.</span> 
     </span>
    </p>
   </div>
   <div class='ocr_carea' id='block_1_5' title="bbox 975 386 1605 442">
    <p class='ocr_par' dir='ltr' id='par_1_5' title="bbox 975 386 1605 442">
     <span class='ocr_line' id='line_1_5' title="bbox 975 386 1605 442; baseline -0.006 -14"><span class='ocrx_word' id='word_1_14' title='bbox 975 386 1097 442; x_wconf 78' lang='lat' dir='ltr'>Fugit</span> <span class='ocrx_word' id='word_1_15' title='bbox 1126 392 1238 428; x_wconf 78' lang='lat' dir='ltr'>ret-ro</span> <span class='ocrx_word' id='word_1_16' title='bbox 1581 386 1605 424; x_wconf 76' lang='grc' dir='ltr'>ὕ</span> 
     </span>
    </p>
   </div>
   <div class='ocr_carea' id='block_1_6' title="bbox 390 466 1145 515">
    <p class='ocr_par' dir='ltr' id='par_1_6' title="bbox 390 466 1145 515">
     <span class='ocr_line' id='line_1_6' title="bbox 390 466 1145 515; baseline 0 -8"><span class='ocrx_word' id='word_1_17' title='bbox 390 466 513 508; x_wconf 76' lang='lat' dir='ltr'>Levis</span> <span class='ocrx_word' id='word_1_18' title='bbox 545 466 736 508; x_wconf 77' lang='lat' dir='ltr'>iuventas</span> <span class='ocrx_word' id='word_1_19' title='bbox 767 473 809 508; x_wconf 85' lang='lat' dir='ltr'>et</span> <span class='ocrx_word' id='word_1_20' title='bbox 839 466 993 515; x_wconf 84' lang='lat' dir='ltr'>decor,</span> <span class='ocrx_word' id='word_1_21' title='bbox 1027 466 1145 508; x_wconf 86' lang='lat' dir='ltr'>arida</span> 
     </span>
    </p>
   </div>
   <div class='ocr_carea' id='block_1_7' title="bbox 448 545 1046 588">
    <p class='ocr_par' dir='ltr' id='par_1_7' title="bbox 448 545 1046 588">
     <span class='ocr_line' id='line_1_7' title="bbox 448 545 1046 588; baseline 0.002 -1"><span class='ocrx_word' id='word_1_22' title='bbox 448 545 632 588; x_wconf 79' lang='lat' dir='ltr'>Pellentc</span> <span class='ocrx_word' id='word_1_23' title='bbox 663 546 844 588; x_wconf 71' lang='lat' dir='ltr'>lascivos</span> <span class='ocrx_word' id='word_1_24' title='bbox 875 560 1046 588; x_wconf 84' lang='lat' dir='ltr'>amoros</span> 
     </span>
    </p>
   </div>
   <div class='ocr_carea' id='block_1_8' title="bbox 475 626 1158 682">
    <p class='ocr_par' dir='ltr' id='par_1_8' title="bbox 475 626 1158 682">
     <span class='ocr_line' id='line_1_8' title="bbox 475 626 1158 682; baseline -0.001 -13"><span class='ocrx_word' id='word_1_25' title='bbox 475 626 635 669; x_wconf 86' lang='lat' dir='ltr'>Canitie</span> <span class='ocrx_word' id='word_1_26' title='bbox 666 626 918 682; x_wconf 74' lang='lat' dir='ltr'>facilemque</span> <span class='ocrx_word' id='word_1_27' title='bbox 951 640 1158 668; x_wconf 87' lang='lat' dir='ltr'>somnum.</span> 
     </span>
    </p>
   </div>
   <div class='ocr_carea' id='block_1_9' title="bbox 389 729 1292 786">
    <p class='ocr_par' dir='ltr' id='par_1_9' title="bbox 389 729 1292 786">
     <span class='ocr_line' id='line_1_9' title="bbox 389 729 1292 786; baseline 0.001 -15"><span class='ocrx_word' id='word_1_28' title='bbox 389 732 477 772; x_wconf 79' lang='lat' dir='ltr'>Non</span> <span class='ocrx_word' id='word_1_29' title='bbox 509 744 679 786; x_wconf 81' lang='lat' dir='ltr'>semper</span> <span class='ocrx_word' id='word_1_30' title='bbox 711 729 822 772; x_wconf 90' lang='lat' dir='ltr'>idem</span> <span class='ocrx_word' id='word_1_31' title='bbox 854 729 1030 772; x_wconf 86' lang='lat' dir='ltr'>floribus</span> <span class='ocrx_word' id='word_1_32' title='bbox 1061 738 1126 773; x_wconf 90' lang='lat' dir='ltr'>est</span> <span class='ocrx_word' id='word_1_33' title='bbox 1156 731 1292 773; x_wconf 89' lang='lat' dir='ltr'>honor</span> 
     </span>
    </p>
   </div>
   <div class='ocr_carea' id='block_1_10' title="bbox 389 811 1294 867">
    <p class='ocr_par' dir='ltr' id='par_1_10' title="bbox 389 811 1294 867">
     <span class='ocr_line' id='line_1_10' title="bbox 389 811 1294 867; baseline 0.002 -15"><span class='ocrx_word' id='word_1_34' title='bbox 389 811 534 853; x_wconf 72' lang='lat' dir='ltr'>Vernis</span> <span class='ocrx_word' id='word_1_35' title='bbox 566 824 705 867; x_wconf 90' lang='lat' dir='ltr'>neque</span> <span class='ocrx_word' id='word_1_36' title='bbox 737 824 822 852; x_wconf 90' lang='lat' dir='ltr'>uno</span> <span class='ocrx_word' id='word_1_37' title='bbox 852 812 971 852; x_wconf 85' lang='lat' dir='ltr'>Luna</span> <span class='ocrx_word' id='word_1_38' title='bbox 1001 811 1161 854; x_wconf 87' lang='lat' dir='ltr'>rubens</span> <span class='ocrx_word' id='word_1_39' title='bbox 1192 812 1294 854; x_wconf 89' lang='lat' dir='ltr'>nitet</span> 
     </span>
    </p>
   </div>
   <div class='ocr_carea' id='block_1_11' title="bbox 1554 815 1600 855">
    <p class='ocr_par' dir='ltr' id='par_1_11' title="bbox 1554 815 1600 855">
     <span class='ocr_line' id='line_1_11' title="bbox 1554 815 1600 855; baseline 0 0"><span class='ocrx_word' id='word_1_40' title='bbox 1554 815 1600 855; x_wconf 74' lang='lat' dir='ltr'>lt)</span> 
     </span>
    </p>
   </div>
   <div class='ocr_carea' id='block_1_12' title="bbox 442 890 1177 947">
    <p class='ocr_par' dir='ltr' id='par_1_12' title="bbox 442 890 1177 947">
     <span class='ocr_line' id='line_1_12' title="bbox 442 890 1177 947; baseline 0 -14"><span class='ocrx_word' id='word_1_41' title='bbox 442 890 588 933; x_wconf 68' lang='lat' dir='ltr'>Voltu:</span> <span class='ocrx_word' id='word_1_42' title='bbox 621 890 725 947; x_wconf 80' lang='lat' dir='ltr'>quid</span> <span class='ocrx_word' id='word_1_43' title='bbox 755 891 939 933; x_wconf 83' lang='lat' dir='ltr'>aeternis</span> <span class='ocrx_word' id='word_1_44' title='bbox 970 891 1177 934; x_wconf 84' lang='lat' dir='ltr'>minorem</span> 
     </span>
    </p>
   </div>
   <div class='ocr_carea' id='block_1_13' title="bbox 470 970 1093 1028">
    <p class='ocr_par' dir='ltr' id='par_1_13' title="bbox 470 970 1093 1028">
     <span class='ocr_line' id='line_1_13' title="bbox 470 970 1093 1028; baseline -0.003 -14"><span class='ocrx_word' id='word_1_45' title='bbox 470 970 664 1014; x_wconf 81' lang='lat' dir='ltr'>Consiliis</span> <span class='ocrx_word' id='word_1_46' title='bbox 696 971 882 1013; x_wconf 88' lang='lat' dir='ltr'>animum</span> <span class='ocrx_word' id='word_1_47' title='bbox 912 971 1093 1028; x_wconf 74' lang='lat' dir='ltr'>fatigas?</span> 
     </span>
    </p>
   </div>
   <div class='ocr_carea' id='block_1_14' title="bbox 247 1094 863 1127">
    <p class='ocr_par' dir='ltr' id='par_1_14' title="bbox 247 1094 863 1127">
     <span class='ocr_line' id='line_1_14' title="bbox 247 1094 863 1127; baseline 0 0"><span class='ocrx_word' id='word_1_48' title='bbox 247 1097 277 1127; x_wconf 83' lang='lat'>9.</span> <span class='ocrx_word' id='word_1_49' title='bbox 303 1096 403 1127; x_wconf 80' lang='lat' dir='ltr'><em>honos</em></span> <span class='ocrx_word' id='word_1_50' title='bbox 427 1096 494 1127; x_wconf 83' lang='lat' dir='ltr'>LCt</span> <span class='ocrx_word' id='word_1_51' title='bbox 517 1103 598 1127; x_wconf 83' lang='lat' dir='ltr'>cum</span> <span class='ocrx_word' id='word_1_52' title='bbox 621 1094 718 1127; x_wconf 80' lang='lat' dir='ltr'>Aldo.</span> <span class='ocrx_word' id='word_1_53' title='bbox 750 1113 783 1117; x_wconf 92' lang='lat'>—</span> <span class='ocrx_word' id='word_1_54' title='bbox 812 1096 863 1127; x_wconf 71' lang='lat'>40.</span> 
     </span>
    </p>
   </div>
   <div class='ocr_carea' id='block_1_15' title="bbox 149 1207 852 2766">
    <p class='ocr_par' dir='ltr' id='par_1_15' title="bbox 152 1207 852 1932">
     <span class='ocr_line' id='line_1_15' title="bbox 160 1207 852 1247; baseline 0 -9"><span class='ocrx_word' id='word_1_55' title='bbox 160 1216 225 1247; x_wconf 82' lang='lat' dir='ltr'>gua</span> <span class='ocrx_word' id='word_1_56' title='bbox 261 1216 302 1238; x_wconf 83' lang='lat' dir='ltr'>ex</span> <span class='ocrx_word' id='word_1_57' title='bbox 335 1207 516 1238; x_wconf 84' lang='lat' dir='ltr'>hominum</span> <span class='ocrx_word' id='word_1_58' title='bbox 548 1208 631 1238; x_wconf 88' lang='lat' dir='ltr'>tunc</span> <span class='ocrx_word' id='word_1_59' title='bbox 661 1207 852 1238; x_wconf 78' lang='lat' dir='ltr'>viventium</span> 
     </span>
     <span class='ocr_line' id='line_1_16' title="bbox 160 1255 852 1296; baseline 0 -9"><span class='ocrx_word' id='word_1_60' title='bbox 160 1257 338 1296; x_wconf 81' lang='lat' dir='ltr'>opinione,</span> <span class='ocrx_word' id='word_1_61' title='bbox 365 1265 479 1296; x_wconf 84' lang='lat' dir='ltr'>neque</span> <span class='ocrx_word' id='word_1_62' title='bbox 501 1255 651 1287; x_wconf 73' lang='lat' dir='ltr'>cavillari</span> <span class='ocrx_word' id='word_1_63' title='bbox 676 1264 852 1287; x_wconf 86' lang='lat' dir='ltr'>nonnemo</span> 
     </span>
     <span class='ocr_line' id='line_1_17' title="bbox 160 1304 852 1346; baseline 0 -10"><span class='ocrx_word' id='word_1_64' title='bbox 160 1305 329 1336; x_wconf 83' lang='lat' dir='ltr'>debebat:</span> <span class='ocrx_word' id='word_1_65' title='bbox 359 1306 426 1336; x_wconf 80' lang='lat' dir='ltr'>«Ex</span> <span class='ocrx_word' id='word_1_66' title='bbox 450 1306 654 1346; x_wconf 85' lang='lat' dir='ltr'>praemissis</span> <span class='ocrx_word' id='word_1_67' title='bbox 678 1306 751 1336; x_wconf 89' lang='lat' dir='ltr'>istis</span> <span class='ocrx_word' id='word_1_68' title='bbox 778 1304 852 1336; x_wconf 92' lang='lat' dir='ltr'>col-</span> 
     </span>
     <span class='ocr_line' id='line_1_18' title="bbox 159 1354 850 1394; baseline 0 -9"><span class='ocrx_word' id='word_1_69' title='bbox 159 1354 334 1394; x_wconf 85' lang='lat' dir='ltr'>ligendum</span> <span class='ocrx_word' id='word_1_70' title='bbox 352 1354 472 1392; x_wconf 80' lang='lat' dir='ltr'>fuisse,</span> <span class='ocrx_word' id='word_1_71' title='bbox 493 1363 580 1385; x_wconf 89' lang='lat' dir='ltr'>non:</span> <span class='ocrx_word' id='word_1_72' title='bbox 608 1362 734 1394; x_wconf 69' lang='lat' dir='ltr'>«aergo</span> <span class='ocrx_word' id='word_1_73' title='bbox 749 1354 850 1394; x_wconf 87' lang='lat' dir='ltr'>genio</span> 
     </span>
     <span class='ocr_line' id='line_1_19' title="bbox 159 1403 849 1443; baseline -0.001 -9"><span class='ocrx_word' id='word_1_74' title='bbox 159 1403 455 1443; x_wconf 79' lang='lat' dir='ltr'>indulgeaniusn»,</span> <span class='ocrx_word' id='word_1_75' title='bbox 490 1403 553 1435; x_wconf 91' lang='lat' dir='ltr'>sed</span> <span class='ocrx_word' id='word_1_76' title='bbox 586 1411 711 1442; x_wconf 65' lang='lat' dir='ltr'>‹mei-go</span> <span class='ocrx_word' id='word_1_77' title='bbox 742 1403 849 1434; x_wconf 89' lang='lat' dir='ltr'>vitam</span> 
     </span>
     <span class='ocr_line' id='line_1_20' title="bbox 157 1450 849 1492; baseline 0 -9"><span class='ocrx_word' id='word_1_78' title='bbox 157 1461 300 1492; x_wconf 79' lang='lat' dir='ltr'>agamus</span> <span class='ocrx_word' id='word_1_79' title='bbox 324 1450 548 1491; x_wconf 80' lang='lat' dir='ltr'>frugalem.»„</span> <span class='ocrx_word' id='word_1_80' title='bbox 579 1451 647 1483; x_wconf 83' lang='lat' dir='ltr'>Csr.</span> <span class='ocrx_word' id='word_1_81' title='bbox 669 1452 849 1491; x_wconf 85' lang='lat' dir='ltr'>egregium</span> 
     </span>
     <span class='ocr_line' id='line_1_21' title="bbox 156 1500 850 1540; baseline -0.001 -8"><span class='ocrx_word' id='word_1_82' title='bbox 156 1500 279 1532; x_wconf 79' lang='lat' dir='ltr'>Manilii</span> <span class='ocrx_word' id='word_1_83' title='bbox 297 1500 413 1532; x_wconf 89' lang='lat' dir='ltr'>locum</span> <span class='ocrx_word' id='word_1_84' title='bbox 434 1500 472 1538; x_wconf 73' lang='lat'>4,</span> <span class='ocrx_word' id='word_1_85' title='bbox 492 1501 607 1533; x_wconf 70' lang='lat'>4—80.</span> <span class='ocrx_word' id='word_1_86' title='bbox 629 1501 671 1540; x_wconf 85' lang='lat' dir='ltr'>(V.</span> <span class='ocrx_word' id='word_1_87' title='bbox 691 1501 726 1532; x_wconf 87' lang='lat'>8:</span> <span class='ocrx_word' id='word_1_88' title='bbox 754 1501 850 1533; x_wconf 86' lang='lat' dir='ltr'>Cum-</span> 
     </span>
     <span class='ocr_line' id='line_1_22' title="bbox 157 1550 845 1590; baseline 0.001 -9"><span class='ocrx_word' id='word_1_89' title='bbox 157 1559 218 1589; x_wconf 81' lang='lat' dir='ltr'>que</span> <span class='ocrx_word' id='word_1_90' title='bbox 240 1550 291 1580; x_wconf 80' lang='lat' dir='ltr'>sui</span> <span class='ocrx_word' id='word_1_91' title='bbox 311 1558 435 1589; x_wconf 74' lang='lat' dir='ltr'>parvos</span> <span class='ocrx_word' id='word_1_92' title='bbox 453 1558 528 1580; x_wconf 84' lang='lat' dir='ltr'>usus</span> <span class='ocrx_word' id='word_1_93' title='bbox 544 1553 669 1580; x_wconf 76' lang='lat' dir='ltr'>natura</span> <span class='ocrx_word' id='word_1_94' title='bbox 685 1554 845 1590; x_wconf 82' lang='lat' dir='ltr'>reposcat,</span> 
     </span>
     <span class='ocr_line' id='line_1_23' title="bbox 154 1599 848 1639; baseline 0 -8"><span class='ocrx_word' id='word_1_95' title='bbox 154 1599 333 1631; x_wconf 76' lang='lat' dir='ltr'>Materiam</span> <span class='ocrx_word' id='word_1_96' title='bbox 356 1600 512 1630; x_wconf 78' lang='lat' dir='ltr'>struimus</span> <span class='ocrx_word' id='word_1_97' title='bbox 533 1608 676 1639; x_wconf 65' lang='lat' dir='ltr'>magnae</span> <span class='ocrx_word' id='word_1_98' title='bbox 693 1608 757 1638; x_wconf 83' lang='lat' dir='ltr'>per</span> <span class='ocrx_word' id='word_1_99' title='bbox 770 1603 848 1631; x_wconf 82' lang='lat' dir='ltr'>vota</span> 
     </span>
     <span class='ocr_line' id='line_1_24' title="bbox 153 1648 847 1688; baseline 0.003 -10"><span class='ocrx_word' id='word_1_100' title='bbox 153 1648 297 1688; x_wconf 81' lang='lat' dir='ltr'>ruinae.)</span> <span class='ocrx_word' id='word_1_101' title='bbox 324 1665 359 1670; x_wconf 90' lang='lat'>-—</span> <span class='ocrx_word' id='word_1_102' title='bbox 387 1648 552 1679; x_wconf 89' lang='lat' dir='ltr'>Ceterum</span> <span class='ocrx_word' id='word_1_103' title='bbox 577 1649 635 1688; x_wconf 87' lang='lat' dir='ltr'>qui</span> <span class='ocrx_word' id='word_1_104' title='bbox 656 1650 847 1680; x_wconf 86' lang='lat' dir='ltr'>construxit</span> 
     </span>
     <span class='ocr_line' id='line_1_25' title="bbox 153 1697 843 1737; baseline 0.001 -9"><span class='ocrx_word' id='word_1_105' title='bbox 153 1698 292 1737; x_wconf 74' lang='lat' dir='ltr'>trepides</span> <span class='ocrx_word' id='word_1_106' title='bbox 314 1698 398 1734; x_wconf 75' lang='lat' dir='ltr'>aevi,</span> <span class='ocrx_word' id='word_1_107' title='bbox 425 1697 458 1727; x_wconf 88' lang='lat' dir='ltr'>id</span> <span class='ocrx_word' id='word_1_108' title='bbox 484 1699 555 1734; x_wconf 85' lang='lat' dir='ltr'>est,</span> <span class='ocrx_word' id='word_1_109' title='bbox 585 1697 680 1728; x_wconf 77' lang='lat' dir='ltr'>«aevi</span> <span class='ocrx_word' id='word_1_110' title='bbox 704 1706 843 1736; x_wconf 83' lang='lat' dir='ltr'>causa»,</span> 
     </span>
     <span class='ocr_line' id='line_1_26' title="bbox 154 1745 846 1786; baseline 0.001 -9"><span class='ocrx_word' id='word_1_111' title='bbox 154 1746 187 1777; x_wconf 90' lang='lat' dir='ltr'>id</span> <span class='ocrx_word' id='word_1_112' title='bbox 227 1745 320 1786; x_wconf 85' lang='lat' dir='ltr'>quod</span> <span class='ocrx_word' id='word_1_113' title='bbox 359 1745 656 1786; x_wconf 89' lang='lat' dir='ltr'>simplicissimum</span> <span class='ocrx_word' id='word_1_114' title='bbox 699 1748 775 1778; x_wconf 86' lang='lat' dir='ltr'>erat</span> <span class='ocrx_word' id='word_1_115' title='bbox 812 1748 846 1778; x_wconf 85' lang='lat' dir='ltr'>in</span> 
     </span>
     <span class='ocr_line' id='line_1_27' title="bbox 152 1794 846 1837; baseline 0.004 -12"><span class='ocrx_word' id='word_1_116' title='bbox 152 1804 247 1826; x_wconf 82' lang='lat' dir='ltr'>usum</span> <span class='ocrx_word' id='word_1_117' title='bbox 269 1795 357 1832; x_wconf 77' lang='lat' dir='ltr'>aeui,</span> <span class='ocrx_word' id='word_1_118' title='bbox 391 1794 549 1826; x_wconf 86' lang='lat' dir='ltr'>consulto</span> <span class='ocrx_word' id='word_1_119' title='bbox 580 1794 732 1827; x_wconf 90' lang='lat' dir='ltr'>noluisse</span> <span class='ocrx_word' id='word_1_120' title='bbox 762 1804 846 1837; x_wconf 90' lang='lat' dir='ltr'>per-</span> 
     </span>
     <span class='ocr_line' id='line_1_28' title="bbox 152 1843 845 1884; baseline 0.003 -9"><span class='ocrx_word' id='word_1_121' title='bbox 152 1845 288 1884; x_wconf 87' lang='lat' dir='ltr'>spicere</span> <span class='ocrx_word' id='word_1_122' title='bbox 321 1843 469 1875; x_wconf 72' lang='lat' dir='ltr'>videtur.</span> <span class='ocrx_word' id='word_1_123' title='bbox 517 1844 625 1876; x_wconf 80' lang='lat' dir='ltr'>Nimis</span> <span class='ocrx_word' id='word_1_124' title='bbox 657 1853 740 1876; x_wconf 83' lang='lat' dir='ltr'>vero</span> <span class='ocrx_word' id='word_1_125' title='bbox 770 1844 845 1877; x_wconf 92' lang='lat' dir='ltr'>lan-</span> 
     </span>
     <span class='ocr_line' id='line_1_29' title="bbox 153 1893 755 1932; baseline 0.002 -9"><span class='ocrx_word' id='word_1_126' title='bbox 153 1896 235 1932; x_wconf 84' lang='lat' dir='ltr'>guet</span> <span class='ocrx_word' id='word_1_127' title='bbox 258 1893 372 1924; x_wconf 83' lang='lat' dir='ltr'>Wissii</span> <span class='ocrx_word' id='word_1_128' title='bbox 398 1893 599 1924; x_wconf 90' lang='lat' dir='ltr'>coniectura</span> <span class='ocrx_word' id='word_1_129' title='bbox 627 1894 661 1924; x_wconf 81' lang='lat' dir='ltr'>in</span> <span class='ocrx_word' id='word_1_130' title='bbox 683 1902 755 1925; x_wconf 83' lang='lat' dir='ltr'>usu.</span> 
     </span>
    </p>

    <p class='ocr_par' dir='ltr' id='par_1_16' title="bbox 153 1940 846 2134">
     <span class='ocr_line' id='line_1_30' title="bbox 196 1940 845 1982; baseline 0.003 -10"><span class='ocrx_word' id='word_1_131' title='bbox 196 1942 226 1973; x_wconf 85' lang='lat'>6.</span> <span class='ocrx_word' id='word_1_132' title='bbox 253 1942 355 1982; x_wconf 72' lang='lat' dir='ltr'>Levis]</span> <span class='ocrx_word' id='word_1_133' title='bbox 382 1940 504 1979; x_wconf 79' lang='grc' dir='ltr'>«λεία,</span> <span class='ocrx_word' id='word_1_134' title='bbox 531 1941 702 1974; x_wconf 89' lang='lat' dir='ltr'>imberbis</span> <span class='ocrx_word' id='word_1_135' title='bbox 727 1951 767 1974; x_wconf 89' lang='lat' dir='ltr'>ac</span> <span class='ocrx_word' id='word_1_136' title='bbox 792 1944 845 1974; x_wconf 90' lang='lat' dir='ltr'>te-</span> 
     </span>
     <span class='ocr_line' id='line_1_31' title="bbox 156 1989 846 2031; baseline 0.003 -11"><span class='ocrx_word' id='word_1_137' title='bbox 156 1999 273 2021; x_wconf 58' lang='lat' dir='ltr'>neram</span> <span class='ocrx_word' id='word_1_138' title='bbox 299 1989 420 2021; x_wconf 85' lang='lat' dir='ltr'>Tibull.</span> <span class='ocrx_word' id='word_1_139' title='bbox 449 1992 484 2026; x_wconf 78' lang='lat' dir='ltr'>t,</span> <span class='ocrx_word' id='word_1_140' title='bbox 510 1991 547 2028; x_wconf 87' lang='lat'>8,</span> <span class='ocrx_word' id='word_1_141' title='bbox 575 1991 632 2031; x_wconf 65' lang='lat'>31:</span> <span class='ocrx_word' id='word_1_142' title='bbox 667 1992 786 2023; x_wconf 82' lang='lat' dir='ltr'>Carior</span> <span class='ocrx_word' id='word_1_143' title='bbox 801 1995 846 2022; x_wconf 85' lang='lat' dir='ltr'>est</span> 
     </span>
     <span class='ocr_line' id='line_1_32' title="bbox 153 2045 842 2085; baseline 0.003 -10"><span class='ocrx_word' id='word_1_144' title='bbox 153 2054 239 2075; x_wconf 86' lang='lat' dir='ltr'>auro</span> <span class='ocrx_word' id='word_1_145' title='bbox 252 2046 393 2083; x_wconf 64' lang='lat' dir='ltr'>funeriis,</span> <span class='ocrx_word' id='word_1_146' title='bbox 412 2046 465 2075; x_wconf 77' lang='lat' dir='ltr'>cui</span> <span class='ocrx_word' id='word_1_147' title='bbox 477 2045 562 2075; x_wconf 77' lang='lat' dir='ltr'>levia</span> <span class='ocrx_word' id='word_1_148' title='bbox 573 2045 696 2085; x_wconf 67' lang='lat' dir='ltr'>sulqenl</span> <span class='ocrx_word' id='word_1_149' title='bbox 710 2046 788 2077; x_wconf 82' lang='lat' dir='ltr'>Ora.</span> <span class='ocrx_word' id='word_1_150' title='bbox 807 2065 842 2069; x_wconf 92' lang='lat'><strong>—</strong></span> 
     </span>
     <span class='ocr_line' id='line_1_33' title="bbox 153 2094 843 2134; baseline 0.003 -10"><span class='ocrx_word' id='word_1_151' title='bbox 153 2094 263 2134; x_wconf 79' lang='lat' dir='ltr'>arida]</span> <span class='ocrx_word' id='word_1_152' title='bbox 291 2103 400 2134; x_wconf 74' lang='lat' dir='ltr'>aquae</span> <span class='ocrx_word' id='word_1_153' title='bbox 418 2103 458 2124; x_wconf 85' lang='lat' dir='ltr'>ex</span> <span class='ocrx_word' id='word_1_154' title='bbox 483 2095 637 2125; x_wconf 74' lang='lat' dir='ltr'>siccitate</span> <span class='ocrx_word' id='word_1_155' title='bbox 657 2096 843 2126; x_wconf 87' lang='lat' dir='ltr'>nascitur.»</span> 
     </span>
    </p>

    <p class='ocr_par' dir='ltr' id='par_1_17' title="bbox 152 2142 844 2330">
     <span class='ocr_line' id='line_1_34' title="bbox 195 2142 844 2176; baseline 0.002 -2"><span class='ocrx_word' id='word_1_156' title='bbox 195 2144 226 2174; x_wconf 87' lang='lat'>8.</span> <span class='ocrx_word' id='word_1_157' title='bbox 259 2143 400 2174; x_wconf 79' lang='lat' dir='ltr'>Facilem</span> <span class='ocrx_word' id='word_1_158' title='bbox 431 2151 593 2175; x_wconf 88' lang='lat' dir='ltr'>somnum</span> <span class='ocrx_word' id='word_1_159' title='bbox 626 2142 709 2174; x_wconf 78' lang='lat' dir='ltr'>dixit</span> <span class='ocrx_word' id='word_1_160' title='bbox 739 2144 844 2176; x_wconf 88' lang='lat' dir='ltr'>etiam</span> 
     </span>
     <span class='ocr_line' id='line_1_35' title="bbox 153 2191 840 2231; baseline 0.003 -9"><span class='ocrx_word' id='word_1_161' title='bbox 153 2192 214 2223; x_wconf 85' lang='lat' dir='ltr'>Od.</span> <span class='ocrx_word' id='word_1_162' title='bbox 242 2192 278 2230; x_wconf 89' lang='grc'>3,</span> <span class='ocrx_word' id='word_1_163' title='bbox 306 2192 362 2228; x_wconf 72' lang='grc'>21,</span> <span class='ocrx_word' id='word_1_164' title='bbox 391 2191 421 2223; x_wconf 69' lang='lat'>4.</span> <span class='ocrx_word' id='word_1_165' title='bbox 452 2192 499 2231; x_wconf 54' lang='lat' dir='ltr'>set</span> <span class='ocrx_word' id='word_1_166' title='bbox 523 2192 605 2223; x_wconf 77' lang='lat' dir='ltr'>leves</span> <span class='ocrx_word' id='word_1_167' title='bbox 627 2201 756 2223; x_wconf 85' lang='lat' dir='ltr'>somnos</span> <span class='ocrx_word' id='word_1_168' title='bbox 779 2193 840 2224; x_wconf 89' lang='lat' dir='ltr'>Od.</span> 
     </span>
     <span class='ocr_line' id='line_1_36' title="bbox 153 2240 843 2282; baseline 0.003 -10"><span class='ocrx_word' id='word_1_169' title='bbox 153 2242 183 2277; x_wconf 74' lang='lat'>2,</span> <span class='ocrx_word' id='word_1_170' title='bbox 213 2241 262 2277; x_wconf 72' lang='lat'>46,</span> <span class='ocrx_word' id='word_1_171' title='bbox 291 2240 367 2279; x_wconf 77' lang='lat'>⁴5.):</span> <span class='ocrx_word' id='word_1_172' title='bbox 397 2241 474 2281; x_wconf 82' lang='lat' dir='ltr'>uqui</span> <span class='ocrx_word' id='word_1_173' title='bbox 499 2240 598 2272; x_wconf 82' lang='lat' dir='ltr'>facile</span> <span class='ocrx_word' id='word_1_174' title='bbox 624 2240 762 2282; x_wconf 85' lang='lat' dir='ltr'>obrepit</span> <span class='ocrx_word' id='word_1_175' title='bbox 778 2251 843 2274; x_wconf 91' lang='lat' dir='ltr'>nec</span> 
     </span>
     <span class='ocr_line' id='line_1_37' title="bbox 152 2289 593 2330; baseline -0.002 -11"><span class='ocrx_word' id='word_1_176' title='bbox 152 2289 271 2328; x_wconf 69' lang='lat' dir='ltr'>vigiliis</span> <span class='ocrx_word' id='word_1_177' title='bbox 296 2289 593 2330; x_wconf 78' lang='lat' dir='ltr'>interrumpitur.»</span> 
     </span>
    </p>

    <p class='ocr_par' dir='ltr' id='par_1_18' title="bbox 149 2337 841 2615">
     <span class='ocr_line' id='line_1_38' title="bbox 194 2337 841 2379; baseline 0.005 -10"><span class='ocrx_word' id='word_1_178' title='bbox 194 2340 225 2369; x_wconf 84' lang='grc'>9.</span> <span class='ocrx_word' id='word_1_179' title='bbox 243 2339 357 2379; x_wconf 78' lang='lat' dir='ltr'>honor]</span> <span class='ocrx_word' id='word_1_180' title='bbox 376 2337 613 2379; x_wconf 78' lang='lat' dir='ltr'>pulctiritudo;</span> <span class='ocrx_word' id='word_1_181' title='bbox 633 2339 730 2371; x_wconf 87' lang='lat' dir='ltr'>brevi</span> <span class='ocrx_word' id='word_1_182' title='bbox 748 2341 841 2372; x_wconf 89' lang='lat' dir='ltr'>enim</span> 
     </span>
     <span class='ocr_line' id='line_1_39' title="bbox 152 2387 838 2430; baseline 0.001 -10"><span class='ocrx_word' id='word_1_183' title='bbox 152 2390 383 2420; x_wconf 64' lang='lat' dir='ltr'>marcescunt.</span> <span class='ocrx_word' id='word_1_184' title='bbox 434 2387 699 2426; x_wconf 60' lang='lat' dir='ltr'>uhlenibranae,</span> <span class='ocrx_word' id='word_1_185' title='bbox 738 2392 838 2430; x_wconf 82' lang='lat' dir='ltr'>quot-</span> 
     </span>
     <span class='ocr_line' id='line_1_40' title="bbox 150 2436 841 2477; baseline 0.003 -10"><span class='ocrx_word' id='word_1_186' title='bbox 150 2439 233 2477; x_wconf 83' lang='lat' dir='ltr'>quot</span> <span class='ocrx_word' id='word_1_187' title='bbox 258 2436 342 2472; x_wconf 64' lang='lat' dir='ltr'>xidi,</span> <span class='ocrx_word' id='word_1_188' title='bbox 369 2437 483 2467; x_wconf 80' lang='lat' dir='ltr'>honor.</span> <span class='ocrx_word' id='word_1_189' title='bbox 511 2437 634 2475; x_wconf 77' lang='lat' dir='ltr'>Recte,</span> <span class='ocrx_word' id='word_1_190' title='bbox 662 2440 699 2468; x_wconf 92' lang='lat' dir='ltr'>ut</span> <span class='ocrx_word' id='word_1_191' title='bbox 713 2438 841 2470; x_wconf 88' lang='lat' dir='ltr'>vitetur</span> 
     </span>
     <span class='ocr_line' id='line_1_41' title="bbox 149 2485 836 2526; baseline 0.003 -10"><span class='ocrx_word' id='word_1_192' title='bbox 149 2485 270 2517; x_wconf 85' lang='lat' dir='ltr'>sibilus</span> <span class='ocrx_word' id='word_1_193' title='bbox 295 2486 375 2520; x_wconf 79' lang='lat' dir='ltr'>iste,</span> <span class='ocrx_word' id='word_1_194' title='bbox 400 2486 552 2526; x_wconf 73' lang='lat' dir='ltr'>(loribus,</span> <span class='ocrx_word' id='word_1_195' title='bbox 577 2486 693 2525; x_wconf 82' lang='lat' dir='ltr'>honos,</span> <span class='ocrx_word' id='word_1_196' title='bbox 718 2488 836 2518; x_wconf 76' lang='lat' dir='ltr'>vernis.</span> 
     </span>
     <span class='ocr_line' id='line_1_42' title="bbox 149 2535 841 2575; baseline 0.003 -10"><span class='ocrx_word' id='word_1_197' title='bbox 149 2535 213 2572; x_wconf 84' lang='lat' dir='ltr'>Qui</span> <span class='ocrx_word' id='word_1_198' title='bbox 237 2535 369 2575; x_wconf 82' lang='lat' dir='ltr'>primus</span> <span class='ocrx_word' id='word_1_199' title='bbox 395 2535 559 2572; x_wconf 75' lang='lat' dir='ltr'>mutavit,</span> <span class='ocrx_word' id='word_1_200' title='bbox 585 2536 616 2566; x_wconf 88' lang='lat' dir='ltr'>ei</span> <span class='ocrx_word' id='word_1_201' title='bbox 641 2535 749 2567; x_wconf 78' lang='lat' dir='ltr'>detuit</span> <span class='ocrx_word' id='word_1_202' title='bbox 776 2545 841 2567; x_wconf 84' lang='lat' dir='ltr'>au-</span> 
     </span>
     <span class='ocr_line' id='line_1_43' title="bbox 149 2583 608 2615; baseline 0.002 -2"><span class='ocrx_word' id='word_1_203' title='bbox 149 2583 238 2614; x_wconf 88' lang='lat' dir='ltr'>rium</span> <span class='ocrx_word' id='word_1_204' title='bbox 263 2583 462 2615; x_wconf 68' lang='lat' dir='ltr'>iudicium„</span> <span class='ocrx_word' id='word_1_205' title='bbox 489 2584 608 2615; x_wconf 70' lang='lat' dir='ltr'>flexu.</span> 
     </span>
    </p>

    <p class='ocr_par' dir='ltr' id='par_1_19' title="bbox 150 2632 839 2766">
     <span class='ocr_line' id='line_1_44' title="bbox 194 2632 836 2673; baseline 0.006 -11"><span class='ocrx_word' id='word_1_206' title='bbox 194 2632 243 2663; x_wconf 81' lang='lat' dir='ltr'>to.</span> <span class='ocrx_word' id='word_1_207' title='bbox 280 2633 372 2663; x_wconf 83' lang='lat' dir='ltr'>Luna</span> <span class='ocrx_word' id='word_1_208' title='bbox 408 2632 540 2673; x_wconf 81' lang='lat' dir='ltr'>rubens]</span> <span class='ocrx_word' id='word_1_209' title='bbox 576 2633 699 2665; x_wconf 65' lang='lat' dir='ltr'>[subere</span> <span class='ocrx_word' id='word_1_210' title='bbox 733 2634 836 2666; x_wconf 83' lang='lat' dir='ltr'>etiam</span> 
     </span>
     <span class='ocr_line' id='line_1_45' title="bbox 150 2681 836 2723; baseline 0.006 -12"><span class='ocrx_word' id='word_1_211' title='bbox 150 2681 347 2721; x_wconf 77' lang='lat' dir='ltr'>Propertius</span> <span class='ocrx_word' id='word_1_212' title='bbox 372 2681 454 2712; x_wconf 77' lang='lat' dir='ltr'>dixit</span> <span class='ocrx_word' id='word_1_213' title='bbox 471 2681 514 2712; x_wconf 87' lang='lat' dir='ltr'>de</span> <span class='ocrx_word' id='word_1_214' title='bbox 532 2681 634 2713; x_wconf 87' lang='lat' dir='ltr'>lunae</span> <span class='ocrx_word' id='word_1_215' title='bbox 651 2682 836 2723; x_wconf 82' lang='lat' dir='ltr'>splendore</span> 
     </span>
     <span class='ocr_line' id='line_1_46' title="bbox 153 2729 839 2766; baseline 0.006 -7"><span class='ocrx_word' id='word_1_216' title='bbox 153 2730 184 2766; x_wconf 84' lang='lat' dir='ltr'>t,</span> <span class='ocrx_word' id='word_1_217' title='bbox 217 2729 269 2765; x_wconf 76' lang='lat' dir='ltr'>to,</span> <span class='ocrx_word' id='word_1_218' title='bbox 296 2730 315 2761; x_wconf 80' lang='lat'>8</span> <span class='ocrx_word' id='word_1_219' title='bbox 334 2739 339 2759; x_wconf 80' lang='lat' dir='ltr'>t</span> <span class='ocrx_word' id='word_1_220' title='bbox 367 2730 407 2762; x_wconf 78' lang='grc' dir='ltr'>ΕΙ</span> <span class='ocrx_word' id='word_1_221' title='bbox 431 2731 543 2762; x_wconf 58' lang='lat' dir='ltr'>mediis</span> <span class='ocrx_word' id='word_1_222' title='bbox 565 2731 656 2763; x_wconf 76' lang='lat' dir='ltr'>caeto</span> <span class='ocrx_word' id='word_1_223' title='bbox 673 2732 767 2763; x_wconf 83' lang='lat' dir='ltr'>Luna</span> <span class='ocrx_word' id='word_1_224' title='bbox 783 2742 839 2763; x_wconf 80' lang='lat' dir='ltr'>ru-</span> 
     </span>
    </p>
   </div>
   <div class='ocr_carea' id='block_1_16' title="bbox 890 1097 1006 1128">
    <p class='ocr_par' dir='ltr' id='par_1_20' title="bbox 890 1097 1006 1128">
     <span class='ocr_line' id='line_1_47' title="bbox 890 1097 1006 1128; baseline 0.017 -2"><span class='ocrx_word' id='word_1_225' title='bbox 890 1105 948 1128; x_wconf 76' lang='lat' dir='ltr'>nec</span> <span class='ocrx_word' id='word_1_226' title='bbox 971 1097 1006 1128; x_wconf 90' lang='lat' dir='ltr'>b.</span> 
     </span>
    </p>
   </div>
   <div class='ocr_carea' id='block_1_17' title="bbox 888 1207 1598 2774">
    <p class='ocr_par' dir='ltr' id='par_1_21' title="bbox 901 1207 1598 1390">
     <span class='ocr_line' id='line_1_48' title="bbox 903 1207 1598 1253; baseline 0.009 -15"><span class='ocrx_word' id='word_1_227' title='bbox 903 1207 989 1239; x_wconf 78' lang='lat' dir='ltr'>beret</span> <span class='ocrx_word' id='word_1_228' title='bbox 1011 1209 1114 1246; x_wconf 69' lang='lat' dir='ltr'>equis,</span> <span class='ocrx_word' id='word_1_229' title='bbox 1163 1209 1308 1241; x_wconf 89' lang='lat' dir='ltr'>Pudoris</span> <span class='ocrx_word' id='word_1_230' title='bbox 1340 1212 1459 1242; x_wconf 86' lang='lat' dir='ltr'>contra</span> <span class='ocrx_word' id='word_1_231' title='bbox 1490 1213 1598 1253; x_wconf 81' lang='lat' dir='ltr'>signi—</span> 
     </span>
     <span class='ocr_line' id='line_1_49' title="bbox 903 1257 1594 1299; baseline 0.009 -11"><span class='ocrx_word' id='word_1_232' title='bbox 903 1257 1017 1288; x_wconf 84' lang='lat' dir='ltr'>ficatio</span> <span class='ocrx_word' id='word_1_233' title='bbox 1043 1258 1133 1290; x_wconf 88' lang='lat' dir='ltr'>inest</span> <span class='ocrx_word' id='word_1_234' title='bbox 1156 1259 1189 1290; x_wconf 90' lang='lat' dir='ltr'>in</span> <span class='ocrx_word' id='word_1_235' title='bbox 1213 1260 1295 1290; x_wconf 76' lang='lat' dir='ltr'>luna</span> <span class='ocrx_word' id='word_1_236' title='bbox 1317 1260 1450 1292; x_wconf 78' lang='lat' dir='ltr'>rubente</span> <span class='ocrx_word' id='word_1_237' title='bbox 1474 1262 1542 1293; x_wconf 86' lang='lat' dir='ltr'>Sat.</span> <span class='ocrx_word' id='word_1_238' title='bbox 1563 1263 1594 1299; x_wconf 77' lang='lat' dir='ltr'>1t,</span> 
     </span>
     <span class='ocr_line' id='line_1_50' title="bbox 902 1306 1597 1352; baseline 0.01 -16"><span class='ocrx_word' id='word_1_239' title='bbox 902 1306 938 1343; x_wconf 77' lang='lat'>8,</span> <span class='ocrx_word' id='word_1_240' title='bbox 975 1306 1028 1337; x_wconf 82' lang='lat'>35.</span> <span class='ocrx_word' id='word_1_241' title='bbox 1076 1325 1112 1329; x_wconf 85' lang='lat'>—</span> <span class='ocrx_word' id='word_1_242' title='bbox 1155 1309 1298 1340; x_wconf 83' lang='lat' dir='ltr'>«Variat</span> <span class='ocrx_word' id='word_1_243' title='bbox 1338 1309 1418 1341; x_wconf 87' lang='lat' dir='ltr'>luna</span> <span class='ocrx_word' id='word_1_244' title='bbox 1454 1319 1597 1352; x_wconf 81' lang='lat' dir='ltr'>semper</span> 
     </span>
     <span class='ocr_line' id='line_1_51' title="bbox 901 1355 1454 1390; baseline 0.009 -5"><span class='ocrx_word' id='word_1_245' title='bbox 901 1355 1095 1386; x_wconf 88' lang='lat' dir='ltr'>crescendo</span> <span class='ocrx_word' id='word_1_246' title='bbox 1120 1358 1155 1387; x_wconf 89' lang='lat' dir='ltr'>et</span> <span class='ocrx_word' id='word_1_247' title='bbox 1178 1357 1454 1390; x_wconf 85' lang='lat' dir='ltr'>decrescendo.»</span> 
     </span>
    </p>

    <p class='ocr_par' dir='ltr' id='par_1_22' title="bbox 893 1405 1596 2087">
     <span class='ocr_line' id='line_1_52' title="bbox 944 1405 1574 1447; baseline 0.011 -13"><span class='ocrx_word' id='word_1_248' title='bbox 944 1405 997 1434; x_wconf 78' lang='grc' dir='ltr'>Μ.</span> <span class='ocrx_word' id='word_1_249' title='bbox 1028 1406 1108 1443; x_wconf 77' lang='lat' dir='ltr'>quid</span> <span class='ocrx_word' id='word_1_250' title='bbox 1136 1407 1287 1447; x_wconf 78' lang='lat' dir='ltr'>aeternis]</span> <span class='ocrx_word' id='word_1_251' title='bbox 1323 1408 1433 1446; x_wconf 84' lang='lat' dir='ltr'>«Quid</span> <span class='ocrx_word' id='word_1_252' title='bbox 1458 1410 1494 1440; x_wconf 89' lang='lat' dir='ltr'>tu</span> <span class='ocrx_word' id='word_1_253' title='bbox 1519 1411 1574 1441; x_wconf 87' lang='lat' dir='ltr'>ani</span> 
     </span>
     <span class='ocr_line' id='line_1_53' title="bbox 898 1454 1596 1496; baseline 0.007 -12"><span class='ocrx_word' id='word_1_254' title='bbox 898 1461 997 1485; x_wconf 92' lang='lat' dir='ltr'>mum</span> <span class='ocrx_word' id='word_1_255' title='bbox 1022 1454 1163 1487; x_wconf 83' lang='lat' dir='ltr'>conficis</span> <span class='ocrx_word' id='word_1_256' title='bbox 1188 1456 1456 1496; x_wconf 84' lang='lat' dir='ltr'>cogitationibus</span> <span class='ocrx_word' id='word_1_257' title='bbox 1484 1458 1596 1489; x_wconf 84' lang='lat' dir='ltr'>infini-</span> 
     </span>
     <span class='ocr_line' id='line_1_54' title="bbox 898 1502 1593 1547; baseline 0.009 -14"><span class='ocrx_word' id='word_1_258' title='bbox 898 1502 957 1541; x_wconf 83' lang='lat' dir='ltr'>tis,</span> <span class='ocrx_word' id='word_1_259' title='bbox 991 1503 1035 1534; x_wconf 91' lang='lat' dir='ltr'>ad</span> <span class='ocrx_word' id='word_1_260' title='bbox 1063 1503 1253 1545; x_wconf 86' lang='lat' dir='ltr'>longissimi</span> <span class='ocrx_word' id='word_1_261' title='bbox 1278 1508 1448 1547; x_wconf 89' lang='lat' dir='ltr'>temporis</span> <span class='ocrx_word' id='word_1_262' title='bbox 1472 1516 1593 1539; x_wconf 88' lang='lat' dir='ltr'>curam</span> 
     </span>
     <span class='ocr_line' id='line_1_55' title="bbox 898 1553 1595 1596; baseline 0.009 -14"><span class='ocrx_word' id='word_1_263' title='bbox 898 1553 1171 1592; x_wconf 84' lang='lat' dir='ltr'>pertinentibus,</span> <span class='ocrx_word' id='word_1_264' title='bbox 1199 1554 1327 1595; x_wconf 88' lang='lat' dir='ltr'>quibus</span> <span class='ocrx_word' id='word_1_265' title='bbox 1351 1564 1416 1596; x_wconf 88' lang='lat' dir='ltr'>par</span> <span class='ocrx_word' id='word_1_266' title='bbox 1437 1564 1516 1588; x_wconf 89' lang='lat' dir='ltr'>esse</span> <span class='ocrx_word' id='word_1_267' title='bbox 1535 1566 1595 1588; x_wconf 90' lang='lat' dir='ltr'>ne-</span> 
     </span>
     <span class='ocr_line' id='line_1_56' title="bbox 897 1603 1592 1643; baseline 0.009 -12"><span class='ocrx_word' id='word_1_268' title='bbox 897 1603 1026 1640; x_wconf 78' lang='lat' dir='ltr'>queat‘?</span> <span class='ocrx_word' id='word_1_269' title='bbox 1071 1604 1252 1643; x_wconf 86' lang='lat' dir='ltr'>tamquam</span> <span class='ocrx_word' id='word_1_270' title='bbox 1287 1605 1314 1636; x_wconf 92' lang='lat' dir='ltr'>si</span> <span class='ocrx_word' id='word_1_271' title='bbox 1350 1604 1592 1637; x_wconf 83' lang='lat' dir='ltr'>immortalitas</span> 
     </span>
     <span class='ocr_line' id='line_1_57' title="bbox 897 1650 1592 1686; baseline 0.009 -6"><span class='ocrx_word' id='word_1_272' title='bbox 897 1650 959 1681; x_wconf 88' lang='lat' dir='ltr'>tibi</span> <span class='ocrx_word' id='word_1_273' title='bbox 994 1659 1165 1683; x_wconf 86' lang='lat' dir='ltr'>concessa</span> <span class='ocrx_word' id='word_1_274' title='bbox 1201 1653 1277 1684; x_wconf 90' lang='lat' dir='ltr'>sit.»</span> <span class='ocrx_word' id='word_1_275' title='bbox 1327 1654 1433 1685; x_wconf 85' lang='lat' dir='ltr'>Recte</span> <span class='ocrx_word' id='word_1_276' title='bbox 1461 1653 1592 1686; x_wconf 80' lang='lat' dir='ltr'>Dillen-</span> 
     </span>
     <span class='ocr_line' id='line_1_58' title="bbox 895 1698 1591 1741; baseline 0.007 -11"><span class='ocrx_word' id='word_1_277' title='bbox 895 1698 1027 1739; x_wconf 83' lang='lat' dir='ltr'>burger</span> <span class='ocrx_word' id='word_1_278' title='bbox 1039 1700 1216 1741; x_wconf 86' lang='lat' dir='ltr'>duplicem</span> <span class='ocrx_word' id='word_1_279' title='bbox 1226 1703 1283 1733; x_wconf 89' lang='lat' dir='ltr'>hic</span> <span class='ocrx_word' id='word_1_280' title='bbox 1293 1704 1591 1735; x_wconf 85' lang='lat' dir='ltr'>constructionem</span> 
     </span>
     <span class='ocr_line' id='line_1_59' title="bbox 895 1750 1594 1784; baseline 0.006 -4"><span class='ocrx_word' id='word_1_281' title='bbox 895 1750 1051 1780; x_wconf 88' lang='lat' dir='ltr'>statuere</span> <span class='ocrx_word' id='word_1_282' title='bbox 1075 1750 1232 1782; x_wconf 83' lang='lat' dir='ltr'>videtur:</span> <span class='ocrx_word' id='word_1_283' title='bbox 1272 1753 1413 1783; x_wconf 81' lang='lat' dir='ltr'>aeternis</span> <span class='ocrx_word' id='word_1_284' title='bbox 1450 1754 1594 1784; x_wconf 78' lang='lat' dir='ltr'>consiliis</span> 
     </span>
     <span class='ocr_line' id='line_1_60' title="bbox 893 1798 1592 1839; baseline 0.007 -10"><span class='ocrx_word' id='word_1_285' title='bbox 893 1798 1019 1839; x_wconf 63' lang='lat' dir='ltr'>fatigas</span> <span class='ocrx_word' id='word_1_286' title='bbox 1053 1801 1105 1831; x_wconf 87' lang='lat' dir='ltr'>et:</span> <span class='ocrx_word' id='word_1_287' title='bbox 1141 1801 1302 1832; x_wconf 80' lang='lat' dir='ltr'>minorem</span> <span class='ocrx_word' id='word_1_288' title='bbox 1336 1803 1479 1833; x_wconf 80' lang='lat' dir='ltr'>aeternis</span> <span class='ocrx_word' id='word_1_289' title='bbox 1511 1811 1592 1834; x_wconf 78' lang='lat' dir='ltr'>con-</span> 
     </span>
     <span class='ocr_line' id='line_1_61' title="bbox 894 1849 1591 1891; baseline 0.007 -13"><span class='ocrx_word' id='word_1_290' title='bbox 894 1849 984 1879; x_wconf 81' lang='lat' dir='ltr'>sitiis.</span> <span class='ocrx_word' id='word_1_291' title='bbox 1014 1867 1050 1871; x_wconf 91' lang='lat'>—</span> <span class='ocrx_word' id='word_1_292' title='bbox 1076 1849 1145 1880; x_wconf 81' lang='lat' dir='ltr'>Csr.</span> <span class='ocrx_word' id='word_1_293' title='bbox 1173 1849 1235 1881; x_wconf 86' lang='lat' dir='ltr'>Od.</span> <span class='ocrx_word' id='word_1_294' title='bbox 1263 1850 1299 1889; x_wconf 78' lang='grc'>4,</span> <span class='ocrx_word' id='word_1_295' title='bbox 1327 1851 1385 1889; x_wconf 79' lang='grc' dir='ltr'>Μ,</span> <span class='ocrx_word' id='word_1_296' title='bbox 1419 1851 1455 1882; x_wconf 86' lang='grc'>7;</span> <span class='ocrx_word' id='word_1_297' title='bbox 1493 1852 1591 1891; x_wconf 83' lang='lat' dir='ltr'>Spem</span> 
     </span>
     <span class='ocr_line' id='line_1_62' title="bbox 893 1897 1587 1940; baseline 0.007 -13"><span class='ocrx_word' id='word_1_298' title='bbox 893 1897 1037 1938; x_wconf 71' lang='lat' dir='ltr'>lonqam.</span> <span class='ocrx_word' id='word_1_299' title='bbox 1082 1898 1215 1930; x_wconf 89' lang='lat' dir='ltr'>Seneca</span> <span class='ocrx_word' id='word_1_300' title='bbox 1244 1898 1288 1930; x_wconf 91' lang='lat' dir='ltr'>de</span> <span class='ocrx_word' id='word_1_301' title='bbox 1312 1900 1439 1940; x_wconf 89' lang='lat' dir='ltr'>Tranq.</span> <span class='ocrx_word' id='word_1_302' title='bbox 1465 1909 1521 1932; x_wconf 88' lang='lat' dir='ltr'>an.</span> <span class='ocrx_word' id='word_1_303' title='bbox 1549 1901 1587 1932; x_wconf 85' lang='lat'>9:</span> 
     </span>
     <span class='ocr_line' id='line_1_63' title="bbox 893 1948 1590 1990; baseline 0.004 -13"><span class='ocrx_word' id='word_1_304' title='bbox 893 1955 963 1986; x_wconf 83' lang='lat' dir='ltr'>spes</span> <span class='ocrx_word' id='word_1_305' title='bbox 995 1948 1174 1987; x_wconf 81' lang='lat' dir='ltr'>effrenatas</span> <span class='ocrx_word' id='word_1_306' title='bbox 1195 1965 1214 1970; x_wconf 90' lang='lat'><em>-</em></span> <span class='ocrx_word' id='word_1_307' title='bbox 1238 1951 1267 1979; x_wconf 84' lang='lat' dir='ltr'>et</span> <span class='ocrx_word' id='word_1_308' title='bbox 1298 1949 1447 1980; x_wconf 76' lang='lat' dir='ltr'>animum</span> <span class='ocrx_word' id='word_1_309' title='bbox 1477 1950 1512 1980; x_wconf 80' lang='lat' dir='ltr'>in</span> <span class='ocrx_word' id='word_1_310' title='bbox 1533 1950 1590 1990; x_wconf 80' lang='lat' dir='ltr'>fu-</span> 
     </span>
     <span class='ocr_line' id='line_1_64' title="bbox 893 1997 1586 2040; baseline 0.006 -14"><span class='ocrx_word' id='word_1_311' title='bbox 893 1999 971 2027; x_wconf 82' lang='lat' dir='ltr'>tura</span> <span class='ocrx_word' id='word_1_312' title='bbox 993 1997 1186 2027; x_wconf 79' lang='lat' dir='ltr'>eminentem</span> <span class='ocrx_word' id='word_1_313' title='bbox 1216 1997 1311 2028; x_wconf 84' lang='lat' dir='ltr'>dixit.</span> <span class='ocrx_word' id='word_1_314' title='bbox 1349 2016 1384 2020; x_wconf 86' lang='grc'>-</span> <span class='ocrx_word' id='word_1_315' title='bbox 1414 1999 1586 2040; x_wconf 81' lang='lat' dir='ltr'>minorem]</span> 
     </span>
     <span class='ocr_line' id='line_1_65' title="bbox 895 2041 1414 2087; baseline 0.004 -11"><span class='ocrx_word' id='word_1_316' title='bbox 895 2047 932 2076; x_wconf 86' lang='lat' dir='ltr'>ut</span> <span class='ocrx_word' id='word_1_317' title='bbox 954 2041 1077 2086; x_wconf 77' lang='grc' dir='ltr'><em>ἥττων</em></span> <span class='ocrx_word' id='word_1_318' title='bbox 1099 2043 1219 2085; x_wconf 84' lang='grc' dir='ltr'>τινός,</span> <span class='ocrx_word' id='word_1_319' title='bbox 1248 2047 1414 2087; x_wconf 87' lang='lat' dir='ltr'>«impar.»</span> 
     </span>
    </p>

    <p class='ocr_par' dir='ltr' id='par_1_23' title="bbox 888 2094 1589 2774">
     <span class='ocr_line' id='line_1_66' title="bbox 938 2094 1589 2136; baseline 0.006 -11"><span class='ocrx_word' id='word_1_320' title='bbox 938 2094 989 2125; x_wconf 73' lang='lat'>43.</span> <span class='ocrx_word' id='word_1_321' title='bbox 1039 2094 1106 2126; x_wconf 77' lang='lat' dir='ltr'>Cur</span> <span class='ocrx_word' id='word_1_322' title='bbox 1127 2094 1203 2136; x_wconf 83' lang='lat' dir='ltr'>non]</span> <span class='ocrx_word' id='word_1_323' title='bbox 1229 2096 1487 2128; x_wconf 87' lang='lat' dir='ltr'>Sententiarum</span> <span class='ocrx_word' id='word_1_324' title='bbox 1511 2098 1589 2129; x_wconf 90' lang='lat' dir='ltr'>iun-</span> 
     </span>
     <span class='ocr_line' id='line_1_67' title="bbox 895 2143 1588 2178; baseline 0.006 -4"><span class='ocrx_word' id='word_1_325' title='bbox 895 2145 992 2174; x_wconf 88' lang='lat' dir='ltr'>ctura</span> <span class='ocrx_word' id='word_1_326' title='bbox 1017 2143 1106 2174; x_wconf 90' lang='lat' dir='ltr'>haec</span> <span class='ocrx_word' id='word_1_327' title='bbox 1131 2146 1201 2175; x_wconf 85' lang='lat' dir='ltr'>est:</span> <span class='ocrx_word' id='word_1_328' title='bbox 1235 2145 1412 2177; x_wconf 86' lang='lat' dir='ltr'>«Tametsi</span> <span class='ocrx_word' id='word_1_329' title='bbox 1437 2146 1506 2178; x_wconf 85' lang='lat' dir='ltr'>iam</span> <span class='ocrx_word' id='word_1_330' title='bbox 1530 2156 1588 2178; x_wconf 91' lang='lat' dir='ltr'>re—</span> 
     </span>
     <span class='ocr_line' id='line_1_68' title="bbox 893 2193 1587 2226; baseline 0.004 -3"><span class='ocrx_word' id='word_1_331' title='bbox 893 2194 1041 2224; x_wconf 88' lang='lat' dir='ltr'>stinctus</span> <span class='ocrx_word' id='word_1_332' title='bbox 1067 2193 1099 2224; x_wconf 91' lang='lat' dir='ltr'>in</span> <span class='ocrx_word' id='word_1_333' title='bbox 1124 2193 1224 2225; x_wconf 90' lang='lat' dir='ltr'>nobis</span> <span class='ocrx_word' id='word_1_334' title='bbox 1249 2196 1304 2225; x_wconf 89' lang='lat' dir='ltr'>est</span> <span class='ocrx_word' id='word_1_335' title='bbox 1330 2194 1587 2226; x_wconf 86' lang='lat' dir='ltr'>adolescentiae</span> 
     </span>
     <span class='ocr_line' id='line_1_69' title="bbox 895 2242 1588 2284; baseline 0.003 -11"><span class='ocrx_word' id='word_1_336' title='bbox 895 2242 1027 2279; x_wconf 88' lang='lat' dir='ltr'>tervor,</span> <span class='ocrx_word' id='word_1_337' title='bbox 1065 2244 1184 2274; x_wconf 90' lang='lat' dir='ltr'>tamen</span> <span class='ocrx_word' id='word_1_338' title='bbox 1219 2243 1421 2274; x_wconf 87' lang='lat' dir='ltr'>etiamnunc</span> <span class='ocrx_word' id='word_1_339' title='bbox 1454 2245 1488 2275; x_wconf 87' lang='lat' dir='ltr'>et</span> <span class='ocrx_word' id='word_1_340' title='bbox 1523 2253 1588 2284; x_wconf 88' lang='lat' dir='ltr'>po-</span> 
     </span>
     <span class='ocr_line' id='line_1_70' title="bbox 892 2290 1586 2324; baseline 0.004 -3"><span class='ocrx_word' id='word_1_341' title='bbox 892 2290 997 2322; x_wconf 87' lang='lat' dir='ltr'>tando</span> <span class='ocrx_word' id='word_1_342' title='bbox 1037 2292 1071 2322; x_wconf 91' lang='lat' dir='ltr'>ct</span> <span class='ocrx_word' id='word_1_343' title='bbox 1109 2292 1261 2323; x_wconf 87' lang='lat' dir='ltr'>amando</span> <span class='ocrx_word' id='word_1_344' title='bbox 1306 2301 1370 2324; x_wconf 90' lang='lat' dir='ltr'>nos</span> <span class='ocrx_word' id='word_1_345' title='bbox 1408 2292 1586 2324; x_wconf 88' lang='lat' dir='ltr'>oblectare</span> 
     </span>
     <span class='ocr_line' id='line_1_71' title="bbox 891 2341 1586 2381; baseline 0.003 -10"><span class='ocrx_word' id='word_1_346' title='bbox 891 2348 1090 2380; x_wconf 90' lang='lat' dir='ltr'>possumus.</span> <span class='ocrx_word' id='word_1_347' title='bbox 1129 2341 1236 2381; x_wconf 84' lang='lat' dir='ltr'>Ergo,</span> <span class='ocrx_word' id='word_1_348' title='bbox 1273 2341 1358 2373; x_wconf 89' lang='lat' dir='ltr'>dum</span> <span class='ocrx_word' id='word_1_349' title='bbox 1392 2341 1489 2379; x_wconf 80' lang='lat' dir='ltr'>licet,</span> <span class='ocrx_word' id='word_1_350' title='bbox 1527 2350 1586 2373; x_wconf 92' lang='lat' dir='ltr'>sa-</span> 
     </span>
     <span class='ocr_line' id='line_1_72' title="bbox 890 2390 1584 2433; baseline 0.001 -13"><span class='ocrx_word' id='word_1_351' title='bbox 890 2390 1026 2430; x_wconf 87' lang='lat' dir='ltr'>pienter</span> <span class='ocrx_word' id='word_1_352' title='bbox 1056 2390 1124 2420; x_wconf 75' lang='lat' dir='ltr'>vita</span> <span class='ocrx_word' id='word_1_353' title='bbox 1155 2390 1346 2421; x_wconf 80' lang='lat' dir='ltr'>fruamur.»</span> <span class='ocrx_word' id='word_1_354' title='bbox 1375 2408 1411 2413; x_wconf 94' lang='lat'>—-</span> <span class='ocrx_word' id='word_1_355' title='bbox 1433 2391 1584 2433; x_wconf 77' lang='lat' dir='ltr'>platano]</span> 
     </span>
     <span class='ocr_line' id='line_1_73' title="bbox 889 2437 1582 2479; baseline 0.003 -10"><span class='ocrx_word' id='word_1_356' title='bbox 889 2439 1049 2479; x_wconf 63' lang='lat' dir='ltr'>genialem</span> <span class='ocrx_word' id='word_1_357' title='bbox 1066 2437 1244 2479; x_wconf 85' lang='lat' dir='ltr'>platanum</span> <span class='ocrx_word' id='word_1_358' title='bbox 1270 2439 1354 2470; x_wconf 79' lang='lat' dir='ltr'>dixit</span> <span class='ocrx_word' id='word_1_359' title='bbox 1377 2440 1473 2470; x_wconf 68' lang='lat' dir='ltr'>ovid.</span> <span class='ocrx_word' id='word_1_360' title='bbox 1502 2441 1582 2472; x_wconf 87' lang='lat' dir='ltr'>Met.</span> 
     </span>
     <span class='ocr_line' id='line_1_74' title="bbox 891 2488 1586 2528; baseline 0.001 -9"><span class='ocrx_word' id='word_1_361' title='bbox 891 2489 947 2526; x_wconf 67' lang='grc'>10,</span> <span class='ocrx_word' id='word_1_362' title='bbox 973 2488 1040 2526; x_wconf 82' lang='grc'>95.,</span> <span class='ocrx_word' id='word_1_363' title='bbox 1076 2489 1156 2528; x_wconf 90' lang='lat' dir='ltr'>quia</span> <span class='ocrx_word' id='word_1_364' title='bbox 1189 2488 1256 2519; x_wconf 90' lang='lat' dir='ltr'>sub</span> <span class='ocrx_word' id='word_1_365' title='bbox 1289 2489 1363 2519; x_wconf 87' lang='lat' dir='ltr'>eius</span> <span class='ocrx_word' id='word_1_366' title='bbox 1394 2488 1519 2520; x_wconf 87' lang='lat' dir='ltr'>umbra</span> <span class='ocrx_word' id='word_1_367' title='bbox 1544 2488 1586 2520; x_wconf 90' lang='lat' dir='ltr'>li-</span> 
     </span>
     <span class='ocr_line' id='line_1_75' title="bbox 890 2536 1581 2577; baseline 0.001 -9"><span class='ocrx_word' id='word_1_368' title='bbox 890 2536 1014 2568; x_wconf 86' lang='lat' dir='ltr'>benter</span> <span class='ocrx_word' id='word_1_369' title='bbox 1044 2538 1144 2577; x_wconf 79' lang='lat' dir='ltr'>genio</span> <span class='ocrx_word' id='word_1_370' title='bbox 1175 2537 1401 2577; x_wconf 79' lang='lat' dir='ltr'>indulgebant</span> <span class='ocrx_word' id='word_1_371' title='bbox 1424 2539 1581 2569; x_wconf 82' lang='lat' dir='ltr'>Romani.</span> 
     </span>
     <span class='ocr_line' id='line_1_76' title="bbox 892 2585 1583 2627; baseline 0.003 -11"><span class='ocrx_word' id='word_1_372' title='bbox 892 2603 926 2608; x_wconf 91' lang='lat'>—</span> <span class='ocrx_word' id='word_1_373' title='bbox 952 2586 1002 2617; x_wconf 84' lang='lat' dir='ltr'>vei</span> <span class='ocrx_word' id='word_1_374' title='bbox 1024 2587 1095 2627; x_wconf 75' lang='lat' dir='ltr'>hac]</span> <span class='ocrx_word' id='word_1_375' title='bbox 1129 2586 1349 2627; x_wconf 83' lang='lat' dir='ltr'>Reprehendi</span> <span class='ocrx_word' id='word_1_376' title='bbox 1374 2585 1463 2618; x_wconf 81' lang='lat' dir='ltr'>solet</span> <span class='ocrx_word' id='word_1_377' title='bbox 1485 2596 1504 2617; x_wconf 90' lang='lat' dir='ltr'>a</span> <span class='ocrx_word' id='word_1_378' title='bbox 1529 2586 1583 2618; x_wconf 90' lang='lat' dir='ltr'>lu-</span> 
     </span>
     <span class='ocr_line' id='line_1_77' title="bbox 888 2635 1579 2675; baseline 0.003 -9"><span class='ocrx_word' id='word_1_379' title='bbox 888 2635 1013 2668; x_wconf 87' lang='lat' dir='ltr'>dorum</span> <span class='ocrx_word' id='word_1_380' title='bbox 1038 2636 1212 2675; x_wconf 83' lang='lat' dir='ltr'>magistris</span> <span class='ocrx_word' id='word_1_381' title='bbox 1236 2636 1291 2666; x_wconf 85' lang='lat' dir='ltr'>hic</span> <span class='ocrx_word' id='word_1_382' title='bbox 1315 2644 1439 2667; x_wconf 72' lang='lat' dir='ltr'>versus</span> <span class='ocrx_word' id='word_1_383' title='bbox 1457 2636 1579 2672; x_wconf 78' lang='lat' dir='ltr'>exitus;</span> 
     </span>
     <span class='ocr_line' id='line_1_78' title="bbox 888 2685 1581 2726; baseline -0.001 -10"><span class='ocrx_word' id='word_1_384' title='bbox 888 2686 987 2726; x_wconf 89' lang='lat' dir='ltr'>quasi</span> <span class='ocrx_word' id='word_1_385' title='bbox 1012 2694 1094 2716; x_wconf 88' lang='lat' dir='ltr'>vero</span> <span class='ocrx_word' id='word_1_386' title='bbox 1119 2685 1351 2726; x_wconf 83' lang='lat' dir='ltr'>peritissimus</span> <span class='ocrx_word' id='word_1_387' title='bbox 1375 2685 1497 2717; x_wconf 79' lang='lat' dir='ltr'>artifex</span> <span class='ocrx_word' id='word_1_388' title='bbox 1515 2685 1581 2716; x_wconf 84' lang='lat' dir='ltr'>hac</span> 
     </span>
     <span class='ocr_line' id='line_1_79' title="bbox 888 2733 1580 2774; baseline 0.001 -10"><span class='ocrx_word' id='word_1_389' title='bbox 888 2733 960 2774; x_wconf 88' lang='lat' dir='ltr'>ipsa</span> <span class='ocrx_word' id='word_1_390' title='bbox 1014 2743 1137 2766; x_wconf 82' lang='lat' dir='ltr'>versus</span> <span class='ocrx_word' id='word_1_391' title='bbox 1191 2733 1466 2766; x_wconf 75' lang='lat' dir='ltr'>conformatione</span> <span class='ocrx_word' id='word_1_392' title='bbox 1513 2743 1580 2765; x_wconf 83' lang='lat' dir='ltr'>nou</span> 
     </span>
    </p>
   </div>
  </div>
 </body>
</html>
