<?xml version="1.0" encoding="UTF-8"?>
<!DOCTYPE html PUBLIC "-//W3C//DTD XHTML 1.0 Transitional//EN"
    "http://www.w3.org/TR/xhtml1/DTD/xhtml1-transitional.dtd">
<html xmlns="http://www.w3.org/1999/xhtml" xml:lang="en" lang="en">
 <head>
  <title>
</title>
<meta http-equiv="Content-Type" content="text/html;charset=utf-8" />
  <meta name='ocr-system' content='tesseract 3.04.00' />
  <meta name='ocr-capabilities' content='ocr_page ocr_carea ocr_par ocr_line ocrx_word'/>
</head>
<body>
  <div class='ocr_page' id='page_1' title='image "./qhoratiusflaccus01horauoft/qhoratiusflaccus01horauoft_0446.png"; bbox 0 0 1997 3219; ppageno 0'>
   <div class='ocr_carea' id='block_1_1' title="bbox 331 185 1250 226">
    <p class='ocr_par' dir='ltr' id='par_1_1' title="bbox 331 185 1250 226">
     <span class='ocr_line' id='line_1_1' title="bbox 331 185 1250 226; baseline 0.008 -12"><span class='ocrx_word' id='word_1_1' title='bbox 331 185 411 226; x_wconf 65' lang='lat'>39⁶2</span> <span class='ocrx_word' id='word_1_2' title='bbox 839 190 1004 221; x_wconf 64' lang='lat' dir='ltr'>uonwu</span> <span class='ocrx_word' id='word_1_3' title='bbox 1032 191 1250 223; x_wconf 63' lang='lat' dir='ltr'>(mmmm</span> 
     </span>
    </p>
   </div>
   <div class='ocr_carea' id='block_1_2' title="bbox 814 525 1287 568">
    <p class='ocr_par' dir='ltr' id='par_1_2' title="bbox 814 525 1287 568">
     <span class='ocr_line' id='line_1_2' title="bbox 814 525 1287 568; baseline -0.002 -2"><span class='ocrx_word' id='word_1_4' title='bbox 814 525 1124 568; x_wconf 66' lang='lat' dir='ltr'><strong>CARNOEN</strong></span> <span class='ocrx_word' id='word_1_5' title='bbox 1161 527 1287 566; x_wconf 75' lang='lat' dir='ltr'>vn.</span> 
     </span>
    </p>
   </div>
   <div class='ocr_carea' id='block_1_3' title="bbox 553 636 1480 761">
    <p class='ocr_par' dir='ltr' id='par_1_3' title="bbox 553 636 1480 761">
     <span class='ocr_line' id='line_1_3' title="bbox 553 636 1480 695; baseline 0 -16"><span class='ocrx_word' id='word_1_6' title='bbox 553 637 665 689; x_wconf 82' lang='lat' dir='ltr'>Quid</span> <span class='ocrx_word' id='word_1_7' title='bbox 698 636 799 686; x_wconf 81' lang='lat' dir='ltr'>fles,</span> <span class='ocrx_word' id='word_1_8' title='bbox 832 638 1016 686; x_wconf 75' lang='lat' dir='ltr'>Asterie,</span> <span class='ocrx_word' id='word_1_9' title='bbox 1049 652 1179 695; x_wconf 88' lang='lat' dir='ltr'>quem</span> <span class='ocrx_word' id='word_1_10' title='bbox 1209 638 1282 681; x_wconf 91' lang='lat' dir='ltr'>tibi</span> <span class='ocrx_word' id='word_1_11' title='bbox 1314 639 1480 681; x_wconf 84' lang='lat' dir='ltr'>candidi</span> 
     </span>
     <span class='ocr_line' id='line_1_4' title="bbox 554 718 1281 761; baseline 0 -2"><span class='ocrx_word' id='word_1_12' title='bbox 554 718 694 760; x_wconf 87' lang='lat' dir='ltr'>Primo</span> <span class='ocrx_word' id='word_1_13' title='bbox 726 718 948 761; x_wconf 87' lang='lat' dir='ltr'>restituent</span> <span class='ocrx_word' id='word_1_14' title='bbox 977 732 1078 761; x_wconf 89' lang='lat' dir='ltr'>vere</span> <span class='ocrx_word' id='word_1_15' title='bbox 1110 719 1281 761; x_wconf 86' lang='lat' dir='ltr'>Favonii</span> 
     </span>
    </p>
   </div>
   <div class='ocr_carea' id='block_1_4' title="bbox 610 798 1157 855">
    <p class='ocr_par' dir='ltr' id='par_1_4' title="bbox 610 798 1157 855">
     <span class='ocr_line' id='line_1_5' title="bbox 610 798 1157 855; baseline 0.004 -16"><span class='ocrx_word' id='word_1_16' title='bbox 610 798 756 855; x_wconf 81' lang='lat' dir='ltr'>Thyna</span> <span class='ocrx_word' id='word_1_17' title='bbox 786 812 929 841; x_wconf 89' lang='lat' dir='ltr'>merce</span> <span class='ocrx_word' id='word_1_18' title='bbox 960 798 1132 841; x_wconf 86' lang='lat' dir='ltr'>beatum</span> <span class='ocrx_word' id='word_1_19' title='bbox 1150 834 1157 847; x_wconf 92' lang='lat'>‚</span> 
     </span>
    </p>
   </div>
   <div class='ocr_carea' id='block_1_5' title="bbox 667 879 1270 927">
    <p class='ocr_par' dir='ltr' id='par_1_5' title="bbox 667 879 1270 927">
     <span class='ocr_line' id='line_1_6' title="bbox 667 879 1270 927; baseline 0 -6"><span class='ocrx_word' id='word_1_20' title='bbox 667 879 905 921; x_wconf 81' lang='lat' dir='ltr'>Constantis</span> <span class='ocrx_word' id='word_1_21' title='bbox 936 880 1134 922; x_wconf 90' lang='lat' dir='ltr'>iuvenem</span> <span class='ocrx_word' id='word_1_22' title='bbox 1164 879 1270 927; x_wconf 87' lang='lat' dir='ltr'>fide,</span> 
     </span>
    </p>
   </div>
   <div class='ocr_carea' id='block_1_6' title="bbox 554 983 1768 1041">
    <p class='ocr_par' dir='ltr' id='par_1_6' title="bbox 554 983 1768 1041">
     <span class='ocr_line' id='line_1_7' title="bbox 554 983 1768 1041; baseline -0.002 -14"><span class='ocrx_word' id='word_1_23' title='bbox 554 985 703 1041; x_wconf 81' lang='lat' dir='ltr'>Gygen</span> <span class='ocrx_word' id='word_1_24' title='bbox 722 984 742 1025; x_wconf 84' lang='lat'><strong>?</strong></span> <span class='ocrx_word' id='word_1_25' title='bbox 773 983 846 1026; x_wconf 86' lang='lat' dir='ltr'>Ille</span> <span class='ocrx_word' id='word_1_26' title='bbox 876 985 993 1026; x_wconf 91' lang='lat' dir='ltr'>Notis</span> <span class='ocrx_word' id='word_1_27' title='bbox 1025 990 1144 1026; x_wconf 89' lang='lat' dir='ltr'>actus</span> <span class='ocrx_word' id='word_1_28' title='bbox 1176 984 1230 1026; x_wconf 90' lang='lat' dir='ltr'>ad</span> <span class='ocrx_word' id='word_1_29' title='bbox 1262 985 1438 1028; x_wconf 87' lang='lat' dir='ltr'>Oricum</span> <span class='ocrx_word' id='word_1_30' title='bbox 1744 1001 1768 1026; x_wconf 74' lang='lat' dir='ltr'>o</span> 
     </span>
    </p>
   </div>
   <div class='ocr_carea' id='block_1_7' title="bbox 553 1064 1410 1121">
    <p class='ocr_par' dir='ltr' id='par_1_7' title="bbox 553 1064 1410 1121">
     <span class='ocr_line' id='line_1_8' title="bbox 553 1064 1410 1121; baseline 0.001 -15"><span class='ocrx_word' id='word_1_31' title='bbox 553 1066 652 1106; x_wconf 88' lang='lat' dir='ltr'>Post</span> <span class='ocrx_word' id='word_1_32' title='bbox 688 1064 837 1107; x_wconf 87' lang='lat' dir='ltr'>insana</span> <span class='ocrx_word' id='word_1_33' title='bbox 868 1065 1031 1120; x_wconf 83' lang='lat' dir='ltr'>Caprae</span> <span class='ocrx_word' id='word_1_34' title='bbox 1064 1064 1205 1107; x_wconf 84' lang='lat' dir='ltr'>sidera</span> <span class='ocrx_word' id='word_1_35' title='bbox 1237 1065 1410 1121; x_wconf 75' lang='lat' dir='ltr'>frigidas</span> 
     </span>
    </p>
   </div>
   <div class='ocr_carea' id='block_1_8' title="bbox 417 1169 1728 1211">
    <p class='ocr_par' dir='ltr' id='par_1_8' title="bbox 417 1169 1728 1211">
     <span class='ocr_line' id='line_1_9' title="bbox 417 1169 1728 1211; baseline 0.002 -10"><span class='ocrx_word' id='word_1_36' title='bbox 417 1171 487 1201; x_wconf 89' lang='lat' dir='ltr'>Vll.</span> <span class='ocrx_word' id='word_1_37' title='bbox 514 1171 623 1202; x_wconf 86' lang='lat' dir='ltr'>Inscr.</span> <span class='ocrx_word' id='word_1_38' title='bbox 653 1169 741 1211; x_wconf 82' lang='lat' dir='ltr'>volg.</span> <span class='ocrx_word' id='word_1_39' title='bbox 784 1170 833 1202; x_wconf 84' lang='lat' dir='ltr'>Ad</span> <span class='ocrx_word' id='word_1_40' title='bbox 854 1170 1024 1209; x_wconf 74' lang='lat' dir='ltr'><em>Asterien,</em></span> <span class='ocrx_word' id='word_1_41' title='bbox 1051 1173 1086 1203; x_wconf 88' lang='lat' dir='ltr'>et</span> <span class='ocrx_word' id='word_1_42' title='bbox 1109 1171 1159 1203; x_wconf 88' lang='lat' dir='ltr'>sic</span> <span class='ocrx_word' id='word_1_43' title='bbox 1183 1170 1295 1203; x_wconf 88' lang='lat' dir='ltr'>Bch.</span> <span class='ocrx_word' id='word_1_44' title='bbox 1326 1190 1360 1193; x_wconf 97' lang='lat'><strong>—</strong></span> <span class='ocrx_word' id='word_1_45' title='bbox 1386 1172 1435 1203; x_wconf 74' lang='lat' dir='ltr'>Aa</span> <span class='ocrx_word' id='word_1_46' title='bbox 1458 1173 1604 1204; x_wconf 73' lang='lat' dir='ltr'><em>Asterien</em></span> <span class='ocrx_word' id='word_1_47' title='bbox 1629 1173 1728 1203; x_wconf 75' lang='lat' dir='ltr'>amici</span> 
     </span>
    </p>
   </div>
   <div class='ocr_carea' id='block_1_9' title="bbox 374 1219 1291 1261">
    <p class='ocr_par' dir='ltr' id='par_1_9' title="bbox 374 1219 1291 1261">
     <span class='ocr_line' id='line_1_10' title="bbox 374 1219 1291 1261; baseline 0 -10"><span class='ocrx_word' id='word_1_48' title='bbox 374 1221 424 1251; x_wconf 74' lang='lat' dir='ltr'>sai</span> <span class='ocrx_word' id='word_1_49' title='bbox 447 1220 619 1261; x_wconf 63' lang='lat' dir='ltr'>coniugem</span> <span class='ocrx_word' id='word_1_50' title='bbox 642 1221 674 1251; x_wconf 88' lang='lat' dir='ltr'>S.</span> <span class='ocrx_word' id='word_1_51' title='bbox 714 1237 748 1242; x_wconf 75' lang='lat'>-—</span> <span class='ocrx_word' id='word_1_52' title='bbox 786 1219 817 1251; x_wconf 81' lang='lat'>4.</span> <span class='ocrx_word' id='word_1_53' title='bbox 845 1219 1013 1252; x_wconf 69' lang='lat' dir='ltr'>Constanti</span> <span class='ocrx_word' id='word_1_54' title='bbox 1037 1219 1143 1252; x_wconf 84' lang='lat' dir='ltr'>Aldus</span> <span class='ocrx_word' id='word_1_55' title='bbox 1170 1220 1264 1251; x_wconf 74' lang='lat'>4509.</span> <span class='ocrx_word' id='word_1_56' title='bbox 1285 1246 1291 1257; x_wconf 89' lang='lat'>,</span> 
     </span>
    </p>
   </div>
   <div class='ocr_carea' id='block_1_10' title="bbox 1326 1220 1725 1260">
    <p class='ocr_par' dir='ltr' id='par_1_10' title="bbox 1326 1220 1725 1260">
     <span class='ocr_line' id='line_1_11' title="bbox 1326 1220 1725 1260; baseline 0 -9"><span class='ocrx_word' id='word_1_57' title='bbox 1326 1229 1394 1251; x_wconf 91' lang='lat' dir='ltr'>non</span> <span class='ocrx_word' id='word_1_58' title='bbox 1421 1221 1515 1251; x_wconf 60' lang='lat'><strong>45⁴9.</strong></span> <span class='ocrx_word' id='word_1_59' title='bbox 1565 1220 1616 1260; x_wconf 82' lang='lat' dir='ltr'>(Ut</span> <span class='ocrx_word' id='word_1_60' title='bbox 1641 1229 1725 1257; x_wconf 90' lang='lat' dir='ltr'>nos,</span> 
     </span>
    </p>
   </div>
   <div class='ocr_carea' id='block_1_11' title="bbox 375 1268 1729 1359">
    <p class='ocr_par' dir='ltr' id='par_1_11' title="bbox 375 1268 1729 1359">
     <span class='ocr_line' id='line_1_12' title="bbox 375 1268 1729 1315; baseline -0.001 -14"><span class='ocrx_word' id='word_1_61' title='bbox 375 1278 498 1301; x_wconf 86' lang='lat' dir='ltr'>omnes</span> <span class='ocrx_word' id='word_1_62' title='bbox 523 1270 651 1307; x_wconf 81' lang='lat' dir='ltr'>nostri,</span> <span class='ocrx_word' id='word_1_63' title='bbox 684 1268 852 1308; x_wconf 82' lang='lat' dir='ltr'>Bentleii,</span> <span class='ocrx_word' id='word_1_64' title='bbox 878 1269 1057 1309; x_wconf 88' lang='lat' dir='ltr'>Pottierii.)</span> <span class='ocrx_word' id='word_1_65' title='bbox 1098 1287 1132 1291; x_wconf 86' lang='lat'>——</span> <span class='ocrx_word' id='word_1_66' title='bbox 1170 1269 1247 1309; x_wconf 73' lang='lat' dir='ltr'>fidei</span> <span class='ocrx_word' id='word_1_67' title='bbox 1270 1268 1395 1300; x_wconf 89' lang='lat' dir='ltr'>Bchd</span> <span class='ocrx_word' id='word_1_68' title='bbox 1420 1271 1454 1315; x_wconf 79' lang='lat' dir='ltr'>et</span> <span class='ocrx_word' id='word_1_69' title='bbox 1478 1278 1602 1301; x_wconf 84' lang='lat' dir='ltr'>omnes</span> <span class='ocrx_word' id='word_1_70' title='bbox 1626 1270 1729 1301; x_wconf 89' lang='lat' dir='ltr'>Bent-</span> 
     </span>
     <span class='ocr_line' id='line_1_13' title="bbox 375 1316 1724 1359; baseline 0 -10"><span class='ocrx_word' id='word_1_71' title='bbox 375 1318 429 1350; x_wconf 88' lang='lat' dir='ltr'>leii</span> <span class='ocrx_word' id='word_1_72' title='bbox 454 1320 597 1359; x_wconf 85' lang='lat' dir='ltr'>praeter</span> <span class='ocrx_word' id='word_1_73' title='bbox 619 1316 657 1357; x_wconf 78' lang='grc' dir='ltr'>ὁ,</span> <span class='ocrx_word' id='word_1_74' title='bbox 686 1319 743 1359; x_wconf 90' lang='lat' dir='ltr'>qui</span> <span class='ocrx_word' id='word_1_75' title='bbox 765 1319 834 1359; x_wconf 74' lang='lat' dir='ltr'><em>fidi.</em></span> <span class='ocrx_word' id='word_1_76' title='bbox 875 1318 926 1358; x_wconf 82' lang='lat' dir='ltr'>(Ut</span> <span class='ocrx_word' id='word_1_77' title='bbox 948 1327 1033 1356; x_wconf 91' lang='lat' dir='ltr'>nos,</span> <span class='ocrx_word' id='word_1_78' title='bbox 1061 1319 1100 1356; x_wconf 88' lang='lat' dir='ltr'>S,</span> <span class='ocrx_word' id='word_1_79' title='bbox 1127 1317 1249 1349; x_wconf 89' lang='lat' dir='ltr'>Lamb.</span> <span class='ocrx_word' id='word_1_80' title='bbox 1276 1317 1355 1358; x_wconf 84' lang='lat' dir='ltr'>aliq.</span> <span class='ocrx_word' id='word_1_81' title='bbox 1383 1320 1417 1349; x_wconf 71' lang='lat' dir='ltr'>et</span> <span class='ocrx_word' id='word_1_82' title='bbox 1443 1319 1585 1359; x_wconf 90' lang='lat' dir='ltr'>Cruquii</span> <span class='ocrx_word' id='word_1_83' title='bbox 1609 1318 1724 1357; x_wconf 76' lang='lat' dir='ltr'>unus)</span> 
     </span>
    </p>
   </div>
   <div class='ocr_carea' id='block_1_12' title="bbox 333 1411 1033 2779">
    <p class='ocr_par' dir='ltr' id='par_1_12' title="bbox 333 1411 1031 2287">
     <span class='ocr_line' id='line_1_14' title="bbox 377 1411 1029 1443; baseline -0.002 -1"><span class='ocrx_word' id='word_1_84' title='bbox 377 1411 444 1442; x_wconf 89' lang='lat' dir='ltr'>Vll.</span> <span class='ocrx_word' id='word_1_85' title='bbox 471 1411 630 1443; x_wconf 81' lang='lat' dir='ltr'>Asterien</span> <span class='ocrx_word' id='word_1_86' title='bbox 655 1411 856 1443; x_wconf 85' lang='lat' dir='ltr'>consolatur</span> <span class='ocrx_word' id='word_1_87' title='bbox 879 1411 922 1443; x_wconf 90' lang='lat' dir='ltr'>de</span> <span class='ocrx_word' id='word_1_88' title='bbox 944 1411 1029 1442; x_wconf 84' lang='lat' dir='ltr'>ami-</span> 
     </span>
     <span class='ocr_line' id='line_1_15' title="bbox 335 1460 1026 1492; baseline 0.001 -1"><span class='ocrx_word' id='word_1_89' title='bbox 335 1462 364 1491; x_wconf 76' lang='lat' dir='ltr'>ci</span> <span class='ocrx_word' id='word_1_90' title='bbox 389 1460 566 1492; x_wconf 87' lang='lat' dir='ltr'>absentia:</span> <span class='ocrx_word' id='word_1_91' title='bbox 593 1461 686 1492; x_wconf 89' lang='lat' dir='ltr'>hunc</span> <span class='ocrx_word' id='word_1_92' title='bbox 709 1460 851 1492; x_wconf 87' lang='lat' dir='ltr'>fidelem</span> <span class='ocrx_word' id='word_1_93' title='bbox 882 1470 1026 1492; x_wconf 86' lang='lat' dir='ltr'>manere</span> 
     </span>
     <span class='ocr_line' id='line_1_16' title="bbox 334 1509 1028 1550; baseline 0.001 -10"><span class='ocrx_word' id='word_1_94' title='bbox 334 1510 399 1540; x_wconf 81' lang='lat' dir='ltr'>etsi</span> <span class='ocrx_word' id='word_1_95' title='bbox 423 1509 467 1540; x_wconf 85' lang='lat' dir='ltr'>ab</span> <span class='ocrx_word' id='word_1_96' title='bbox 492 1509 628 1550; x_wconf 84' lang='lat' dir='ltr'>hospita</span> <span class='ocrx_word' id='word_1_97' title='bbox 645 1511 832 1547; x_wconf 83' lang='lat' dir='ltr'>tentatum;</span> <span class='ocrx_word' id='word_1_98' title='bbox 860 1509 1028 1550; x_wconf 87' lang='lat' dir='ltr'>puellam-</span> 
     </span>
     <span class='ocr_line' id='line_1_17' title="bbox 334 1559 1026 1598; baseline 0.001 -9"><span class='ocrx_word' id='word_1_99' title='bbox 334 1567 402 1598; x_wconf 85' lang='lat' dir='ltr'>que</span> <span class='ocrx_word' id='word_1_100' title='bbox 440 1559 595 1591; x_wconf 81' lang='lat' dir='ltr'>vicissim</span> <span class='ocrx_word' id='word_1_101' title='bbox 633 1559 677 1590; x_wconf 91' lang='lat' dir='ltr'>ad</span> <span class='ocrx_word' id='word_1_102' title='bbox 722 1560 955 1591; x_wconf 79' lang='lat' dir='ltr'>constantiam</span> <span class='ocrx_word' id='word_1_103' title='bbox 993 1560 1026 1591; x_wconf 89' lang='lat' dir='ltr'>in</span> 
     </span>
     <span class='ocr_line' id='line_1_18' title="bbox 334 1608 1027 1649; baseline 0.003 -11"><span class='ocrx_word' id='word_1_104' title='bbox 334 1616 454 1639; x_wconf 81' lang='lat' dir='ltr'>amore</span> <span class='ocrx_word' id='word_1_105' title='bbox 472 1609 644 1647; x_wconf 84' lang='lat' dir='ltr'>hortatur,</span> <span class='ocrx_word' id='word_1_106' title='bbox 668 1617 758 1649; x_wconf 86' lang='lat' dir='ltr'>quae</span> <span class='ocrx_word' id='word_1_107' title='bbox 775 1609 845 1640; x_wconf 89' lang='lat' dir='ltr'>iam</span> <span class='ocrx_word' id='word_1_108' title='bbox 862 1609 906 1640; x_wconf 86' lang='lat' dir='ltr'>ad</span> <span class='ocrx_word' id='word_1_109' title='bbox 921 1608 1027 1640; x_wconf 77' lang='lat' dir='ltr'>aliun}</span> 
     </span>
     <span class='ocr_line' id='line_1_19' title="bbox 333 1656 1026 1690; baseline 0.003 -3"><span class='ocrx_word' id='word_1_110' title='bbox 333 1656 527 1689; x_wconf 73' lang='lat' dir='ltr'>formosum</span> <span class='ocrx_word' id='word_1_111' title='bbox 565 1656 828 1689; x_wconf 82' lang='lat' dir='ltr'>adolescentem</span> <span class='ocrx_word' id='word_1_112' title='bbox 870 1659 1026 1690; x_wconf 84' lang='lat' dir='ltr'>animum</span> 
     </span>
     <span class='ocr_line' id='line_1_20' title="bbox 335 1705 1029 1746; baseline 0.001 -9"><span class='ocrx_word' id='word_1_113' title='bbox 335 1705 527 1738; x_wconf 82' lang='lat' dir='ltr'>inclinarat.</span> <span class='ocrx_word' id='word_1_114' title='bbox 554 1707 614 1739; x_wconf 86' lang='lat' dir='ltr'>Est</span> <span class='ocrx_word' id='word_1_115' title='bbox 627 1707 726 1746; x_wconf 83' lang='lat' dir='ltr'>quasi</span> <span class='ocrx_word' id='word_1_116' title='bbox 740 1705 923 1738; x_wconf 81' lang='grc' dir='ltr'><em>εἰὸύλλιον</em></span> <span class='ocrx_word' id='word_1_117' title='bbox 936 1716 1029 1738; x_wconf 91' lang='lat' dir='ltr'>mer-</span> 
     </span>
     <span class='ocr_line' id='line_1_21' title="bbox 335 1756 1027 1797; baseline 0.001 -11"><span class='ocrx_word' id='word_1_118' title='bbox 335 1757 494 1788; x_wconf 67' lang='lat' dir='ltr'>catorum</span> <span class='ocrx_word' id='word_1_119' title='bbox 530 1756 638 1787; x_wconf 89' lang='lat' dir='ltr'>vitam</span> <span class='ocrx_word' id='word_1_120' title='bbox 672 1765 883 1797; x_wconf 85' lang='lat' dir='ltr'>amoresque</span> <span class='ocrx_word' id='word_1_121' title='bbox 918 1756 1027 1796; x_wconf 73' lang='lat' dir='ltr'>lyrice</span> 
     </span>
     <span class='ocr_line' id='line_1_22' title="bbox 335 1804 1027 1846; baseline 0.003 -11"><span class='ocrx_word' id='word_1_122' title='bbox 335 1804 555 1837; x_wconf 85' lang='lat' dir='ltr'>describens.</span> <span class='ocrx_word' id='word_1_123' title='bbox 596 1806 732 1836; x_wconf 90' lang='lat' dir='ltr'>Asterie</span> <span class='ocrx_word' id='word_1_124' title='bbox 750 1807 886 1843; x_wconf 78' lang='lat' dir='ltr'>autem,</span> <span class='ocrx_word' id='word_1_125' title='bbox 913 1807 1027 1846; x_wconf 79' lang='lat' dir='ltr'>Gyges</span> 
     </span>
     <span class='ocr_line' id='line_1_23' title="bbox 336 1853 1026 1895; baseline 0.001 -10"><span class='ocrx_word' id='word_1_126' title='bbox 336 1855 482 1893; x_wconf 84' lang='lat' dir='ltr'>eiusque</span> <span class='ocrx_word' id='word_1_127' title='bbox 518 1854 656 1894; x_wconf 89' lang='lat' dir='ltr'>hospita</span> <span class='ocrx_word' id='word_1_128' title='bbox 691 1853 816 1892; x_wconf 77' lang='lat' dir='ltr'>Chloe,</span> <span class='ocrx_word' id='word_1_129' title='bbox 862 1855 1026 1895; x_wconf 88' lang='lat' dir='ltr'>Enipeus</span> 
     </span>
     <span class='ocr_line' id='line_1_24' title="bbox 337 1904 1026 1944; baseline 0.003 -11"><span class='ocrx_word' id='word_1_130' title='bbox 337 1912 460 1934; x_wconf 84' lang='lat' dir='ltr'>omnes</span> <span class='ocrx_word' id='word_1_131' title='bbox 472 1904 553 1934; x_wconf 88' lang='lat' dir='ltr'>sunt</span> <span class='ocrx_word' id='word_1_132' title='bbox 569 1912 742 1944; x_wconf 89' lang='lat' dir='ltr'>personae</span> <span class='ocrx_word' id='word_1_133' title='bbox 756 1912 774 1934; x_wconf 88' lang='lat' dir='ltr'>a</span> <span class='ocrx_word' id='word_1_134' title='bbox 791 1905 895 1944; x_wconf 80' lang='lat' dir='ltr'>poeta</span> <span class='ocrx_word' id='word_1_135' title='bbox 912 1904 1026 1935; x_wconf 82' lang='lat' dir='ltr'>fictae</span> 
     </span>
     <span class='ocr_line' id='line_1_25' title="bbox 336 1952 1030 1992; baseline 0.001 -8"><span class='ocrx_word' id='word_1_136' title='bbox 336 1954 405 1984; x_wconf 93' lang='lat' dir='ltr'>Nos</span> <span class='ocrx_word' id='word_1_137' title='bbox 423 1952 566 1992; x_wconf 85' lang='lat' dir='ltr'>quidem</span> <span class='ocrx_word' id='word_1_138' title='bbox 591 1952 634 1983; x_wconf 88' lang='lat' dir='ltr'>ad</span> <span class='ocrx_word' id='word_1_139' title='bbox 651 1961 683 1983; x_wconf 87' lang='lat' dir='ltr'>v.</span> <span class='ocrx_word' id='word_1_140' title='bbox 704 1953 755 1984; x_wconf 75' lang='lat'>40.</span> <span class='ocrx_word' id='word_1_141' title='bbox 774 1953 862 1984; x_wconf 88' lang='lat' dir='ltr'>haec</span> <span class='ocrx_word' id='word_1_142' title='bbox 886 1953 1030 1985; x_wconf 87' lang='lat' dir='ltr'>Schola-</span> 
     </span>
     <span class='ocr_line' id='line_1_26' title="bbox 337 2001 1030 2042; baseline 0.001 -9"><span class='ocrx_word' id='word_1_143' title='bbox 337 2002 413 2034; x_wconf 87' lang='lat' dir='ltr'>stici</span> <span class='ocrx_word' id='word_1_144' title='bbox 437 2001 621 2033; x_wconf 86' lang='lat' dir='ltr'>cuiusdam</span> <span class='ocrx_word' id='word_1_145' title='bbox 651 2002 850 2042; x_wconf 84' lang='lat' dir='ltr'>interpretis</span> <span class='ocrx_word' id='word_1_146' title='bbox 877 2012 933 2034; x_wconf 77' lang='lat' dir='ltr'>vv.</span> <span class='ocrx_word' id='word_1_147' title='bbox 960 2012 1030 2034; x_wconf 91' lang='lat' dir='ltr'>non</span> 
     </span>
     <span class='ocr_line' id='line_1_27' title="bbox 338 2050 1031 2084; baseline 0.003 -2"><span class='ocrx_word' id='word_1_148' title='bbox 338 2050 597 2083; x_wconf 84' lang='lat' dir='ltr'>exscribemus:</span> <span class='ocrx_word' id='word_1_149' title='bbox 641 2051 824 2083; x_wconf 86' lang='lat' dir='ltr'>«Debuere</span> <span class='ocrx_word' id='word_1_150' title='bbox 849 2052 938 2084; x_wconf 91' lang='lat' dir='ltr'>adeo</span> <span class='ocrx_word' id='word_1_151' title='bbox 962 2054 1031 2084; x_wconf 85' lang='lat' dir='ltr'>Ro-</span> 
     </span>
     <span class='ocr_line' id='line_1_28' title="bbox 339 2099 1031 2133; baseline 0.003 -2"><span class='ocrx_word' id='word_1_152' title='bbox 339 2109 417 2131; x_wconf 86' lang='lat' dir='ltr'>mae</span> <span class='ocrx_word' id='word_1_153' title='bbox 450 2100 520 2131; x_wconf 91' lang='lat' dir='ltr'>noti</span> <span class='ocrx_word' id='word_1_154' title='bbox 545 2109 623 2131; x_wconf 86' lang='lat' dir='ltr'>esse</span> <span class='ocrx_word' id='word_1_155' title='bbox 648 2099 774 2131; x_wconf 83' lang='lat' dir='ltr'>Chlo&#39;es</span> <span class='ocrx_word' id='word_1_156' title='bbox 805 2110 925 2133; x_wconf 85' lang='lat' dir='ltr'>mores</span> <span class='ocrx_word' id='word_1_157' title='bbox 953 2110 1031 2133; x_wconf 89' lang='lat' dir='ltr'>me-</span> 
     </span>
     <span class='ocr_line' id='line_1_29' title="bbox 338 2149 1030 2191; baseline 0.006 -12"><span class='ocrx_word' id='word_1_158' title='bbox 338 2149 477 2180; x_wconf 84' lang='lat' dir='ltr'>retricii.</span> <span class='ocrx_word' id='word_1_159' title='bbox 493 2162 507 2176; x_wconf 85' lang='lat'>»</span> <span class='ocrx_word' id='word_1_160' title='bbox 565 2149 852 2189; x_wconf 84' lang='lat' dir='ltr'>(Compositionis</span> <span class='ocrx_word' id='word_1_161' title='bbox 889 2152 1030 2191; x_wconf 84' lang='lat' dir='ltr'>tempus</span> 
     </span>
     <span class='ocr_line' id='line_1_30' title="bbox 340 2199 1031 2238; baseline 0.003 -9"><span class='ocrx_word' id='word_1_162' title='bbox 340 2206 486 2238; x_wconf 84' lang='lat' dir='ltr'>prorsus</span> <span class='ocrx_word' id='word_1_163' title='bbox 524 2199 697 2229; x_wconf 74' lang='lat' dir='ltr'>inem-tum</span> <span class='ocrx_word' id='word_1_164' title='bbox 738 2201 803 2230; x_wconf 76' lang='lat' dir='ltr'>cst.</span> <span class='ocrx_word' id='word_1_165' title='bbox 866 2199 1031 2231; x_wconf 84' lang='lat' dir='ltr'>Referunt</span> 
     </span>
     <span class='ocr_line' id='line_1_31' title="bbox 340 2246 846 2287; baseline 0.002 -9"><span class='ocrx_word' id='word_1_166' title='bbox 340 2246 491 2278; x_wconf 83' lang='lat' dir='ltr'>nonnulli</span> <span class='ocrx_word' id='word_1_167' title='bbox 516 2247 560 2277; x_wconf 85' lang='lat' dir='ltr'>ad</span> <span class='ocrx_word' id='word_1_168' title='bbox 584 2256 614 2278; x_wconf 86' lang='lat' dir='ltr'>a.</span> <span class='ocrx_word' id='word_1_169' title='bbox 642 2256 674 2278; x_wconf 90' lang='lat' dir='ltr'>u.</span> <span class='ocrx_word' id='word_1_170' title='bbox 701 2256 731 2278; x_wconf 83' lang='lat' dir='ltr'>c.</span> <span class='ocrx_word' id='word_1_171' title='bbox 757 2248 846 2287; x_wconf 62' lang='lat'>7⁶29.)</span> 
     </span>
    </p>

    <p class='ocr_par' dir='ltr' id='par_1_13' title="bbox 338 2296 1033 2779">
     <span class='ocr_line' id='line_1_32' title="bbox 384 2296 1031 2337; baseline 0.005 -10"><span class='ocrx_word' id='word_1_172' title='bbox 384 2298 413 2327; x_wconf 70' lang='lat'>⁴.</span> <span class='ocrx_word' id='word_1_173' title='bbox 441 2305 537 2335; x_wconf 81' lang='lat' dir='ltr'>quem</span> <span class='ocrx_word' id='word_1_174' title='bbox 559 2296 626 2337; x_wconf 77' lang='lat' dir='ltr'>cibi]</span> <span class='ocrx_word' id='word_1_175' title='bbox 655 2297 755 2336; x_wconf 77' lang='lat' dir='ltr'>Finge</span> <span class='ocrx_word' id='word_1_176' title='bbox 782 2297 841 2328; x_wconf 84' lang='lat' dir='ltr'>tibi</span> <span class='ocrx_word' id='word_1_177' title='bbox 867 2298 1031 2330; x_wconf 68' lang='lat' dir='ltr'>iuvenem</span> 
     </span>
     <span class='ocr_line' id='line_1_33' title="bbox 340 2346 1033 2388; baseline 0.001 -11"><span class='ocrx_word' id='word_1_178' title='bbox 340 2348 592 2382; x_wconf 82' lang='lat' dir='ltr'>mercatorem,</span> <span class='ocrx_word' id='word_1_179' title='bbox 615 2346 673 2385; x_wconf 90' lang='lat' dir='ltr'>qui</span> <span class='ocrx_word' id='word_1_180' title='bbox 691 2346 723 2376; x_wconf 91' lang='lat' dir='ltr'>in</span> <span class='ocrx_word' id='word_1_181' title='bbox 740 2346 937 2386; x_wconf 81' lang='lat' dir='ltr'>Bithyniam</span> <span class='ocrx_word' id='word_1_182' title='bbox 954 2356 1033 2388; x_wconf 90' lang='lat' dir='ltr'>pro-</span> 
     </span>
     <span class='ocr_line' id='line_1_34' title="bbox 341 2394 1031 2437; baseline 0.003 -11"><span class='ocrx_word' id='word_1_183' title='bbox 341 2396 452 2426; x_wconf 82' lang='lat' dir='ltr'>fcctus</span> <span class='ocrx_word' id='word_1_184' title='bbox 469 2395 572 2425; x_wconf 73' lang='lat' dir='ltr'>variis</span> <span class='ocrx_word' id='word_1_185' title='bbox 593 2394 772 2425; x_wconf 75' lang='lat' dir='ltr'>mercibus</span> <span class='ocrx_word' id='word_1_186' title='bbox 797 2395 843 2432; x_wconf 76' lang='lat' dir='ltr'>ibi</span> <span class='ocrx_word' id='word_1_187' title='bbox 860 2397 1031 2437; x_wconf 75' lang='lat' dir='ltr'>coemptis</span> 
     </span>
     <span class='ocr_line' id='line_1_35' title="bbox 339 2443 1030 2485; baseline 0.006 -12"><span class='ocrx_word' id='word_1_188' title='bbox 339 2443 644 2485; x_wconf 78' lang='lat' dir='ltr'>appropinquante</span> <span class='ocrx_word' id='word_1_189' title='bbox 699 2444 814 2475; x_wconf 87' lang='lat' dir='ltr'>hieme</span> <span class='ocrx_word' id='word_1_190' title='bbox 871 2445 1030 2485; x_wconf 84' lang='lat' dir='ltr'>rediens,</span> 
     </span>
     <span class='ocr_line' id='line_1_36' title="bbox 340 2491 1033 2526; baseline 0.004 -3"><span class='ocrx_word' id='word_1_191' title='bbox 340 2493 451 2523; x_wconf 77' lang='lat' dir='ltr'>ventis</span> <span class='ocrx_word' id='word_1_192' title='bbox 482 2491 639 2524; x_wconf 86' lang='lat' dir='ltr'>adversis</span> <span class='ocrx_word' id='word_1_193' title='bbox 664 2492 707 2523; x_wconf 86' lang='lat' dir='ltr'>ad</span> <span class='ocrx_word' id='word_1_194' title='bbox 732 2493 871 2525; x_wconf 79' lang='lat' dir='ltr'>Oricum</span> <span class='ocrx_word' id='word_1_195' title='bbox 896 2493 1033 2526; x_wconf 79' lang='lat' dir='ltr'>delatus</span> 
     </span>
     <span class='ocr_line' id='line_1_37' title="bbox 338 2540 1032 2582; baseline 0.006 -10"><span class='ocrx_word' id='word_1_196' title='bbox 338 2544 443 2582; x_wconf 84' lang='lat' dir='ltr'>atquc</span> <span class='ocrx_word' id='word_1_197' title='bbox 481 2540 694 2581; x_wconf 79' lang='lat' dir='ltr'>aliquamdiu</span> <span class='ocrx_word' id='word_1_198' title='bbox 733 2542 912 2581; x_wconf 83' lang='lat' dir='ltr'>detentus,</span> <span class='ocrx_word' id='word_1_199' title='bbox 951 2553 1032 2576; x_wconf 91' lang='lat' dir='ltr'>cum</span> 
     </span>
     <span class='ocr_line' id='line_1_38' title="bbox 341 2589 1033 2629; baseline 0.004 -8"><span class='ocrx_word' id='word_1_200' title='bbox 341 2600 437 2622; x_wconf 85' lang='lat' dir='ltr'>marc</span> <span class='ocrx_word' id='word_1_201' title='bbox 462 2591 530 2622; x_wconf 88' lang='lat' dir='ltr'>iam</span> <span class='ocrx_word' id='word_1_202' title='bbox 553 2589 711 2622; x_wconf 90' lang='lat' dir='ltr'>clausum</span> <span class='ocrx_word' id='word_1_203' title='bbox 729 2593 839 2629; x_wconf 76' lang='lat' dir='ltr'>essct,</span> <span class='ocrx_word' id='word_1_204' title='bbox 867 2601 955 2623; x_wconf 75' lang='lat' dir='ltr'>novo</span> <span class='ocrx_word' id='word_1_205' title='bbox 973 2593 1033 2624; x_wconf 86' lang='lat' dir='ltr'>dc-</span> 
     </span>
     <span class='ocr_line' id='line_1_39' title="bbox 339 2638 1032 2682; baseline 0.003 -12"><span class='ocrx_word' id='word_1_206' title='bbox 339 2648 438 2670; x_wconf 87' lang='lat' dir='ltr'>mum</span> <span class='ocrx_word' id='word_1_207' title='bbox 468 2648 551 2670; x_wconf 72' lang='lat' dir='ltr'>vere</span> <span class='ocrx_word' id='word_1_208' title='bbox 581 2638 624 2670; x_wconf 86' lang='lat' dir='ltr'>ad</span> <span class='ocrx_word' id='word_1_209' title='bbox 653 2639 802 2672; x_wconf 83' lang='lat' dir='ltr'>amicam</span> <span class='ocrx_word' id='word_1_210' title='bbox 827 2640 941 2672; x_wconf 85' lang='lat' dir='ltr'>rcdirc</span> <span class='ocrx_word' id='word_1_211' title='bbox 967 2650 1032 2682; x_wconf 91' lang='lat' dir='ltr'>po-</span> 
     </span>
     <span class='ocr_line' id='line_1_40' title="bbox 341 2689 1030 2730; baseline 0.004 -11"><span class='ocrx_word' id='word_1_212' title='bbox 341 2689 429 2719; x_wconf 83' lang='lat' dir='ltr'>tcrit.</span> <span class='ocrx_word' id='word_1_213' title='bbox 461 2707 494 2710; x_wconf 91' lang='lat'>—</span> <span class='ocrx_word' id='word_1_214' title='bbox 514 2689 656 2730; x_wconf 76' lang='lat' dir='ltr'>candidi]</span> <span class='ocrx_word' id='word_1_215' title='bbox 686 2690 837 2727; x_wconf 86' lang='lat' dir='ltr'>»sereni,</span> <span class='ocrx_word' id='word_1_216' title='bbox 866 2689 1030 2722; x_wconf 82' lang='lat' dir='ltr'>hibernas</span> 
     </span>
     <span class='ocr_line' id='line_1_41' title="bbox 340 2737 1028 2779; baseline 0.006 -11"><span class='ocrx_word' id='word_1_217' title='bbox 340 2737 453 2770; x_wconf 77' lang='lat' dir='ltr'>nubes</span> <span class='ocrx_word' id='word_1_218' title='bbox 478 2738 692 2779; x_wconf 63' lang='lat' dir='ltr'>abigentes„</span> <span class='ocrx_word' id='word_1_219' title='bbox 730 2738 837 2772; x_wconf 83' lang='lat' dir='ltr'>Plaut.</span> <span class='ocrx_word' id='word_1_220' title='bbox 864 2740 970 2772; x_wconf 80' lang='lat' dir='ltr'>Merc.</span> <span class='ocrx_word' id='word_1_221' title='bbox 992 2741 1028 2779; x_wconf 78' lang='lat'>5,</span> 
     </span>
    </p>
   </div>
   <div class='ocr_carea' id='block_1_13' title="bbox 1074 1410 1777 2781">
    <p class='ocr_par' dir='ltr' id='par_1_14' title="bbox 1077 1410 1773 1647">
     <span class='ocr_line' id='line_1_42' title="bbox 1077 1410 1773 1450; baseline 0 -9"><span class='ocrx_word' id='word_1_222' title='bbox 1077 1411 1112 1448; x_wconf 74' lang='lat'>⁶2,</span> <span class='ocrx_word' id='word_1_223' title='bbox 1139 1410 1199 1442; x_wconf 81' lang='lat'>35:</span> <span class='ocrx_word' id='word_1_224' title='bbox 1226 1411 1392 1441; x_wconf 66' lang='lat' dir='ltr'>Favonius</span> <span class='ocrx_word' id='word_1_225' title='bbox 1414 1419 1546 1442; x_wconf 78' lang='lat' dir='ltr'>serenus</span> <span class='ocrx_word' id='word_1_226' title='bbox 1568 1414 1633 1448; x_wconf 76' lang='lat' dir='ltr'>est‚·</span> <span class='ocrx_word' id='word_1_227' title='bbox 1658 1428 1672 1433; x_wconf 95' lang='lat'>-</span> <span class='ocrx_word' id='word_1_228' title='bbox 1693 1411 1773 1450; x_wconf 79' lang='lat' dir='ltr'>saci!</span> 
     </span>
     <span class='ocr_line' id='line_1_43' title="bbox 1077 1460 1772 1498; baseline 0.001 -8"><span class='ocrx_word' id='word_1_229' title='bbox 1077 1460 1363 1498; x_wconf 71' lang='lat' dir='ltr'>tranquillitatem.</span> <span class='ocrx_word' id='word_1_230' title='bbox 1390 1460 1528 1491; x_wconf 78' lang='lat' dir='ltr'>Favonii</span> <span class='ocrx_word' id='word_1_231' title='bbox 1542 1462 1660 1491; x_wconf 86' lang='lat' dir='ltr'>autem</span> <span class='ocrx_word' id='word_1_232' title='bbox 1677 1470 1693 1489; x_wconf 81' lang='lat' dir='ltr'>a</span> <span class='ocrx_word' id='word_1_233' title='bbox 1717 1460 1772 1491; x_wconf 85' lang='lat' dir='ltr'>die</span> 
     </span>
     <span class='ocr_line' id='line_1_44' title="bbox 1078 1508 1773 1540; baseline 0.001 -1"><span class='ocrx_word' id='word_1_234' title='bbox 1078 1509 1148 1539; x_wconf 89' lang='lat' dir='ltr'><strong>VII.</strong></span> <span class='ocrx_word' id='word_1_235' title='bbox 1173 1508 1229 1539; x_wconf 78' lang='lat' dir='ltr'>vel</span> <span class='ocrx_word' id='word_1_236' title='bbox 1246 1509 1300 1539; x_wconf 87' lang='lat' dir='ltr'>IX.</span> <span class='ocrx_word' id='word_1_237' title='bbox 1320 1508 1495 1540; x_wconf 89' lang='lat' dir='ltr'>Februarii</span> <span class='ocrx_word' id='word_1_238' title='bbox 1521 1510 1554 1540; x_wconf 91' lang='lat' dir='ltr'>in</span> <span class='ocrx_word' id='word_1_239' title='bbox 1577 1508 1669 1540; x_wconf 82' lang='lat' dir='ltr'>Italia</span> <span class='ocrx_word' id='word_1_240' title='bbox 1688 1509 1773 1540; x_wconf 71' lang='lat' dir='ltr'>flare</span> 
     </span>
     <span class='ocr_line' id='line_1_45' title="bbox 1078 1557 1770 1598; baseline 0.004 -10"><span class='ocrx_word' id='word_1_241' title='bbox 1078 1558 1245 1598; x_wconf 87' lang='lat' dir='ltr'>incipiunt</span> <span class='ocrx_word' id='word_1_242' title='bbox 1270 1557 1320 1597; x_wconf 86' lang='lat' dir='ltr'>(V.</span> <span class='ocrx_word' id='word_1_243' title='bbox 1345 1558 1446 1590; x_wconf 85' lang='lat' dir='ltr'>Voss.</span> <span class='ocrx_word' id='word_1_244' title='bbox 1473 1558 1516 1589; x_wconf 85' lang='lat' dir='ltr'>ad</span> <span class='ocrx_word' id='word_1_245' title='bbox 1541 1559 1632 1598; x_wconf 75' lang='lat' dir='ltr'>Virg.</span> <span class='ocrx_word' id='word_1_246' title='bbox 1661 1560 1719 1590; x_wconf 85' lang='lat' dir='ltr'>Ge.</span> <span class='ocrx_word' id='word_1_247' title='bbox 1742 1560 1770 1592; x_wconf 78' lang='grc'>1,</span> 
     </span>
     <span class='ocr_line' id='line_1_46' title="bbox 1078 1606 1691 1647; baseline -0.002 -9"><span class='ocrx_word' id='word_1_248' title='bbox 1078 1606 1157 1646; x_wconf 63' lang='grc'>43),</span> <span class='ocrx_word' id='word_1_249' title='bbox 1184 1607 1277 1647; x_wconf 89' lang='lat' dir='ltr'>apud</span> <span class='ocrx_word' id='word_1_250' title='bbox 1303 1615 1383 1646; x_wconf 84' lang='lat' dir='ltr'>nos,</span> <span class='ocrx_word' id='word_1_251' title='bbox 1411 1616 1533 1638; x_wconf 86' lang='lat' dir='ltr'>menso</span> <span class='ocrx_word' id='word_1_252' title='bbox 1559 1608 1691 1639; x_wconf 82' lang='lat' dir='ltr'>Martio.</span> 
     </span>
    </p>

    <p class='ocr_par' dir='ltr' id='par_1_15' title="bbox 1078 1655 1777 2576">
     <span class='ocr_line' id='line_1_47' title="bbox 1122 1655 1770 1696; baseline 0.002 -10"><span class='ocrx_word' id='word_1_253' title='bbox 1122 1656 1151 1686; x_wconf 91' lang='lat'>3.</span> <span class='ocrx_word' id='word_1_254' title='bbox 1188 1656 1299 1694; x_wconf 74' lang='lat' dir='ltr'>Thyna</span> <span class='ocrx_word' id='word_1_255' title='bbox 1326 1655 1443 1696; x_wconf 80' lang='lat' dir='ltr'>merce]</span> <span class='ocrx_word' id='word_1_256' title='bbox 1469 1655 1648 1687; x_wconf 86' lang='lat' dir='ltr'>Claudian.</span> <span class='ocrx_word' id='word_1_257' title='bbox 1677 1656 1770 1688; x_wconf 85' lang='lat' dir='ltr'>Eutr.</span> 
     </span>
     <span class='ocr_line' id='line_1_48' title="bbox 1078 1704 1774 1744; baseline 0.001 -9"><span class='ocrx_word' id='word_1_258' title='bbox 1078 1705 1114 1742; x_wconf 69' lang='lat'>⁵2,</span> <span class='ocrx_word' id='word_1_259' title='bbox 1142 1704 1223 1736; x_wconf 62' lang='lat' dir='ltr'>{zi-7:</span> <span class='ocrx_word' id='word_1_260' title='bbox 1259 1705 1359 1743; x_wconf 74' lang='lat' dir='ltr'>Thyni</span> <span class='ocrx_word' id='word_1_261' title='bbox 1386 1705 1523 1736; x_wconf 80' lang='lat' dir='ltr'>Thraces</span> <span class='ocrx_word' id='word_1_262' title='bbox 1545 1709 1664 1743; x_wconf 77' lang='lat' dir='ltr'>arant,</span> <span class='ocrx_word' id='word_1_263' title='bbox 1691 1714 1774 1744; x_wconf 78' lang='lat' dir='ltr'>quac</span> 
     </span>
     <span class='ocr_line' id='line_1_49' title="bbox 1079 1754 1772 1794; baseline 0.001 -10"><span class='ocrx_word' id='word_1_264' title='bbox 1079 1762 1164 1784; x_wconf 78' lang='lat' dir='ltr'>nunc</span> <span class='ocrx_word' id='word_1_265' title='bbox 1191 1754 1347 1792; x_wconf 73' lang='lat' dir='ltr'>Bithynia</span> <span class='ocrx_word' id='word_1_266' title='bbox 1376 1754 1494 1794; x_wconf 75' lang='lat' dir='ltr'>fertur.</span> <span class='ocrx_word' id='word_1_267' title='bbox 1543 1755 1699 1785; x_wconf 84' lang='lat' dir='ltr'>Eustath.</span> <span class='ocrx_word' id='word_1_268' title='bbox 1728 1755 1772 1786; x_wconf 85' lang='lat' dir='ltr'>ad</span> 
     </span>
     <span class='ocr_line' id='line_1_50' title="bbox 1078 1799 1773 1845; baseline 0.003 -12"><span class='ocrx_word' id='word_1_269' title='bbox 1078 1803 1221 1842; x_wconf 88' lang='lat' dir='ltr'>Dionys.</span> <span class='ocrx_word' id='word_1_270' title='bbox 1258 1803 1388 1842; x_wconf 79' lang='lat' dir='ltr'>Perieg.</span> <span class='ocrx_word' id='word_1_271' title='bbox 1415 1803 1497 1834; x_wconf 79' lang='lat'><strong>793:</strong></span> <span class='ocrx_word' id='word_1_272' title='bbox 1531 1803 1688 1845; x_wconf 77' lang='grc' dir='ltr'><em>Λέγεται</em></span> <span class='ocrx_word' id='word_1_273' title='bbox 1713 1799 1773 1835; x_wconf 84' lang='grc' dir='ltr'>ὅτι</span> 
     </span>
     <span class='ocr_line' id='line_1_51' title="bbox 1074 1848 1773 1903; baseline 0.003 -21.017"><span class='ocrx_word' id='word_1_274' title='bbox 1074 1848 1148 1903; x_wconf 77' lang='grc' dir='ltr'>τὴν</span> <span class='ocrx_word' id='word_1_275' title='bbox 1175 1848 1253 1882; x_wconf 76' lang='grc' dir='ltr'>ἀπὸ</span> <span class='ocrx_word' id='word_1_276' title='bbox 1282 1848 1487 1896; x_wconf 71' lang='grc' dir='ltr'><em>Βοσπόοου</em></span> <span class='ocrx_word' id='word_1_277' title='bbox 1517 1862 1632 1893; x_wconf 74' lang='lat' dir='ltr'>y77vc</span> <span class='ocrx_word' id='word_1_278' title='bbox 1618 1848 1688 1892; x_wconf 82' lang='grc' dir='ltr'>ε’ως</span> <span class='ocrx_word' id='word_1_279' title='bbox 1712 1852 1773 1884; x_wconf 73' lang='grc' dir='ltr'>ἐπὶ</span> 
     </span>
     <span class='ocr_line' id='line_1_52' title="bbox 1074 1893 1771 1942; baseline 0.003 -10.027"><span class='ocrx_word' id='word_1_280' title='bbox 1074 1893 1262 1942; x_wconf 76' lang='grc' dir='ltr'><em>Ρήβαντα</em></span> <span class='ocrx_word' id='word_1_281' title='bbox 1286 1901 1445 1933; x_wconf 76' lang='grc' dir='ltr'>Βι9υνοί</span> <span class='ocrx_word' id='word_1_282' title='bbox 1463 1911 1554 1933; x_wconf 81' lang='grc' dir='ltr'><em>ποτε</em></span> <span class='ocrx_word' id='word_1_283' title='bbox 1570 1903 1771 1940; x_wconf 78' lang='grc' dir='ltr'>κατέσχον·</span> 
     </span>
     <span class='ocr_line' id='line_1_53' title="bbox 1079 1947 1774 1991; baseline 0.003 -10"><span class='ocrx_word' id='word_1_284' title='bbox 1079 1960 1148 1991; x_wconf 74' lang='grc' dir='ltr'>την</span> <span class='ocrx_word' id='word_1_285' title='bbox 1171 1949 1211 1982; x_wconf 77' lang='grc' dir='ltr'>δὲ</span> <span class='ocrx_word' id='word_1_286' title='bbox 1234 1947 1352 1982; x_wconf 84' lang='grc' dir='ltr'><em>αὐτοῦ</em></span> <span class='ocrx_word' id='word_1_287' title='bbox 1379 1950 1552 1982; x_wconf 77' lang='grc' dir='ltr'>ἐπέκεινα</span> <span class='ocrx_word' id='word_1_288' title='bbox 1579 1950 1639 1983; x_wconf 77' lang='grc' dir='ltr'>ἑτὶ</span> <span class='ocrx_word' id='word_1_289' title='bbox 1671 1949 1774 1983; x_wconf 78' lang='grc' dir='ltr'><strong><em>Πόν-</em></strong></span> 
     </span>
     <span class='ocr_line' id='line_1_54' title="bbox 1079 1996 1775 2046; baseline 0.004 -16"><span class='ocrx_word' id='word_1_290' title='bbox 1079 2009 1146 2031; x_wconf 78' lang='grc' dir='ltr'>τον</span> <span class='ocrx_word' id='word_1_291' title='bbox 1170 1996 1320 2044; x_wconf 75' lang='grc' dir='ltr'><em>ὀρεινὴν</em></span> <span class='ocrx_word' id='word_1_292' title='bbox 1344 2000 1383 2031; x_wconf 87' lang='grc' dir='ltr'>οἱ</span> <span class='ocrx_word' id='word_1_293' title='bbox 1405 2000 1522 2032; x_wconf 76' lang='grc' dir='ltr'><em>Θυνοὶ</em></span> <span class='ocrx_word' id='word_1_294' title='bbox 1545 1996 1663 2039; x_wconf 80' lang='grc' dir='ltr'><em>ε’σχον</em></span> <span class='ocrx_word' id='word_1_295' title='bbox 1685 1997 1775 2046; x_wconf 76' lang='grc' dir='ltr'><em>ἄχρι</em></span> 
     </span>
     <span class='ocr_line' id='line_1_55' title="bbox 1081 2046 1776 2092; baseline 0.003 -12"><span class='ocrx_word' id='word_1_296' title='bbox 1081 2046 1256 2091; x_wconf 77' lang='grc' dir='ltr'><em>ποταμοῦ</em></span> <span class='ocrx_word' id='word_1_297' title='bbox 1280 2046 1465 2091; x_wconf 78' lang='grc' dir='ltr'><em>Κάλητος·</em></span> <span class='ocrx_word' id='word_1_298' title='bbox 1492 2046 1543 2090; x_wconf 75' lang='grc' dir='ltr'>ὥς</span> <span class='ocrx_word' id='word_1_299' title='bbox 1566 2048 1662 2082; x_wconf 74' lang='grc' dir='ltr'><em>εἶναι</em></span> <span class='ocrx_word' id='word_1_300' title='bbox 1684 2048 1776 2092; x_wconf 82' lang='grc' dir='ltr'>ὁμό-</span> 
     </span>
     <span class='ocr_line' id='line_1_56' title="bbox 1080 2096 1775 2144; baseline 0.003 -14"><span class='ocrx_word' id='word_1_301' title='bbox 1080 2109 1170 2144; x_wconf 78' lang='grc' dir='ltr'><em>ρους</em></span> <span class='ocrx_word' id='word_1_302' title='bbox 1206 2096 1295 2139; x_wconf 83' lang='grc' dir='ltr'><em>τούς</em></span> <span class='ocrx_word' id='word_1_303' title='bbox 1334 2109 1373 2130; x_wconf 80' lang='grc' dir='ltr'>τε</span> <span class='ocrx_word' id='word_1_304' title='bbox 1408 2096 1556 2140; x_wconf 82' lang='grc' dir='ltr'><em>Θυνούς</em></span> <span class='ocrx_word' id='word_1_305' title='bbox 1590 2101 1654 2132; x_wconf 78' lang='grc' dir='ltr'>καὶ</span> <span class='ocrx_word' id='word_1_306' title='bbox 1687 2099 1775 2141; x_wconf 82' lang='grc' dir='ltr'><em>τοὺς</em></span> 
     </span>
     <span class='ocr_line' id='line_1_57' title="bbox 1082 2147 1776 2190; baseline 0.001 -9"><span class='ocrx_word' id='word_1_307' title='bbox 1082 2147 1282 2189; x_wconf 64' lang='grc' dir='ltr'><em>Βιθυινούς.</em></span> <span class='ocrx_word' id='word_1_308' title='bbox 1319 2168 1353 2171; x_wconf 93' lang='grc'><strong>-</strong></span> <span class='ocrx_word' id='word_1_309' title='bbox 1389 2147 1486 2189; x_wconf 82' lang='grc' dir='ltr'><em>Τοὺς</em></span> <span class='ocrx_word' id='word_1_310' title='bbox 1516 2148 1555 2182; x_wconf 80' lang='grc' dir='ltr'>δὲ</span> <span class='ocrx_word' id='word_1_311' title='bbox 1586 2147 1776 2190; x_wconf 76' lang='grc' dir='ltr'>Βιθυνοὺς</span> 
     </span>
     <span class='ocr_line' id='line_1_58' title="bbox 1082 2196 1777 2254; baseline 0.001 -24"><span class='ocrx_word' id='word_1_312' title='bbox 1082 2199 1145 2230; x_wconf 83' lang='grc' dir='ltr'>καὶ</span> <span class='ocrx_word' id='word_1_313' title='bbox 1169 2196 1474 2239; x_wconf 72' lang='grc' dir='ltr'><em>ναυτικωτάτους</em></span> <span class='ocrx_word' id='word_1_314' title='bbox 1496 2198 1696 2254; x_wconf 59' lang='lat' dir='ltr'>zozogofim</span> <span class='ocrx_word' id='word_1_315' title='bbox 1720 2210 1777 2242; x_wconf 77' lang='grc' dir='ltr'>γε·</span> 
     </span>
     <span class='ocr_line' id='line_1_59' title="bbox 1081 2248 1775 2291; baseline 0 -12"><span class='ocrx_word' id='word_1_316' title='bbox 1081 2248 1216 2280; x_wconf 73' lang='grc' dir='ltr'><em>νὲσθαι</em></span> <span class='ocrx_word' id='word_1_317' title='bbox 1239 2249 1348 2286; x_wconf 80' lang='grc' dir='ltr'><em>ποτέ,</em></span> <span class='ocrx_word' id='word_1_318' title='bbox 1374 2249 1439 2280; x_wconf 81' lang='grc' dir='ltr'>καὶ</span> <span class='ocrx_word' id='word_1_319' title='bbox 1462 2259 1530 2290; x_wconf 78' lang='grc' dir='ltr'>την</span> <span class='ocrx_word' id='word_1_320' title='bbox 1555 2258 1681 2280; x_wconf 83' lang='grc' dir='ltr'><em>αυτων</em></span> <span class='ocrx_word' id='word_1_321' title='bbox 1704 2260 1775 2291; x_wconf 73' lang='lat'>7¹7¹</span> 
     </span>
     <span class='ocr_line' id='line_1_60' title="bbox 1083 2294 1774 2353; baseline 0.003 -25"><span class='ocrx_word' id='word_1_322' title='bbox 1083 2295 1290 2342; x_wconf 65' lang='grc' dir='ltr'><em>παμφόρον</em></span> <span class='ocrx_word' id='word_1_323' title='bbox 1314 2307 1352 2329; x_wconf 81' lang='grc' dir='ltr'>τε</span> <span class='ocrx_word' id='word_1_324' title='bbox 1375 2299 1440 2330; x_wconf 77' lang='grc' dir='ltr'>καὶ</span> <span class='ocrx_word' id='word_1_325' title='bbox 1464 2294 1660 2353; x_wconf 52' lang='grc' dir='ltr'><em>εὕιδειὸρον</em></span> <span class='ocrx_word' id='word_1_326' title='bbox 1680 2296 1774 2331; x_wconf 53' lang='lat' dir='ltr'>ahaz</span> 
     </span>
     <span class='ocr_line' id='line_1_61' title="bbox 1082 2343 1774 2388; baseline 0.001 -11"><span class='ocrx_word' id='word_1_327' title='bbox 1082 2356 1180 2386; x_wconf 71' lang='grc' dir='ltr'><em>ᾳασι</em></span> <span class='ocrx_word' id='word_1_328' title='bbox 1224 2346 1287 2378; x_wconf 79' lang='grc' dir='ltr'>καὶ</span> <span class='ocrx_word' id='word_1_329' title='bbox 1335 2345 1367 2378; x_wconf 82' lang='grc' dir='ltr'>λι</span> <span class='ocrx_word' id='word_1_330' title='bbox 1373 2347 1558 2388; x_wconf 46' lang='grc' dir='ltr'>9οτοιιιας,</span> <span class='ocrx_word' id='word_1_331' title='bbox 1606 2343 1774 2385; x_wconf 67' lang='grc' dir='ltr'>ἑχουισαι</span> 
     </span>
     <span class='ocr_line' id='line_1_62' title="bbox 1082 2394 1775 2441; baseline 0.003 -14"><span class='ocrx_word' id='word_1_332' title='bbox 1082 2394 1277 2434; x_wconf 78' lang='grc' dir='ltr'><em>πολλαχοῦ</em></span> <span class='ocrx_word' id='word_1_333' title='bbox 1324 2396 1387 2428; x_wconf 74' lang='grc' dir='ltr'>καὶ</span> <span class='ocrx_word' id='word_1_334' title='bbox 1434 2394 1691 2441; x_wconf 80' lang='grc' dir='ltr'><em>κρυστάλλους</em></span> <span class='ocrx_word' id='word_1_335' title='bbox 1735 2396 1775 2429; x_wconf 80' lang='grc' dir='ltr'>ἐν</span> 
     </span>
     <span class='ocr_line' id='line_1_63' title="bbox 1083 2441 1774 2490; baseline 0 -13"><span class='ocrx_word' id='word_1_336' title='bbox 1083 2441 1189 2490; x_wconf 72' lang='grc' dir='ltr'><em>ὄρεσι</em></span> <span class='ocrx_word' id='word_1_337' title='bbox 1222 2443 1402 2484; x_wconf 60' lang='grc' dir='ltr'><em>φύουσαν</em></span> <span class='ocrx_word' id='word_1_338' title='bbox 1434 2447 1497 2478; x_wconf 79' lang='grc' dir='ltr'>καὶ</span> <span class='ocrx_word' id='word_1_339' title='bbox 1526 2442 1624 2478; x_wconf 75' lang='grc' dir='ltr'><em>ἄλλα</em></span> <span class='ocrx_word' id='word_1_340' title='bbox 1654 2444 1774 2478; x_wconf 62' lang='grc' dir='ltr'><em>πολλὰ</em></span> 
     </span>
     <span class='ocr_line' id='line_1_64' title="bbox 1082 2490 1775 2537; baseline 0.001 -11"><span class='ocrx_word' id='word_1_341' title='bbox 1082 2491 1250 2533; x_wconf 71' lang='grc' dir='ltr'><em>ἔχουσαν</em></span> <span class='ocrx_word' id='word_1_342' title='bbox 1280 2490 1419 2537; x_wconf 77' lang='grc' dir='ltr'><em>ἀγαθά.</em></span> <span class='ocrx_word' id='word_1_343' title='bbox 1458 2514 1491 2518; x_wconf 86' lang='grc'><em>-</em></span> <span class='ocrx_word' id='word_1_344' title='bbox 1525 2496 1704 2536; x_wconf 77' lang='lat' dir='ltr'>bealum]‹</span> <span class='ocrx_word' id='word_1_345' title='bbox 1698 2495 1775 2527; x_wconf 80' lang='lat' dir='ltr'>«di-</span> 
     </span>
     <span class='ocr_line' id='line_1_65' title="bbox 1084 2546 1227 2576; baseline 0.009 -1"><span class='ocrx_word' id='word_1_346' title='bbox 1084 2546 1227 2576; x_wconf 62' lang='lat' dir='ltr'>tamtum</span> 
     </span>
    </p>

    <p class='ocr_par' dir='ltr' id='par_1_16' title="bbox 1081 2593 1774 2781">
     <span class='ocr_line' id='line_1_66' title="bbox 1131 2593 1774 2634; baseline 0.002 -10.003"><span class='ocrx_word' id='word_1_347' title='bbox 1131 2593 1156 2625; x_wconf 69' lang='lat' dir='ltr'>t.</span> <span class='ocrx_word' id='word_1_348' title='bbox 1196 2594 1270 2634; x_wconf 80' lang='lat' dir='ltr'>fide]</span> <span class='ocrx_word' id='word_1_349' title='bbox 1309 2594 1479 2633; x_wconf 81' lang='lat' dir='ltr'>genitivus</span> <span class='ocrx_word' id='word_1_350' title='bbox 1518 2594 1696 2632; x_wconf 83' lang='lat' dir='ltr'>antiquus,</span> <span class='ocrx_word' id='word_1_351' title='bbox 1740 2596 1774 2625; x_wconf 82' lang='lat' dir='ltr'>ut</span> 
     </span>
     <span class='ocr_line' id='line_1_67' title="bbox 1083 2641 1774 2682; baseline 0 -9"><span class='ocrx_word' id='word_1_352' title='bbox 1083 2642 1179 2673; x_wconf 82' lang='lat' dir='ltr'>ovid.</span> <span class='ocrx_word' id='word_1_353' title='bbox 1208 2643 1286 2674; x_wconf 77' lang='lat' dir='ltr'>Met.</span> <span class='ocrx_word' id='word_1_354' title='bbox 1314 2642 1349 2681; x_wconf 84' lang='lat'>3,</span> <span class='ocrx_word' id='word_1_355' title='bbox 1377 2641 1458 2674; x_wconf 34' lang='lat'>34⁷1:</span> <span class='ocrx_word' id='word_1_356' title='bbox 1495 2643 1606 2673; x_wconf 77' lang='lat' dir='ltr'>Prima</span> <span class='ocrx_word' id='word_1_357' title='bbox 1630 2642 1693 2682; x_wconf 72' lang='lat' dir='ltr'>fide</span> <span class='ocrx_word' id='word_1_358' title='bbox 1716 2651 1774 2673; x_wconf 69' lang='lat' dir='ltr'>ro-</span> 
     </span>
     <span class='ocr_line' id='line_1_68' title="bbox 1081 2691 1772 2731; baseline -0.001 -10"><span class='ocrx_word' id='word_1_359' title='bbox 1081 2692 1190 2731; x_wconf 75' lang='lat' dir='ltr'>eisque</span> <span class='ocrx_word' id='word_1_360' title='bbox 1213 2695 1309 2723; x_wconf 69' lang='lat' dir='ltr'>ratae</span> <span class='ocrx_word' id='word_1_361' title='bbox 1337 2691 1527 2723; x_wconf 74' lang='lat' dir='ltr'>tentamina.</span> <span class='ocrx_word' id='word_1_362' title='bbox 1578 2692 1645 2721; x_wconf 86' lang='lat' dir='ltr'>Sat.</span> <span class='ocrx_word' id='word_1_363' title='bbox 1675 2692 1709 2727; x_wconf 78' lang='lat' dir='ltr'>l,</span> <span class='ocrx_word' id='word_1_364' title='bbox 1736 2692 1772 2726; x_wconf 74' lang='lat'>3,</span> 
     </span>
     <span class='ocr_line' id='line_1_69' title="bbox 1082 2740 1772 2781; baseline 0 -10"><span class='ocrx_word' id='word_1_365' title='bbox 1082 2741 1134 2773; x_wconf 72' lang='lat'>95.</span> <span class='ocrx_word' id='word_1_366' title='bbox 1161 2742 1330 2772; x_wconf 72' lang='lat' dir='ltr'>Commissa</span> <span class='ocrx_word' id='word_1_367' title='bbox 1361 2742 1424 2781; x_wconf 76' lang='lat' dir='ltr'>fide</span> <span class='ocrx_word' id='word_1_368' title='bbox 1454 2740 1558 2772; x_wconf 58' lang='lat' dir='ltr'>(latix.</span> <span class='ocrx_word' id='word_1_369' title='bbox 1588 2740 1677 2779; x_wconf 66' lang='lat' dir='ltr'>virg.</span> <span class='ocrx_word' id='word_1_370' title='bbox 1713 2741 1772 2771; x_wconf 82' lang='lat' dir='ltr'>Gc.</span> 
     </span>
    </p>
   </div>
  </div>
 </body>
</html>
