1997 3219
654 197 826 229 (JARMEN
851 196 1076 229 SECUIARE.
1507 193 1579 234 (541

493 301 696 356 Proroget
727 314 891 342 aevum.

380 407 587 461 Quaeque
619 406 868 448 Aventinum
900 412 1014 447 tenet
1044 403 1345 460 Algidumque,

382 485 634 536 Quindecim
665 486 798 528 Diana
828 499 979 542 preces
1010 485 1196 527 virorum
1538 486 1588 525 70

384 566 512 609 Curet
542 574 583 608 et
612 567 720 608 votis
751 580 981 622 puerorum
1013 565 1169 607 amicas

495 646 686 702 Applicet
716 660 855 689 aures.

248 772 299 803 68.
328 772 482 812 ΡιὉνοῃοΙ
507 771 553 809 b,
586 774 621 802 et
644 771 782 803 duobus
807 772 962 812 exceptis
986 780 1110 803 omnes
1135 772 1309 809 Pottierii,
1346 772 1429 803 item
1459 772 1547 803 LCt:

203 822 364 862 Proroqat
388 822 432 856 B,
471 823 635 861 quattuor
658 820 801 859 Bland,
839 830 929 852 unus
954 822 1109 858 Bel-snm,
1136 832 1174 863 γ,
1202 830 1254 861 pr.
1280 831 1321 859 κ,
1348 822 1434 852 Pott.
1462 821 1550 857 duo,

205 872 251 905 C,
290 870 420 908 Bentl„
459 871 525 902 PM.
567 888 601 892 —
642 871 694 902 74.
722 871 819 902 Caret
842 870 865 902 l)
890 873 923 902 et
948 871 1018 902 duo
1043 871 1210 909 PottIerii,
1249 872 1306 908 Lt3
1343 871 1446 903 Curat
1472 872 1494 902 B
1520 874 1552 902 et

209 922 350 960 praeter
375 920 485 952 Codd.
523 930 541 951 a
576 919 732 952 Bentleio
766 920 810 951 ad
844 930 876 951 v.
901 921 1066 960 Proroqat
1089 922 1323 959 memoratos,
1363 919 1455 959 βλχ,
1482 923 1553 952 tres

207 971 358 1009 Be1·sm.,
385 979 457 1001 var.
477 969 556 1002 lect.
575 980 624 1007 ω,
643 970 681 1008 C,
700 969 824 1008 Bentl.,
844 970 910 1001 ΡΜ.
935 988 968 992 —
995 971 1048 1002 72.
1072 969 1217 1009 Applicat
1240 969 1262 1001 b
1288 971 1322 1002 et
1343 970 1496 1002 Pottierii
1515 971 1553 1009 8,

204 1020 222 1049 9
239 1045 245 1054 ,
264 1020 324 1051 Ξὲῑ
358 1020 510 1059 Applicat
527 1021 571 1058 B,
600 1019 709 1051 Codd.
730 1028 748 1050 a
765 1018 874 1051 Bentl.
901 1019 944 1051 ad
969 1028 1002 1050 v.
1029 1019 1132 1051 Curat
1155 1020 1358 1057 memorati,
1386 1021 1424 1058 C,
1441 1019 1552 1051 Bentl.

204 1069 270 1100 ΡΜ.
312 1069 362 1100 De
380 1069 465 1101 Cod.
485 1078 503 1100 c
527 1078 620 1101 nunc
644 1070 727 1100 mihi
752 1077 821 1101 uon
845 1070 990 1101 constat.
1032 1070 1112 1109 (Nos
1136 1071 1278 1101 secutus
1302 1071 1356 1101 cst
1377 1069 1490 1107 Jahn.)
1519 1088 1551 1092 --

202 1119 296 1149 auris
318 1119 355 1150 B.
1109 1127 1113 1133 ·

160 1228 339 1270 religiosa,
370 1231 528 1271 proprie,
557 1239 624 1262 non
651 1230 781 1262 infinite
808 1232 855 1270 (ut
878 1230 882 1246 ¹
905 1231 986 1271 post
1006 1239 1062 1261 η’.
1089 1231 1130 1262 68
1155 1231 1190 1262 et
1213 1230 1280 1268 72.;
1306 1238 1452 1271 prorsus
1469 1231 1598 1272 inepta,

160 1278 234 1310 aliis
251 1278 391 1319 placuit)
409 1280 673 1320 accipiendum,
700 1280 779 1311 ideo
795 1288 856 1320 po·
906 1279 934 1311 si
959 1287 1023 1320 per
1045 1287 1191 1319 zeugma
1215 1281 1303 1319 part.
1330 1280 1358 1310 si
1380 1279 1513 1312 reseras
1530 1288 1549 1310 a
1566 1289 1598 1311 v.

161 1329 354 1366 tissimum,
381 1328 477 1368 quod
500 1337 591 1360 anno
617 1329 854 1369 praecedente
904 1329 991 1359 videt
1015 1328 1059 1360 ad
1084 1329 1147 1359 tria
1173 1327 1307 1368 reliqua
1331 1328 1441 1361 verba
1467 1331 1501 1360 et
1523 1338 1543 1360 a
1566 1338 1598 1360 v,

161 1377 236 1408 736.
263 1378 439 1417 Augustus
463 1378 571 1409 πέντε
596 1377 663 1419 τῆς
686 1387 856 1423 προστα-
907 1377 959 1409 73.
987 1377 1156 1418 apodosin
1181 1378 1342 1418 incipias,
1380 1380 1418 1409 ut
1447 1379 1507 1410 sit:
1548 1379 1600 1410 «Si

161 1427 248 1465 σίας
282 1422 370 1468 ἔτη,
410 1424 609 1471 ἐπειδήπερ
647 1424 668 1458 ὁ
703 1426 857 1470 δεκέτης
906 1425 1028 1467 Apollo
1052 1435 1127 1458 rem
1152 1426 1331 1467 publicam
1351 1429 1533 1468 prorogat,
1560 1428 1604 1459 si-

162 1474 302 1521 xpdvog
315 1473 461 1517 ἑξήκων
479 1471 536 1518 ἦν,
556 1476 777 1522 προσέθετο.
793 1478 856 1509 Dio
908 1484 976 1516 que
1016 1476 1124 1507 Diana
1163 1477 1252 1508 votis
1291 1475 1443 1517 applicat
1480 1485 1601 1514 aures,

164 1525 222 1563 54,
251 1525 301 1556 42.
342 1526 413 1557 lloc
438 1526 577 1557 luseram
606 1527 762 1567 principe
786 1528 859 1558 Au-
909 1533 1009 1566 spem
1028 1527 1170 1565 reporto
1195 1528 1262 1556 cet.

163 1577 263 1615 gusto
289 1573 366 1606 felix
390 1574 464 1606 sore
481 1574 546 1606 sibi
571 1575 724 1616 spondet
739 1577 855 1616 poet&
953 1574 1089 1606 69-72.
1133 1575 1300 1616 Quaeque]
1337 1576 1378 1608 Ut
1409 1574 1604 1616 Apollinem

162 1625 301 1656 atterum
331 1626 450 1656 autem
476 1637 490 1652 «
503 1625 704 1665 proximum
716 1634 750 1663 »3
789 1626 858 1656 iam
908 1632 973 1664 per
997 1623 1121 1655 aedem
1147 1623 1356 1662 Palatinam,
1383 1625 1435 1656 sic
1458 1625 1605 1657 Dianam

163 1674 321 1714 sequitur
350 1675 489 1714 tempus
519 1673 691 1705 infinitum
725 1674 861 1705 melius·
910 1671 1105 1704 obtestatur
1129 1673 1257 1705 chorus
1282 1682 1347 1714 per
1370 1672 1554 1714 religiones
1571 1676 1605 1706 et

164 1732 226 1762 que
241 1732 368 1763 semper
383 1741 401 1746 -
417 1732 550 1760 aevum3
576 1732 704 1762 semper
727 1732 769 1755 ex
793 1724 861 1756 for-
910 1723 1040 1754 Romae
1059 1723 1142 1754 etin
1160 1723 1273 1761 Lati0,
1293 1723 1326 1754 in
1347 1725 1466 1754 monte
1483 1722 1605 1763 Algido

164 1772 257 1804 mula
275 1798 282 1809 ‚
318 1774 355 1804 ut
387 1772 462 1804 Tib.
490 1773 527 1811 l,
562 1773 598 1811 7,
635 1772 696 1804 63:
733 1773 774 1805 At
803 1777 858 1813 tu,
912 1771 985 1812 (Οά.
1006 1773 1041 1810 ’1,
1067 1773 1121 1811 24,
1149 1772 1192 1812 6.)
1212 1771 1256 1804 illi
1281 1773 1470 1810 institutas,
1498 1775 1551 1810 ut,
1578 1774 1606 1805 si

167 1822 311 1859 Natalis,
329 1822 448 1853 multos
463 1821 652 1853 celebrande
662 1831 726 1862 per
742 1831 858 1861 annos,
909 1821 1057 1862 propitia
1082 1821 1127 1853 sit
1151 1821 1297 1862 imperio
1321 1823 1496 1860 Romano,
1538 1823 1605 1855 hoc

166 1871 347 1903 Candidior
369 1880 495 1910 semper
517 1871 753 1911 candidiorque
773 1873 858 1904 veni.
911 1871 1088 1902 fortunare
1123 1870 1216 1902 velit.
1262 1872 1389 1903 Zosim.
1416 1873 1454 1909 ⁵2,
1488 1873 1526 1903 5:
1568 1873 1608 1904 ἐν

165 1920 264 1951 ovid.
281 1921 370 1952 Fast.
388 1922 399 1951 t
417 1946 422 1958 ,
442 1920 494 1952 87.
523 1919 566 1951 de
588 1919 659 1951 Kal.
679 1921 857 1952 Ianuariis:
911 1918 961 1962 τῷ
988 1918 1072 1964 ἱερῷ
1097 1918 1165 1961 τῆς
1186 1916 1414 1965 Ἀρτε-ζιιιὸος,
1444 1918 1465 1953 ὃ
1490 1921 1530 1953 ἐν
1556 1920 1607 1965 τῷ

172 1970 282 2009 Salve,
301 1971 387 2002 laeta
404 1971 481 2008 (lies,
506 1970 685 2008 meliorque
700 1973 864 2002 revertere
908 1965 1124 2011 Ἀουεντίνῳ
1147 1967 1256 2011 λόφῳ
1280 1968 1503 2015 καθίδρυται
1525 1971 1603 2002 κτλ.

166 2028 302 2059 semper.
358 2018 527 2051 Nonnulla
571 2020 716 2060 poetae,
760 2018 860 2058 longe

167 2069 298 2100 maiore
331 2069 563 2109 interpretum
595 2067 695 2109 culpa
730 2068 861 2100 sactum

168 2120 233 2157 est,
259 2120 296 2149 ut
320 2117 374 2149 alii
399 2118 584 2157 iungerent
608 2118 739 2148 Latium
761 2118 859 2158 felic,

166 2168 280 2199 'nelias
302 2176 430 2204 aevum,
458 2166 510 2198 alii
536 2167 667 2198 Latium
689 2167 771 2207 seltz:
794 2176 863 2198 me-

168 2217 306 2256 liusque,
332 2216 386 2248 alii
411 2216 565 2256 denique
588 2216 671 2256 sella:
695 2216 738 2247 ad
757 2214 863 2256 Apol-

167 2265 273 2298 linem
298 2266 488 2303 referrent,
527 2265 743 2307 appellantes
767 2265 859 2305 Virg.

169 2314 237 2346 Ecl.
257 2316 288 2353 5,
304 2316 361 2346 65:
388 2316 440 2346 Sis
464 2315 565 2346 bonus
580 2324 598 2346 o
619 2315 766 2355 seltrque
787 2315 859 2346 tuis.

213 2364 265 2395 68.
291 2365 448 2404 Proroyet
458 2382 476 2386 -
489 2364 586 2396 Curet
597 2382 614 2387 -
627 2364 782 2405 Applicel]
798 2366 863 2396 l‘er

169 2423 206 2445 se
240 2413 462 2444 manifestum
491 2415 564 2450 est,
603 2414 768 2445 carminis
804 2414 860 2444 tini

170 2471 291 2493 rursus
314 2463 414 2493 unice
432 2463 618 2494 convenire
643 2463 863 2503 precationes

170 2520 252 2542 vere
279 2510 474 2551 religiosas,
509 2520 576 2542 non
603 2512 744 2543 nimiam
771 2510 861 2543 illam

169 2560 435 2593 indicatis-orum
450 2560 710 2599 vonfidentiam,
725 2570 815 2601 quae
830 2563 863 2592 ct

171 2609 402 2650 scriptoribus
427 2609 575 2641 librariis
594 2611 626 2640 et
646 2611 773 2642 criticis
791 2611 866 2651 qui-

172 2659 333 2696 busdam,
352 2658 512 2699 adeoque
531 2659 593 2699 ipsi
611 2658 776 2693 Bentlcio,
797 2658 867 2700 pla-

171 2710 251 2740 ‹-uit.
271 2711 365 2747 Quae
379 2708 522 2748 quidem
542 2709 626 2739 ratio
643 2710 723 2740 tune
741 2707 864 2740 saltem

174 2757 360 2789 tolerabilis
385 2760 454 2791 cst,
491 2758 517 2788 si
550 2756 650 2798 plene
675 2758 865 2795 distinguas

914 2037 949 2040 —
982 2018 1418 2060 Quindecim--virorumJ
1451 2020 1539 2051 Cum
1574 2021 1608 2051 lii

910 2066 983 2099 ludi
1015 2066 1193 2099 seculares
1225 2076 1265 2098 ex
1297 2066 1467 2100 librorum
1498 2068 1609 2109 Sibyl-

912 2116 1062 2148 linorum
1109 2125 1281 2157 responso
1328 2116 1606 2156 celebrarentur,

913 2174 1001 2206 quos
1018 2165 1100 2197 solis
1117 2166 1410 2204 Quindecimviris
1431 2167 1507 2198 Sac.
1529 2168 1605 2200 Fac.

912 2215 1009 2246 adire
1034 2214 1179 2251 licebat,
1210 2217 1487 2247 consentancum
1513 2219 1606 2256 erat,

912 2267 947 2296 ut
967 2264 1032 2295 lioc
1041 2264 1266 2296 sacerdotum
1280 2263 1465 2305 collegium
1478 2265 1607 2297 diserte

913 2316 1180 2345 memoraretur.
1230 2314 1335 2345 Tacit.
1355 2315 1442 2345 Ann.
1464 2315 1498 2345 ll
1517 2340 1523 2352 ,
1546 2315 1579 2345 tt
1600 2324 1605 2344 t

911 2363 1044 2403 colleffl'o
1062 2363 1338 2401 Oindecimriram
1362 2364 1544 2402 antiquitus
1566 2373 1605 2395 ea

912 2422 995 2444 cura
1021 2411 1192 2452 (ludorum
1217 2412 1453 2452 secularium),
1481 2416 1510 2444 et
1535 2422 1609 2444 nea-

912 2463 1071 2502 (Jistratus
1103 2463 1308 2502 potissimum
1348 2463 1610 2502 arsi-qucbanlar

914 2512 1023 2552 officia
1046 2513 1337 2543 caerimoniarum.
1361 2530 1392 2533 --
1413 2512 1607 2554 puerorum]

915 2561 1096 2602 utriusque
1121 2570 1237 2593 sexus.
1281 2560 1407 2593 Paulus
1432 2560 1475 2591 de
1503 2561 1605 2592 Vei-b.

916 2610 1030 2647 Signis.
1058 2610 1100 2641 cd
1136 2612 1291 2642 Cramer,
1320 2619 1352 2651 p.
1379 2610 1429 2641 78.
1458 2610 1535 2647 463,
1570 2611 1606 2640 l:

915 2660 1010 2690 Puera·
1027 2660 1246 2700 appellatione
1261 2660 1359 2690 etiam
1381 2659 1491 2698 puella
1508 2659 1610 2699 siglae*-

913 2710 1045 2749 slae·a!w·,
1076 2728 1108 2731 --
1136 2710 1261 2740 (irrideas
1286 2708 1442 2748 Applicat]
1470 2709 1608 2748 apropi-

918 2759 982 2789 tias
1009 2758 1209 2799 praebeat.»
1247 2760 1366 2791 senor.

284 2819 391 2847 noim
429 2827 498 2847 voi..
529 2819 546 2846 Ι,
593 2827 642 2847 ει».
668 2826 766 2847 susten
791 2818 835 2846 lll.
1346 2819 1372 2846 Ἠ
