<?xml version="1.0" encoding="UTF-8"?>
<!DOCTYPE html PUBLIC "-//W3C//DTD XHTML 1.0 Transitional//EN"
    "http://www.w3.org/TR/xhtml1/DTD/xhtml1-transitional.dtd">
<html xmlns="http://www.w3.org/1999/xhtml" xml:lang="en" lang="en">
 <head>
  <title>
</title>
<meta http-equiv="Content-Type" content="text/html;charset=utf-8" />
  <meta name='ocr-system' content='tesseract 3.04.00' />
  <meta name='ocr-capabilities' content='ocr_page ocr_carea ocr_par ocr_line ocrx_word'/>
</head>
<body>
  <div class='ocr_page' id='page_1' title='image "./qhoratiusflaccus01horauoft/qhoratiusflaccus01horauoft_0429.png"; bbox 0 0 1997 3219; ppageno 0'>
   <div class='ocr_carea' id='block_1_1' title="bbox 388 137 1601 481">
    <p class='ocr_par' dir='ltr' id='par_1_1' title="bbox 388 137 1601 481">
     <span class='ocr_line' id='line_1_1' title="bbox 695 137 1601 178; baseline 0 -10"><span class='ocrx_word' id='word_1_1' title='bbox 695 137 773 168; x_wconf 79' lang='lat' dir='ltr'>Lm.</span> <span class='ocrx_word' id='word_1_2' title='bbox 801 138 854 168; x_wconf 87' lang='lat'>111.</span> <span class='ocrx_word' id='word_1_3' title='bbox 905 138 942 167; x_wconf 81' lang='lat' dir='ltr'>c.</span> <span class='ocrx_word' id='word_1_4' title='bbox 970 137 1008 168; x_wconf 86' lang='lat' dir='ltr'>v.</span> <span class='ocrx_word' id='word_1_5' title='bbox 1521 138 1601 178; x_wconf 79' lang='lat'>375</span> 
     </span>
     <span class='ocr_line' id='line_1_2' title="bbox 445 238 1104 296; baseline 0.002 -15"><span class='ocrx_word' id='word_1_6' title='bbox 445 241 658 296; x_wconf 74' lang='lat' dir='ltr'>Augustus</span> <span class='ocrx_word' id='word_1_7' title='bbox 689 238 865 282; x_wconf 86' lang='lat' dir='ltr'>adiectis</span> <span class='ocrx_word' id='word_1_8' title='bbox 895 239 1104 282; x_wconf 88' lang='lat' dir='ltr'>Britannis</span> 
     </span>
     <span class='ocr_line' id='line_1_3' title="bbox 503 319 1191 377; baseline 0.001 -17"><span class='ocrx_word' id='word_1_9' title='bbox 503 320 685 376; x_wconf 88' lang='lat' dir='ltr'>Imperio</span> <span class='ocrx_word' id='word_1_10' title='bbox 715 319 1004 377; x_wconf 81' lang='lat' dir='ltr'>gravibusque</span> <span class='ocrx_word' id='word_1_11' title='bbox 1036 321 1191 363; x_wconf 89' lang='lat' dir='ltr'>Persis.</span> 
     </span>
     <span class='ocr_line' id='line_1_4' title="bbox 388 424 1600 481; baseline 0.001 -16"><span class='ocrx_word' id='word_1_12' title='bbox 388 424 560 466; x_wconf 83' lang='lat' dir='ltr'>Milesne</span> <span class='ocrx_word' id='word_1_13' title='bbox 592 424 731 467; x_wconf 78' lang='lat' dir='ltr'>Crassi</span> <span class='ocrx_word' id='word_1_14' title='bbox 763 425 944 481; x_wconf 82' lang='lat' dir='ltr'>coniuge</span> <span class='ocrx_word' id='word_1_15' title='bbox 975 424 1158 467; x_wconf 85' lang='lat' dir='ltr'>barbara</span> <span class='ocrx_word' id='word_1_16' title='bbox 1575 427 1600 466; x_wconf 98' lang='lat'>5</span> 
     </span>
    </p>
   </div>
   <div class='ocr_carea' id='block_1_2' title="bbox 392 504 1251 560">
    <p class='ocr_par' dir='ltr' id='par_1_2' title="bbox 392 504 1251 560">
     <span class='ocr_line' id='line_1_5' title="bbox 392 504 1251 560; baseline 0.001 -15"><span class='ocrx_word' id='word_1_17' title='bbox 392 505 541 560; x_wconf 88' lang='lat' dir='ltr'>Turpis</span> <span class='ocrx_word' id='word_1_18' title='bbox 571 504 747 547; x_wconf 88' lang='lat' dir='ltr'>maritus</span> <span class='ocrx_word' id='word_1_19' title='bbox 779 505 879 546; x_wconf 81' lang='lat' dir='ltr'>vixit</span> <span class='ocrx_word' id='word_1_20' title='bbox 909 511 952 547; x_wconf 91' lang='lat' dir='ltr'>ct</span> <span class='ocrx_word' id='word_1_21' title='bbox 980 505 1165 547; x_wconf 91' lang='lat' dir='ltr'>hostium</span> <span class='ocrx_word' id='word_1_22' title='bbox 1196 531 1251 536; x_wconf 98' lang='lat'>—</span> 
     </span>
    </p>
   </div>
   <div class='ocr_carea' id='block_1_3' title="bbox 446 585 1238 641">
    <p class='ocr_par' dir='ltr' id='par_1_3' title="bbox 446 585 1238 641">
     <span class='ocr_line' id='line_1_6' title="bbox 446 585 1238 641; baseline 0.001 -16"><span class='ocrx_word' id='word_1_23' title='bbox 446 586 526 626; x_wconf 84' lang='lat' dir='ltr'>Pro</span> <span class='ocrx_word' id='word_1_24' title='bbox 558 585 676 627; x_wconf 87' lang='lat' dir='ltr'>curia</span> <span class='ocrx_word' id='word_1_25' title='bbox 708 585 953 641; x_wconf 88' lang='lat' dir='ltr'>inversique</span> <span class='ocrx_word' id='word_1_26' title='bbox 984 585 1150 628; x_wconf 89' lang='lat' dir='ltr'>mores!</span> <span class='ocrx_word' id='word_1_27' title='bbox 1182 610 1238 616; x_wconf 91' lang='lat'>-</span> 
     </span>
    </p>
   </div>
   <div class='ocr_carea' id='block_1_4' title="bbox 500 665 1242 708">
    <p class='ocr_par' dir='ltr' id='par_1_4' title="bbox 500 665 1242 708">
     <span class='ocr_line' id='line_1_7' title="bbox 500 665 1242 708; baseline -0.001 -1"><span class='ocrx_word' id='word_1_28' title='bbox 500 665 731 707; x_wconf 88' lang='lat' dir='ltr'>Consenuit</span> <span class='ocrx_word' id='word_1_29' title='bbox 761 679 1011 708; x_wconf 79' lang='lat' dir='ltr'>socerorum</span> <span class='ocrx_word' id='word_1_30' title='bbox 1042 666 1083 706; x_wconf 87' lang='lat' dir='ltr'>in</span> <span class='ocrx_word' id='word_1_31' title='bbox 1114 666 1242 707; x_wconf 88' lang='lat' dir='ltr'>armis</span> 
     </span>
    </p>
   </div>
   <div class='ocr_carea' id='block_1_5' title="bbox 250 819 1558 859">
    <p class='ocr_par' dir='ltr' id='par_1_5' title="bbox 250 819 1558 859">
     <span class='ocr_line' id='line_1_8' title="bbox 250 819 1558 859; baseline 0.003 -8"><span class='ocrx_word' id='word_1_32' title='bbox 250 822 282 852; x_wconf 91' lang='lat'>8.</span> <span class='ocrx_word' id='word_1_33' title='bbox 309 822 400 851; x_wconf 64' lang='lat' dir='ltr'>arcis</span> <span class='ocrx_word' id='word_1_34' title='bbox 427 828 507 851; x_wconf 86' lang='lat' dir='ltr'>cum</span> <span class='ocrx_word' id='word_1_35' title='bbox 532 820 614 851; x_wconf 87' lang='lat' dir='ltr'>Tan.</span> <span class='ocrx_word' id='word_1_36' title='bbox 636 819 748 851; x_wconf 86' lang='lat' dir='ltr'>Fabro</span> <span class='ocrx_word' id='word_1_37' title='bbox 773 821 808 851; x_wconf 92' lang='lat' dir='ltr'>et</span> <span class='ocrx_word' id='word_1_38' title='bbox 824 820 964 852; x_wconf 83' lang='lat' dir='ltr'><strong>Heinsio</strong></span> <span class='ocrx_word' id='word_1_39' title='bbox 989 819 1114 858; x_wconf 71' lang='lat' dir='ltr'>Bentl,</span> <span class='ocrx_word' id='word_1_40' title='bbox 1141 821 1183 859; x_wconf 86' lang='lat' dir='ltr'>F,</span> <span class='ocrx_word' id='word_1_41' title='bbox 1211 822 1246 852; x_wconf 89' lang='lat' dir='ltr'>et</span> <span class='ocrx_word' id='word_1_42' title='bbox 1271 822 1320 853; x_wconf 91' lang='lat' dir='ltr'>sic</span> <span class='ocrx_word' id='word_1_43' title='bbox 1346 821 1452 854; x_wconf 89' lang='lat' dir='ltr'>habet</span> <span class='ocrx_word' id='word_1_44' title='bbox 1474 823 1558 855; x_wconf 91' lang='lat' dir='ltr'>Cod.</span> 
     </span>
    </p>
   </div>
   <div class='ocr_carea' id='block_1_6' title="bbox 206 869 873 910">
    <p class='ocr_par' dir='ltr' id='par_1_6' title="bbox 206 869 873 910">
     <span class='ocr_line' id='line_1_9' title="bbox 206 869 873 910; baseline -0.001 -9"><span class='ocrx_word' id='word_1_45' title='bbox 206 869 326 901; x_wconf 80' lang='lat' dir='ltr'>Altorf.</span> <span class='ocrx_word' id='word_1_46' title='bbox 356 871 383 901; x_wconf 80' lang='grc'>1.</span> <span class='ocrx_word' id='word_1_47' title='bbox 411 869 506 910; x_wconf 88' lang='lat' dir='ltr'>apud</span> <span class='ocrx_word' id='word_1_48' title='bbox 539 869 684 900; x_wconf 89' lang='lat' dir='ltr'>lanium.</span> <span class='ocrx_word' id='word_1_49' title='bbox 713 870 764 909; x_wconf 85' lang='lat' dir='ltr'>(Ut</span> <span class='ocrx_word' id='word_1_50' title='bbox 787 877 873 908; x_wconf 82' lang='lat' dir='ltr'>nos,</span> 
     </span>
    </p>
   </div>
   <div class='ocr_carea' id='block_1_7' title="bbox 207 918 858 959">
    <p class='ocr_par' dir='ltr' id='par_1_7' title="bbox 207 918 858 959">
     <span class='ocr_line' id='line_1_10' title="bbox 207 918 858 959; baseline 0 -9"><span class='ocrx_word' id='word_1_51' title='bbox 207 919 307 950; x_wconf 82' lang='lat' dir='ltr'>tierii.</span> <span class='ocrx_word' id='word_1_52' title='bbox 355 918 488 950; x_wconf 81' lang='lat' dir='ltr'>Excidit</span> <span class='ocrx_word' id='word_1_53' title='bbox 512 918 568 950; x_wconf 89' lang='lat' dir='ltr'>hic</span> <span class='ocrx_word' id='word_1_54' title='bbox 591 927 624 948; x_wconf 90' lang='lat' dir='ltr'>v.</span> <span class='ocrx_word' id='word_1_55' title='bbox 652 926 670 949; x_wconf 87' lang='lat' dir='ltr'>e</span> <span class='ocrx_word' id='word_1_56' title='bbox 696 918 781 950; x_wconf 88' lang='lat' dir='ltr'>Cod.</span> <span class='ocrx_word' id='word_1_57' title='bbox 809 919 858 959; x_wconf 87' lang='lat' dir='ltr'>T.)</span> 
     </span>
    </p>
   </div>
   <div class='ocr_carea' id='block_1_8' title="bbox 158 1060 860 2727">
    <p class='ocr_par' dir='ltr' id='par_1_8' title="bbox 167 1060 856 1150">
     <span class='ocr_line' id='line_1_11' title="bbox 168 1060 856 1093; baseline 0.001 -1"><span class='ocrx_word' id='word_1_58' title='bbox 168 1060 404 1092; x_wconf 83' lang='lat' dir='ltr'><strong>molestissimi</strong></span> <span class='ocrx_word' id='word_1_59' title='bbox 440 1062 603 1092; x_wconf 86' lang='lat' dir='ltr'>Romanis</span> <span class='ocrx_word' id='word_1_60' title='bbox 634 1070 675 1093; x_wconf 90' lang='lat' dir='ltr'>ac</span> <span class='ocrx_word' id='word_1_61' title='bbox 708 1061 856 1093; x_wconf 80' lang='lat' dir='ltr'>seroces.</span> 
     </span>
     <span class='ocr_line' id='line_1_12' title="bbox 167 1110 856 1150; baseline 0 -9"><span class='ocrx_word' id='word_1_62' title='bbox 167 1111 285 1141; x_wconf 79' lang='lat' dir='ltr'>Persae</span> <span class='ocrx_word' id='word_1_63' title='bbox 307 1118 371 1150; x_wconf 89' lang='lat' dir='ltr'>pro</span> <span class='ocrx_word' id='word_1_64' title='bbox 386 1110 534 1148; x_wconf 79' lang='lat' dir='ltr'>Parthis,</span> <span class='ocrx_word' id='word_1_65' title='bbox 561 1112 599 1141; x_wconf 91' lang='lat' dir='ltr'>ut</span> <span class='ocrx_word' id='word_1_66' title='bbox 614 1110 675 1142; x_wconf 94' lang='lat' dir='ltr'>Od.</span> <span class='ocrx_word' id='word_1_67' title='bbox 696 1111 728 1148; x_wconf 74' lang='lat' dir='ltr'>l,</span> <span class='ocrx_word' id='word_1_68' title='bbox 748 1111 784 1149; x_wconf 70' lang='lat'>2,</span> <span class='ocrx_word' id='word_1_69' title='bbox 804 1111 856 1141; x_wconf 61' lang='grc' dir='ltr'>Ἠ.</span> 
     </span>
    </p>

    <p class='ocr_par' dir='ltr' id='par_1_9' title="bbox 158 1159 860 2727">
     <span class='ocr_line' id='line_1_13' title="bbox 208 1159 859 1200; baseline 0 -10"><span class='ocrx_word' id='word_1_70' title='bbox 208 1160 239 1190; x_wconf 98' lang='lat'>5</span> <span class='ocrx_word' id='word_1_71' title='bbox 260 1159 290 1190; x_wconf 84' lang='lat'>6.</span> <span class='ocrx_word' id='word_1_72' title='bbox 317 1159 450 1190; x_wconf 73' lang='lat' dir='ltr'>Milesne</span> <span class='ocrx_word' id='word_1_73' title='bbox 468 1159 859 1200; x_wconf 78' lang='lat' dir='ltr'>Crassi]Cumindigna-</span> 
     </span>
     <span class='ocr_line' id='line_1_14' title="bbox 167 1208 860 1249; baseline 0 -9"><span class='ocrx_word' id='word_1_74' title='bbox 167 1209 279 1240; x_wconf 86' lang='lat' dir='ltr'>tione:</span> <span class='ocrx_word' id='word_1_75' title='bbox 307 1209 391 1246; x_wconf 86' lang='lat' dir='ltr'>«Qui</span> <span class='ocrx_word' id='word_1_76' title='bbox 410 1209 484 1240; x_wconf 88' lang='lat' dir='ltr'>fieri</span> <span class='ocrx_word' id='word_1_77' title='bbox 500 1210 624 1249; x_wconf 80' lang='lat' dir='ltr'>potuit,</span> <span class='ocrx_word' id='word_1_78' title='bbox 652 1211 687 1240; x_wconf 91' lang='lat' dir='ltr'>ut</span> <span class='ocrx_word' id='word_1_79' title='bbox 704 1208 805 1241; x_wconf 90' lang='lat' dir='ltr'>miles</span> <span class='ocrx_word' id='word_1_80' title='bbox 820 1226 860 1231; x_wconf 95' lang='lat'>——</span> 
     </span>
     <span class='ocr_line' id='line_1_15' title="bbox 162 1257 860 1290; baseline 0.001 -2"><span class='ocrx_word' id='word_1_81' title='bbox 162 1258 342 1289; x_wconf 61' lang='lat' dir='ltr'>viverem»</span> <span class='ocrx_word' id='word_1_82' title='bbox 392 1257 557 1289; x_wconf 89' lang='lat' dir='ltr'>Consulto</span> <span class='ocrx_word' id='word_1_83' title='bbox 604 1258 660 1289; x_wconf 91' lang='lat' dir='ltr'>hic</span> <span class='ocrx_word' id='word_1_84' title='bbox 707 1257 860 1290; x_wconf 81' lang='lat' dir='ltr'><strong>declinat</strong></span> 
     </span>
     <span class='ocr_line' id='line_1_16' title="bbox 163 1307 858 1348; baseline 0 -10"><span class='ocrx_word' id='word_1_85' title='bbox 163 1307 380 1339; x_wconf 84' lang='lat' dir='ltr'>mentionem</span> <span class='ocrx_word' id='word_1_86' title='bbox 405 1307 530 1346; x_wconf 89' lang='lat' dir='ltr'>cladis,</span> <span class='ocrx_word' id='word_1_87' title='bbox 557 1316 663 1348; x_wconf 85' lang='lat' dir='ltr'>quam</span> <span class='ocrx_word' id='word_1_88' title='bbox 687 1308 730 1340; x_wconf 88' lang='lat' dir='ltr'>M.</span> <span class='ocrx_word' id='word_1_89' title='bbox 749 1308 858 1339; x_wconf 81' lang='lat' dir='ltr'>Anto-</span> 
     </span>
     <span class='ocr_line' id='line_1_17' title="bbox 163 1357 858 1389; baseline 0 -1"><span class='ocrx_word' id='word_1_90' title='bbox 163 1358 240 1388; x_wconf 92' lang='lat' dir='ltr'>nius</span> <span class='ocrx_word' id='word_1_91' title='bbox 264 1365 295 1387; x_wconf 86' lang='lat' dir='ltr'>a.</span> <span class='ocrx_word' id='word_1_92' title='bbox 324 1365 357 1387; x_wconf 89' lang='lat' dir='ltr'>u.</span> <span class='ocrx_word' id='word_1_93' title='bbox 385 1366 414 1388; x_wconf 90' lang='lat' dir='ltr'>c.</span> <span class='ocrx_word' id='word_1_94' title='bbox 443 1357 516 1388; x_wconf 72' lang='lat'>7⁴8.</span> <span class='ocrx_word' id='word_1_95' title='bbox 543 1365 562 1388; x_wconf 88' lang='lat' dir='ltr'>a</span> <span class='ocrx_word' id='word_1_96' title='bbox 586 1357 722 1389; x_wconf 89' lang='lat' dir='ltr'>Parthis</span> <span class='ocrx_word' id='word_1_97' title='bbox 753 1365 858 1388; x_wconf 88' lang='lat' dir='ltr'>acce-</span> 
     </span>
     <span class='ocr_line' id='line_1_18' title="bbox 162 1405 857 1447; baseline 0.001 -11"><span class='ocrx_word' id='word_1_98' title='bbox 162 1407 279 1447; x_wconf 84' lang='lat' dir='ltr'>perat,</span> <span class='ocrx_word' id='word_1_99' title='bbox 317 1406 390 1437; x_wconf 71' lang='lat' dir='ltr'>sive</span> <span class='ocrx_word' id='word_1_100' title='bbox 426 1405 522 1446; x_wconf 88' lang='lat' dir='ltr'>quod</span> <span class='ocrx_word' id='word_1_101' title='bbox 554 1407 696 1438; x_wconf 91' lang='lat' dir='ltr'>omnino</span> <span class='ocrx_word' id='word_1_102' title='bbox 728 1406 857 1438; x_wconf 92' lang='lat' dir='ltr'>inimici</span> 
     </span>
     <span class='ocr_line' id='line_1_19' title="bbox 163 1455 858 1496; baseline 0.001 -10"><span class='ocrx_word' id='word_1_103' title='bbox 163 1456 322 1496; x_wconf 85' lang='lat' dir='ltr'>oppressi</span> <span class='ocrx_word' id='word_1_104' title='bbox 358 1455 567 1487; x_wconf 85' lang='lat' dir='ltr'>memoriam</span> <span class='ocrx_word' id='word_1_105' title='bbox 598 1455 754 1487; x_wconf 83' lang='lat' dir='ltr'>refricari</span> <span class='ocrx_word' id='word_1_106' title='bbox 785 1458 858 1487; x_wconf 77' lang='lat' dir='ltr'>Au·-</span> 
     </span>
     <span class='ocr_line' id='line_1_20' title="bbox 161 1503 859 1546; baseline 0.001 -11"><span class='ocrx_word' id='word_1_107' title='bbox 161 1505 283 1544; x_wconf 82' lang='lat' dir='ltr'>gustus</span> <span class='ocrx_word' id='word_1_108' title='bbox 318 1503 442 1542; x_wconf 88' lang='lat' dir='ltr'>nollet,</span> <span class='ocrx_word' id='word_1_109' title='bbox 479 1504 553 1536; x_wconf 89' lang='lat' dir='ltr'>sive</span> <span class='ocrx_word' id='word_1_110' title='bbox 585 1504 681 1545; x_wconf 86' lang='lat' dir='ltr'>quod</span> <span class='ocrx_word' id='word_1_111' title='bbox 711 1506 859 1546; x_wconf 88' lang='lat' dir='ltr'>propter</span> 
     </span>
     <span class='ocr_line' id='line_1_21' title="bbox 161 1553 858 1593; baseline 0.001 -9"><span class='ocrx_word' id='word_1_112' title='bbox 161 1554 350 1585; x_wconf 79' lang='lat' dir='ltr'>amicitiam</span> <span class='ocrx_word' id='word_1_113' title='bbox 379 1562 460 1585; x_wconf 85' lang='lat' dir='ltr'>cum</span> <span class='ocrx_word' id='word_1_114' title='bbox 489 1553 561 1585; x_wconf 93' lang='lat' dir='ltr'>Iulo</span> <span class='ocrx_word' id='word_1_115' title='bbox 592 1555 757 1593; x_wconf 88' lang='lat' dir='ltr'>Antonio,</span> <span class='ocrx_word' id='word_1_116' title='bbox 795 1555 858 1585; x_wconf 89' lang='lat' dir='ltr'>tri—</span> 
     </span>
     <span class='ocr_line' id='line_1_22' title="bbox 162 1602 858 1642; baseline 0.001 -8"><span class='ocrx_word' id='word_1_117' title='bbox 162 1604 286 1634; x_wconf 90' lang='lat' dir='ltr'>umviri</span> <span class='ocrx_word' id='word_1_118' title='bbox 311 1602 399 1642; x_wconf 84' lang='lat' dir='ltr'>filio,</span> <span class='ocrx_word' id='word_1_119' title='bbox 437 1604 556 1635; x_wconf 88' lang='lat' dir='ltr'>initam</span> <span class='ocrx_word' id='word_1_120' title='bbox 590 1604 752 1636; x_wconf 87' lang='lat' dir='ltr'>Horatius</span> <span class='ocrx_word' id='word_1_121' title='bbox 777 1603 858 1635; x_wconf 91' lang='lat' dir='ltr'>ubi-</span> 
     </span>
     <span class='ocr_line' id='line_1_23' title="bbox 162 1653 856 1693; baseline 0.003 -11"><span class='ocrx_word' id='word_1_122' title='bbox 162 1661 230 1692; x_wconf 92' lang='lat' dir='ltr'>que</span> <span class='ocrx_word' id='word_1_123' title='bbox 255 1653 298 1683; x_wconf 80' lang='lat' dir='ltr'>M.</span> <span class='ocrx_word' id='word_1_124' title='bbox 324 1653 472 1684; x_wconf 81' lang='lat' dir='ltr'>Antonio</span> <span class='ocrx_word' id='word_1_125' title='bbox 496 1653 665 1693; x_wconf 87' lang='lat' dir='ltr'>pepercit.</span> <span class='ocrx_word' id='word_1_126' title='bbox 695 1654 856 1693; x_wconf 85' lang='lat' dir='ltr'>-Iunge</span> 
     </span>
     <span class='ocr_line' id='line_1_24' title="bbox 160 1701 854 1742; baseline 0.003 -10"><span class='ocrx_word' id='word_1_127' title='bbox 160 1702 303 1732; x_wconf 78' lang='lat' dir='ltr'>maritus</span> <span class='ocrx_word' id='word_1_128' title='bbox 335 1702 472 1742; x_wconf 36' lang='lat' dir='ltr'>contu-qe</span> <span class='ocrx_word' id='word_1_129' title='bbox 510 1702 673 1740; x_wconf 80' lang='lat' dir='ltr'>barbara,</span> <span class='ocrx_word' id='word_1_130' title='bbox 714 1701 749 1734; x_wconf 92' lang='lat' dir='ltr'>id</span> <span class='ocrx_word' id='word_1_131' title='bbox 784 1705 854 1741; x_wconf 86' lang='lat' dir='ltr'>est,</span> 
     </span>
     <span class='ocr_line' id='line_1_25' title="bbox 163 1750 855 1792; baseline 0.004 -11"><span class='ocrx_word' id='word_1_132' title='bbox 163 1750 318 1782; x_wconf 85' lang='lat' dir='ltr'>«habens</span> <span class='ocrx_word' id='word_1_133' title='bbox 336 1751 520 1792; x_wconf 87' lang='lat' dir='ltr'>coniugem</span> <span class='ocrx_word' id='word_1_134' title='bbox 538 1751 765 1783; x_wconf 84' lang='lat' dir='ltr'>barbaram.»</span> <span class='ocrx_word' id='word_1_135' title='bbox 785 1752 855 1784; x_wconf 78' lang='lat' dir='ltr'>Cfr.</span> 
     </span>
     <span class='ocr_line' id='line_1_26' title="bbox 162 1800 859 1842; baseline 0 -10"><span class='ocrx_word' id='word_1_136' title='bbox 162 1801 260 1832; x_wconf 77' lang='lat' dir='ltr'>Ovid.</span> <span class='ocrx_word' id='word_1_137' title='bbox 293 1801 374 1832; x_wconf 88' lang='lat' dir='ltr'>Her.</span> <span class='ocrx_word' id='word_1_138' title='bbox 408 1800 444 1839; x_wconf 74' lang='lat'>4,</span> <span class='ocrx_word' id='word_1_139' title='bbox 484 1801 565 1833; x_wconf 68' lang='lat'>434:</span> <span class='ocrx_word' id='word_1_140' title='bbox 604 1802 646 1833; x_wconf 79' lang='lat' dir='ltr'>Et</span> <span class='ocrx_word' id='word_1_141' title='bbox 678 1802 731 1842; x_wconf 81' lang='lat' dir='ltr'>fas</span> <span class='ocrx_word' id='word_1_142' title='bbox 765 1810 859 1833; x_wconf 83' lang='lat' dir='ltr'>omne</span> 
     </span>
     <span class='ocr_line' id='line_1_27' title="bbox 160 1850 859 1891; baseline 0 -9"><span class='ocrx_word' id='word_1_143' title='bbox 160 1851 241 1891; x_wconf 75' lang='lat' dir='ltr'>facit</span> <span class='ocrx_word' id='word_1_144' title='bbox 263 1850 370 1890; x_wconf 80' lang='lat' dir='ltr'>fratre</span> <span class='ocrx_word' id='word_1_145' title='bbox 393 1850 519 1881; x_wconf 83' lang='lat' dir='ltr'>marita</span> <span class='ocrx_word' id='word_1_146' title='bbox 538 1859 643 1882; x_wconf 82' lang='lat' dir='ltr'>soror.</span> <span class='ocrx_word' id='word_1_147' title='bbox 670 1850 751 1882; x_wconf 83' lang='lat' dir='ltr'>Alii:</span> <span class='ocrx_word' id='word_1_148' title='bbox 784 1854 859 1882; x_wconf 80' lang='lat' dir='ltr'>tur-</span> 
     </span>
     <span class='ocr_line' id='line_1_28' title="bbox 158 1899 859 1939; baseline 0 -8"><span class='ocrx_word' id='word_1_149' title='bbox 158 1901 212 1939; x_wconf 78' lang='lat' dir='ltr'>pis</span> <span class='ocrx_word' id='word_1_150' title='bbox 234 1900 371 1939; x_wconf 65' lang='lat' dir='ltr'>coniuge</span> <span class='ocrx_word' id='word_1_151' title='bbox 395 1899 561 1930; x_wconf 80' lang='lat' dir='ltr'>barbara:</span> <span class='ocrx_word' id='word_1_152' title='bbox 587 1900 651 1932; x_wconf 91' lang='lat' dir='ltr'>sed</span> <span class='ocrx_word' id='word_1_153' title='bbox 675 1899 780 1932; x_wconf 86' lang='lat' dir='ltr'>ablat.</span> <span class='ocrx_word' id='word_1_154' title='bbox 804 1901 859 1932; x_wconf 92' lang='lat' dir='ltr'>in-</span> 
     </span>
     <span class='ocr_line' id='line_1_29' title="bbox 163 1947 860 1989; baseline 0.001 -10"><span class='ocrx_word' id='word_1_155' title='bbox 163 1947 400 1980; x_wconf 83' lang='lat' dir='ltr'>strumentalis</span> <span class='ocrx_word' id='word_1_156' title='bbox 419 1949 452 1979; x_wconf 91' lang='lat' dir='ltr'>in</span> <span class='ocrx_word' id='word_1_157' title='bbox 470 1949 626 1988; x_wconf 80' lang='lat' dir='ltr'>coniugis</span> <span class='ocrx_word' id='word_1_158' title='bbox 642 1957 794 1989; x_wconf 90' lang='lat' dir='ltr'>persona</span> <span class='ocrx_word' id='word_1_159' title='bbox 811 1948 860 1980; x_wconf 88' lang='lat' dir='ltr'>lo-</span> 
     </span>
     <span class='ocr_line' id='line_1_30' title="bbox 162 1997 860 2030; baseline -0.001 0"><span class='ocrx_word' id='word_1_160' title='bbox 162 2007 243 2030; x_wconf 90' lang='lat' dir='ltr'>cum</span> <span class='ocrx_word' id='word_1_161' title='bbox 259 2006 326 2028; x_wconf 93' lang='lat' dir='ltr'>non</span> <span class='ocrx_word' id='word_1_162' title='bbox 344 1997 462 2028; x_wconf 84' lang='lat' dir='ltr'>babet.</span> <span class='ocrx_word' id='word_1_163' title='bbox 491 1999 636 2029; x_wconf 89' lang='lat' dir='ltr'>Prorsus</span> <span class='ocrx_word' id='word_1_164' title='bbox 649 2000 767 2029; x_wconf 87' lang='lat' dir='ltr'>autem</span> <span class='ocrx_word' id='word_1_165' title='bbox 781 1999 860 2029; x_wconf 89' lang='lat' dir='ltr'>reii-</span> 
     </span>
     <span class='ocr_line' id='line_1_31' title="bbox 163 2047 855 2087; baseline -0.003 -7"><span class='ocrx_word' id='word_1_166' title='bbox 163 2047 286 2080; x_wconf 77' lang='lat' dir='ltr'>cienda</span> <span class='ocrx_word' id='word_1_167' title='bbox 328 2048 393 2078; x_wconf 88' lang='grc' dir='ltr'>ΗΡ.</span> <span class='ocrx_word' id='word_1_168' title='bbox 431 2048 482 2079; x_wconf 88' lang='lat' dir='ltr'>est</span> <span class='ocrx_word' id='word_1_169' title='bbox 519 2048 607 2078; x_wconf 85' lang='lat' dir='ltr'>coni.</span> <span class='ocrx_word' id='word_1_170' title='bbox 642 2048 673 2078; x_wconf 80' lang='lat' dir='ltr'>in</span> <span class='ocrx_word' id='word_1_171' title='bbox 708 2047 855 2087; x_wconf 67' lang='lat' dir='ltr'>coniuge.</span> 
     </span>
     <span class='ocr_line' id='line_1_32' title="bbox 167 2095 859 2136; baseline -0.001 -8"><span class='ocrx_word' id='word_1_172' title='bbox 167 2115 200 2118; x_wconf 90' lang='lat'>—</span> <span class='ocrx_word' id='word_1_173' title='bbox 237 2097 398 2128; x_wconf 73' lang='lat' dir='ltr'>«L&#39;xores</span> <span class='ocrx_word' id='word_1_174' title='bbox 429 2104 447 2126; x_wconf 90' lang='lat' dir='ltr'>a</span> <span class='ocrx_word' id='word_1_175' title='bbox 481 2095 672 2127; x_wconf 73' lang='lat' dir='ltr'>victoribus</span> <span class='ocrx_word' id='word_1_176' title='bbox 707 2105 859 2136; x_wconf 85' lang='lat' dir='ltr'>accepe-</span> 
     </span>
     <span class='ocr_line' id='line_1_33' title="bbox 162 2145 854 2182; baseline 0 -6"><span class='ocrx_word' id='word_1_177' title='bbox 162 2147 251 2182; x_wconf 74' lang='lat' dir='ltr'>rant,</span> <span class='ocrx_word' id='word_1_178' title='bbox 270 2147 307 2175; x_wconf 90' lang='lat' dir='ltr'>ut</span> <span class='ocrx_word' id='word_1_179' title='bbox 321 2145 427 2176; x_wconf 83' lang='lat' dir='ltr'>vitam</span> <span class='ocrx_word' id='word_1_180' title='bbox 441 2147 718 2176; x_wconf 81' lang='lat' dir='ltr'>mercarentur.»</span> <span class='ocrx_word' id='word_1_181' title='bbox 734 2146 854 2176; x_wconf 77' lang='lat' dir='ltr'>Senot..</span> 
     </span>
     <span class='ocr_line' id='line_1_34' title="bbox 167 2193 858 2235; baseline 0.001 -11"><span class='ocrx_word' id='word_1_182' title='bbox 167 2213 201 2217; x_wconf 86' lang='lat'><em>-</em></span> <span class='ocrx_word' id='word_1_183' title='bbox 246 2194 377 2235; x_wconf 75' lang='lat' dir='ltr'>Turpis]</span> <span class='ocrx_word' id='word_1_184' title='bbox 421 2196 566 2235; x_wconf 82' lang='lat' dir='ltr'>propter</span> <span class='ocrx_word' id='word_1_185' title='bbox 607 2194 770 2225; x_wconf 67' lang='lat' dir='ltr'>violatam</span> <span class='ocrx_word' id='word_1_186' title='bbox 806 2193 858 2225; x_wconf 93' lang='lat' dir='ltr'>le-</span> 
     </span>
     <span class='ocr_line' id='line_1_35' title="bbox 163 2243 858 2284; baseline 0 -10"><span class='ocrx_word' id='word_1_187' title='bbox 163 2251 242 2281; x_wconf 60' lang='lat' dir='ltr'>uem</span> <span class='ocrx_word' id='word_1_188' title='bbox 268 2244 460 2274; x_wconf 83' lang='lat' dir='ltr'>Romanam</span> <span class='ocrx_word' id='word_1_189' title='bbox 485 2245 589 2284; x_wconf 86' lang='lat' dir='ltr'>atque</span> <span class='ocrx_word' id='word_1_190' title='bbox 616 2244 648 2274; x_wconf 91' lang='lat' dir='ltr'>in</span> <span class='ocrx_word' id='word_1_191' title='bbox 675 2243 858 2274; x_wconf 86' lang='lat' dir='ltr'>matrimo-</span> 
     </span>
     <span class='ocr_line' id='line_1_36' title="bbox 164 2292 856 2333; baseline -0.001 -10"><span class='ocrx_word' id='word_1_192' title='bbox 164 2293 260 2324; x_wconf 87' lang='lat' dir='ltr'>nium</span> <span class='ocrx_word' id='word_1_193' title='bbox 292 2292 434 2324; x_wconf 76' lang='lat' dir='ltr'>ductam</span> <span class='ocrx_word' id='word_1_194' title='bbox 463 2302 532 2324; x_wconf 89' lang='lat' dir='ltr'>non</span> <span class='ocrx_word' id='word_1_195' title='bbox 562 2292 675 2324; x_wconf 84' lang='lat' dir='ltr'>solum</span> <span class='ocrx_word' id='word_1_196' title='bbox 699 2293 856 2333; x_wconf 79' lang='lat' dir='ltr'>peregri-</span> 
     </span>
     <span class='ocr_line' id='line_1_37' title="bbox 164 2340 854 2378; baseline 0 -7"><span class='ocrx_word' id='word_1_197' title='bbox 164 2350 263 2378; x_wconf 78' lang='lat' dir='ltr'>nam,</span> <span class='ocrx_word' id='word_1_198' title='bbox 301 2350 424 2373; x_wconf 84' lang='lat' dir='ltr'>verum</span> <span class='ocrx_word' id='word_1_199' title='bbox 457 2343 562 2373; x_wconf 77' lang='lat' dir='ltr'>etiam</span> <span class='ocrx_word' id='word_1_200' title='bbox 595 2342 705 2373; x_wconf 88' lang='lat' dir='ltr'>hostis</span> <span class='ocrx_word' id='word_1_201' title='bbox 737 2340 854 2372; x_wconf 78' lang='lat' dir='ltr'>filiam.</span> 
     </span>
     <span class='ocr_line' id='line_1_38' title="bbox 164 2390 858 2430; baseline 0.001 -10"><span class='ocrx_word' id='word_1_202' title='bbox 164 2391 255 2430; x_wconf 71' lang='lat' dir='ltr'>virg.</span> <span class='ocrx_word' id='word_1_203' title='bbox 276 2393 361 2422; x_wconf 83' lang='lat' dir='ltr'>Aen.</span> <span class='ocrx_word' id='word_1_204' title='bbox 381 2392 418 2429; x_wconf 80' lang='lat'>8,</span> <span class='ocrx_word' id='word_1_205' title='bbox 444 2391 526 2423; x_wconf 83' lang='lat'>688:</span> <span class='ocrx_word' id='word_1_206' title='bbox 551 2392 763 2430; x_wconf 77' lang='lat' dir='ltr'>sequiturque</span> <span class='ocrx_word' id='word_1_207' title='bbox 781 2390 858 2429; x_wconf 82' lang='lat' dir='ltr'>(An-</span> 
     </span>
     <span class='ocr_line' id='line_1_39' title="bbox 164 2440 854 2480; baseline -0.003 -9"><span class='ocrx_word' id='word_1_208' title='bbox 164 2441 314 2479; x_wconf 86' lang='lat' dir='ltr'>tonium)</span> <span class='ocrx_word' id='word_1_209' title='bbox 358 2441 469 2480; x_wconf 74' lang='lat' dir='ltr'>nefas!</span> <span class='ocrx_word' id='word_1_210' title='bbox 514 2440 675 2480; x_wconf 63' lang='lat' dir='ltr'>Aegyptia</span> <span class='ocrx_word' id='word_1_211' title='bbox 720 2440 854 2471; x_wconf 42' lang='lat' dir='ltr'>conium:</span> 
     </span>
     <span class='ocr_line' id='line_1_40' title="bbox 165 2488 858 2525; baseline -0.004 -5"><span class='ocrx_word' id='word_1_212' title='bbox 165 2490 235 2521; x_wconf 89' lang='lat' dir='ltr'>Liv.</span> <span class='ocrx_word' id='word_1_213' title='bbox 263 2489 322 2525; x_wconf 74' lang='lat'>43,</span> <span class='ocrx_word' id='word_1_214' title='bbox 356 2490 394 2520; x_wconf 85' lang='lat'>3:</span> <span class='ocrx_word' id='word_1_215' title='bbox 436 2498 478 2521; x_wconf 67' lang='lat' dir='ltr'>ez:</span> <span class='ocrx_word' id='word_1_216' title='bbox 515 2490 671 2520; x_wconf 74' lang='lat' dir='ltr'>militibus</span> <span class='ocrx_word' id='word_1_217' title='bbox 704 2488 858 2519; x_wconf 69' lang='lat' dir='ltr'>Immanis</span> 
     </span>
     <span class='ocr_line' id='line_1_41' title="bbox 164 2537 857 2578; baseline -0.004 -9"><span class='ocrx_word' id='word_1_218' title='bbox 164 2542 193 2569; x_wconf 82' lang='lat' dir='ltr'>el</span> <span class='ocrx_word' id='word_1_219' title='bbox 217 2547 259 2569; x_wconf 61' lang='lat' dir='ltr'>ex</span> <span class='ocrx_word' id='word_1_220' title='bbox 281 2539 436 2578; x_wconf 76' lang='lat' dir='ltr'>Hispanis</span> <span class='ocrx_word' id='word_1_221' title='bbox 458 2539 667 2573; x_wconf 81' lang='lat' dir='ltr'>mulieribus,</span> <span class='ocrx_word' id='word_1_222' title='bbox 692 2546 766 2568; x_wconf 81' lang='lat' dir='ltr'>cum</span> <span class='ocrx_word' id='word_1_223' title='bbox 781 2537 857 2575; x_wconf 79' lang='lat' dir='ltr'>qui—</span> 
     </span>
     <span class='ocr_line' id='line_1_42' title="bbox 164 2588 859 2624; baseline 0.001 -8"><span class='ocrx_word' id='word_1_224' title='bbox 164 2589 222 2618; x_wconf 76' lang='lat' dir='ltr'>bus</span> <span class='ocrx_word' id='word_1_225' title='bbox 254 2588 451 2619; x_wconf 76' lang='lat' dir='ltr'>connubium</span> <span class='ocrx_word' id='word_1_226' title='bbox 487 2598 548 2618; x_wconf 85' lang='lat' dir='ltr'>non</span> <span class='ocrx_word' id='word_1_227' title='bbox 573 2590 670 2624; x_wconf 77' lang='lat' dir='ltr'>esset,</span> <span class='ocrx_word' id='word_1_228' title='bbox 703 2589 797 2617; x_wconf 78' lang='lat' dir='ltr'>natos</span> <span class='ocrx_word' id='word_1_229' title='bbox 827 2594 859 2617; x_wconf 84' lang='lat' dir='ltr'>se</span> 
     </span>
     <span class='ocr_line' id='line_1_43' title="bbox 164 2636 857 2676; baseline -0.001 -10"><span class='ocrx_word' id='word_1_230' title='bbox 164 2642 392 2669; x_wconf 77' lang='lat' dir='ltr'>memorantes.</span> <span class='ocrx_word' id='word_1_231' title='bbox 416 2654 449 2660; x_wconf 86' lang='lat'><em>-</em></span> <span class='ocrx_word' id='word_1_232' title='bbox 472 2636 565 2676; x_wconf 60' lang='lat' dir='ltr'>vnit]</span> <span class='ocrx_word' id='word_1_233' title='bbox 585 2636 747 2667; x_wconf 76' lang='lat' dir='ltr'>«Adeone</span> <span class='ocrx_word' id='word_1_234' title='bbox 767 2636 857 2666; x_wconf 80' lang='lat' dir='ltr'>vitae</span> 
     </span>
     <span class='ocr_line' id='line_1_44' title="bbox 166 2685 858 2727; baseline -0.001 -11"><span class='ocrx_word' id='word_1_235' title='bbox 166 2686 313 2727; x_wconf 74' lang='lat' dir='ltr'>cupidus</span> <span class='ocrx_word' id='word_1_236' title='bbox 339 2687 414 2723; x_wconf 81' lang='lat' dir='ltr'>suit,</span> <span class='ocrx_word' id='word_1_237' title='bbox 454 2689 488 2717; x_wconf 86' lang='lat' dir='ltr'>ut</span> <span class='ocrx_word' id='word_1_238' title='bbox 519 2686 607 2716; x_wconf 81' lang='lat' dir='ltr'>lianc</span> <span class='ocrx_word' id='word_1_239' title='bbox 633 2685 858 2724; x_wconf 81' lang='lat' dir='ltr'>ignominiam</span> 
     </span>
    </p>
   </div>
   <div class='ocr_carea' id='block_1_9' title="bbox 911 869 1561 908">
    <p class='ocr_par' dir='ltr' id='par_1_10' title="bbox 911 869 1561 908">
     <span class='ocr_line' id='line_1_45' title="bbox 911 869 1561 908; baseline 0.005 -7"><span class='ocrx_word' id='word_1_240' title='bbox 911 869 1055 908; x_wconf 82' lang='lat' dir='ltr'>ssbScd,</span> <span class='ocrx_word' id='word_1_241' title='bbox 1094 878 1218 902; x_wconf 88' lang='lat' dir='ltr'>omnes</span> <span class='ocrx_word' id='word_1_242' title='bbox 1244 870 1388 903; x_wconf 87' lang='lat' dir='ltr'>Bentleii</span> <span class='ocrx_word' id='word_1_243' title='bbox 1421 874 1455 903; x_wconf 88' lang='lat' dir='ltr'>et</span> <span class='ocrx_word' id='word_1_244' title='bbox 1478 873 1561 904; x_wconf 85' lang='lat' dir='ltr'>Pot-</span> 
     </span>
    </p>
   </div>
   <div class='ocr_carea' id='block_1_10' title="bbox 907 1062 1605 2717">
    <p class='ocr_par' dir='ltr' id='par_1_11' title="bbox 908 1062 1605 1299">
     <span class='ocr_line' id='line_1_46' title="bbox 909 1062 1605 1102; baseline 0.001 -10"><span class='ocrx_word' id='word_1_245' title='bbox 909 1069 1024 1101; x_wconf 89' lang='lat' dir='ltr'>aequo</span> <span class='ocrx_word' id='word_1_246' title='bbox 1055 1062 1172 1093; x_wconf 89' lang='lat' dir='ltr'>animo</span> <span class='ocrx_word' id='word_1_247' title='bbox 1203 1063 1437 1102; x_wconf 80' lang='lat' dir='ltr'>pateretur‘?»</span> <span class='ocrx_word' id='word_1_248' title='bbox 1478 1080 1512 1084; x_wconf 92' lang='lat'>—-</span> <span class='ocrx_word' id='word_1_249' title='bbox 1545 1063 1605 1094; x_wconf 84' lang='grc' dir='ltr'><em>Ιιο-</em></span> 
     </span>
     <span class='ocr_line' id='line_1_47' title="bbox 908 1110 1604 1151; baseline 0.003 -10"><span class='ocrx_word' id='word_1_250' title='bbox 908 1110 1017 1151; x_wconf 73' lang='lat' dir='ltr'>stium]</span> <span class='ocrx_word' id='word_1_251' title='bbox 1045 1119 1154 1151; x_wconf 90' lang='lat' dir='ltr'>«quos</span> <span class='ocrx_word' id='word_1_252' title='bbox 1179 1111 1211 1142; x_wconf 90' lang='lat' dir='ltr'>S.</span> <span class='ocrx_word' id='word_1_253' title='bbox 1236 1112 1271 1142; x_wconf 93' lang='lat' dir='ltr'>P.</span> <span class='ocrx_word' id='word_1_254' title='bbox 1292 1112 1330 1149; x_wconf 90' lang='lat' dir='ltr'>Q.</span> <span class='ocrx_word' id='word_1_255' title='bbox 1350 1112 1387 1143; x_wconf 86' lang='lat' dir='ltr'>R.</span> <span class='ocrx_word' id='word_1_256' title='bbox 1407 1111 1527 1143; x_wconf 89' lang='lat' dir='ltr'>hostes</span> <span class='ocrx_word' id='word_1_257' title='bbox 1550 1112 1604 1143; x_wconf 91' lang='lat' dir='ltr'>iu—</span> 
     </span>
     <span class='ocr_line' id='line_1_48' title="bbox 909 1159 1605 1200; baseline 0.001 -10"><span class='ocrx_word' id='word_1_258' title='bbox 909 1159 1061 1198; x_wconf 82' lang='lat' dir='ltr'>dicarat,</span> <span class='ocrx_word' id='word_1_259' title='bbox 1087 1159 1300 1200; x_wconf 85' lang='lat' dir='ltr'>quibuscum</span> <span class='ocrx_word' id='word_1_260' title='bbox 1324 1159 1454 1191; x_wconf 85' lang='lat' dir='ltr'>idcirco</span> <span class='ocrx_word' id='word_1_261' title='bbox 1472 1159 1605 1192; x_wconf 90' lang='lat' dir='ltr'>nullum</span> 
     </span>
     <span class='ocr_line' id='line_1_49' title="bbox 909 1209 1605 1250; baseline 0.001 -10"><span class='ocrx_word' id='word_1_262' title='bbox 909 1209 1050 1240; x_wconf 90' lang='lat' dir='ltr'>omnino</span> <span class='ocrx_word' id='word_1_263' title='bbox 1068 1209 1324 1243; x_wconf 89' lang='lat' dir='ltr'>commercium</span> <span class='ocrx_word' id='word_1_264' title='bbox 1342 1218 1458 1250; x_wconf 91' lang='lat' dir='ltr'>neque</span> <span class='ocrx_word' id='word_1_265' title='bbox 1473 1218 1605 1241; x_wconf 82' lang='lat' dir='ltr'>connu-</span> 
     </span>
     <span class='ocr_line' id='line_1_50' title="bbox 908 1257 1308 1299; baseline -0.003 -11"><span class='ocrx_word' id='word_1_266' title='bbox 908 1257 1007 1289; x_wconf 86' lang='lat' dir='ltr'>bium</span> <span class='ocrx_word' id='word_1_267' title='bbox 1032 1266 1111 1289; x_wconf 90' lang='lat' dir='ltr'>esse</span> <span class='ocrx_word' id='word_1_268' title='bbox 1135 1259 1308 1299; x_wconf 82' lang='lat' dir='ltr'>poterat.»</span> 
     </span>
    </p>

    <p class='ocr_par' dir='ltr' id='par_1_12' title="bbox 907 1307 1604 1691">
     <span class='ocr_line' id='line_1_51' title="bbox 951 1307 1604 1348; baseline 0 -10"><span class='ocrx_word' id='word_1_269' title='bbox 951 1307 982 1338; x_wconf 87' lang='lat'>7.</span> <span class='ocrx_word' id='word_1_270' title='bbox 1017 1307 1093 1348; x_wconf 81' lang='lat' dir='ltr'>Pro]</span> <span class='ocrx_word' id='word_1_271' title='bbox 1125 1308 1184 1339; x_wconf 90' lang='lat' dir='ltr'>Est</span> <span class='ocrx_word' id='word_1_272' title='bbox 1215 1308 1420 1340; x_wconf 90' lang='lat' dir='ltr'>demirantis</span> <span class='ocrx_word' id='word_1_273' title='bbox 1444 1316 1527 1339; x_wconf 91' lang='lat' dir='ltr'>cum</span> <span class='ocrx_word' id='word_1_274' title='bbox 1552 1308 1604 1338; x_wconf 94' lang='lat' dir='ltr'>in-</span> 
     </span>
     <span class='ocr_line' id='line_1_52' title="bbox 909 1356 1604 1397; baseline 0.001 -10"><span class='ocrx_word' id='word_1_275' title='bbox 909 1356 1120 1396; x_wconf 82' lang='lat' dir='ltr'>dignatione.</span> <span class='ocrx_word' id='word_1_276' title='bbox 1150 1374 1185 1378; x_wconf 98' lang='lat'><strong>—</strong></span> <span class='ocrx_word' id='word_1_277' title='bbox 1203 1357 1311 1397; x_wconf 87' lang='lat' dir='ltr'>curia]</span> <span class='ocrx_word' id='word_1_278' title='bbox 1330 1358 1400 1389; x_wconf 91' lang='lat' dir='ltr'>Cic.</span> <span class='ocrx_word' id='word_1_279' title='bbox 1420 1366 1485 1397; x_wconf 90' lang='lat' dir='ltr'>pro</span> <span class='ocrx_word' id='word_1_280' title='bbox 1502 1356 1604 1388; x_wconf 91' lang='lat' dir='ltr'>Plan-</span> 
     </span>
     <span class='ocr_line' id='line_1_53' title="bbox 909 1405 1604 1438; baseline 0 -1"><span class='ocrx_word' id='word_1_281' title='bbox 909 1406 962 1437; x_wconf 91' lang='lat' dir='ltr'>cio</span> <span class='ocrx_word' id='word_1_282' title='bbox 986 1405 1046 1437; x_wconf 76' lang='lat'>29:</span> <span class='ocrx_word' id='word_1_283' title='bbox 1083 1408 1190 1437; x_wconf 79' lang='lat' dir='ltr'>stante</span> <span class='ocrx_word' id='word_1_284' title='bbox 1211 1406 1292 1438; x_wconf 81' lang='lat' dir='ltr'>urbe</span> <span class='ocrx_word' id='word_1_285' title='bbox 1313 1409 1344 1438; x_wconf 76' lang='lat' dir='ltr'>et</span> <span class='ocrx_word' id='word_1_286' title='bbox 1366 1407 1473 1437; x_wconf 78' lang='lat' dir='ltr'>curia.</span> <span class='ocrx_word' id='word_1_287' title='bbox 1501 1406 1604 1437; x_wconf 79' lang='lat' dir='ltr'>Curia</span> 
     </span>
     <span class='ocr_line' id='line_1_54' title="bbox 907 1453 1604 1495; baseline 0.001 -10"><span class='ocrx_word' id='word_1_288' title='bbox 907 1454 1058 1486; x_wconf 82' lang='lat' dir='ltr'>refertur</span> <span class='ocrx_word' id='word_1_289' title='bbox 1082 1454 1126 1486; x_wconf 86' lang='lat' dir='ltr'>ad</span> <span class='ocrx_word' id='word_1_290' title='bbox 1144 1453 1276 1487; x_wconf 88' lang='lat' dir='ltr'>laesam</span> <span class='ocrx_word' id='word_1_291' title='bbox 1294 1457 1438 1487; x_wconf 88' lang='lat' dir='ltr'>senatus</span> <span class='ocrx_word' id='word_1_292' title='bbox 1455 1455 1604 1495; x_wconf 83' lang='lat' dir='ltr'>dignita-</span> 
     </span>
     <span class='ocr_line' id='line_1_55' title="bbox 908 1504 1603 1544; baseline 0.001 -10"><span class='ocrx_word' id='word_1_293' title='bbox 908 1505 996 1542; x_wconf 90' lang='lat' dir='ltr'>tem,</span> <span class='ocrx_word' id='word_1_294' title='bbox 1023 1504 1082 1544; x_wconf 91' lang='lat' dir='ltr'>qui</span> <span class='ocrx_word' id='word_1_295' title='bbox 1103 1506 1174 1535; x_wconf 90' lang='lat' dir='ltr'>tam</span> <span class='ocrx_word' id='word_1_296' title='bbox 1192 1504 1463 1543; x_wconf 82' lang='lat' dir='ltr'>ignominiosum</span> <span class='ocrx_word' id='word_1_297' title='bbox 1480 1512 1603 1536; x_wconf 90' lang='lat' dir='ltr'>casum</span> 
     </span>
     <span class='ocr_line' id='line_1_56' title="bbox 908 1553 1603 1594; baseline 0 -10"><span class='ocrx_word' id='word_1_298' title='bbox 908 1556 979 1584; x_wconf 88' lang='lat' dir='ltr'>tam</span> <span class='ocrx_word' id='word_1_299' title='bbox 1004 1553 1063 1584; x_wconf 92' lang='lat' dir='ltr'>diu</span> <span class='ocrx_word' id='word_1_300' title='bbox 1085 1554 1260 1594; x_wconf 83' lang='lat' dir='ltr'>patienter</span> <span class='ocrx_word' id='word_1_301' title='bbox 1282 1553 1409 1585; x_wconf 85' lang='lat' dir='ltr'>tulerit.</span> <span class='ocrx_word' id='word_1_302' title='bbox 1457 1553 1603 1586; x_wconf 90' lang='lat' dir='ltr'>Librarii</span> 
     </span>
     <span class='ocr_line' id='line_1_57' title="bbox 909 1602 1604 1644; baseline 0 -11"><span class='ocrx_word' id='word_1_303' title='bbox 909 1602 1165 1634; x_wconf 83' lang='lat' dir='ltr'>substituerunt</span> <span class='ocrx_word' id='word_1_304' title='bbox 1200 1612 1265 1643; x_wconf 79' lang='lat' dir='ltr'>pro</span> <span class='ocrx_word' id='word_1_305' title='bbox 1300 1604 1419 1644; x_wconf 78' lang='lat' dir='ltr'>patria</span> <span class='ocrx_word' id='word_1_306' title='bbox 1465 1604 1501 1634; x_wconf 87' lang='lat' dir='ltr'>et</span> <span class='ocrx_word' id='word_1_307' title='bbox 1538 1611 1604 1642; x_wconf 80' lang='lat' dir='ltr'>pro</span> 
     </span>
     <span class='ocr_line' id='line_1_58' title="bbox 907 1656 1068 1691; baseline -0.012 -7"><span class='ocrx_word' id='word_1_308' title='bbox 907 1656 1068 1691; x_wconf 79' lang='lat' dir='ltr'>tempora.</span> 
     </span>
    </p>

    <p class='ocr_par' dir='ltr' id='par_1_13' title="bbox 907 1700 1605 2717">
     <span class='ocr_line' id='line_1_59' title="bbox 951 1700 1605 1741; baseline -0.003 -8"><span class='ocrx_word' id='word_1_309' title='bbox 951 1702 982 1733; x_wconf 92' lang='grc'>8.</span> <span class='ocrx_word' id='word_1_310' title='bbox 1015 1700 1200 1741; x_wconf 81' lang='lat' dir='ltr'>Consenuit]</span> <span class='ocrx_word' id='word_1_311' title='bbox 1226 1701 1310 1739; x_wconf 87' lang='lat' dir='ltr'>Quia</span> <span class='ocrx_word' id='word_1_312' title='bbox 1342 1701 1409 1732; x_wconf 89' lang='lat' dir='ltr'>iam</span> <span class='ocrx_word' id='word_1_313' title='bbox 1434 1700 1513 1741; x_wconf 88' lang='lat' dir='ltr'>plus</span> <span class='ocrx_word' id='word_1_314' title='bbox 1542 1701 1605 1731; x_wconf 88' lang='lat' dir='ltr'>tri—</span> 
     </span>
     <span class='ocr_line' id='line_1_60' title="bbox 908 1749 1601 1790; baseline -0.001 -9"><span class='ocrx_word' id='word_1_315' title='bbox 908 1751 1000 1790; x_wconf 83' lang='lat' dir='ltr'>ginta</span> <span class='ocrx_word' id='word_1_316' title='bbox 1019 1758 1130 1781; x_wconf 87' lang='lat' dir='ltr'>annos</span> <span class='ocrx_word' id='word_1_317' title='bbox 1146 1750 1238 1782; x_wconf 83' lang='lat' dir='ltr'>inter</span> <span class='ocrx_word' id='word_1_318' title='bbox 1257 1751 1404 1782; x_wconf 88' lang='lat' dir='ltr'>Parthos</span> <span class='ocrx_word' id='word_1_319' title='bbox 1421 1749 1601 1790; x_wconf 81' lang='lat' dir='ltr'>degerant.</span> 
     </span>
     <span class='ocr_line' id='line_1_61' title="bbox 911 1799 1604 1840; baseline -0.001 -10"><span class='ocrx_word' id='word_1_320' title='bbox 911 1817 947 1822; x_wconf 93' lang='lat'>—</span> <span class='ocrx_word' id='word_1_321' title='bbox 972 1801 1007 1831; x_wconf 79' lang='lat' dir='ltr'>in</span> <span class='ocrx_word' id='word_1_322' title='bbox 1036 1799 1151 1840; x_wconf 81' lang='lat' dir='ltr'>armis]</span> <span class='ocrx_word' id='word_1_323' title='bbox 1177 1801 1326 1831; x_wconf 90' lang='lat' dir='ltr'>Prorsus</span> <span class='ocrx_word' id='word_1_324' title='bbox 1356 1800 1423 1831; x_wconf 92' lang='lat' dir='ltr'>hoc</span> <span class='ocrx_word' id='word_1_325' title='bbox 1454 1808 1495 1831; x_wconf 88' lang='lat' dir='ltr'>ex</span> <span class='ocrx_word' id='word_1_326' title='bbox 1519 1800 1604 1830; x_wconf 88' lang='lat' dir='ltr'>Par—</span> 
     </span>
     <span class='ocr_line' id='line_1_62' title="bbox 909 1848 1600 1887; baseline -0.006 -6"><span class='ocrx_word' id='word_1_327' title='bbox 909 1850 1051 1881; x_wconf 89' lang='lat' dir='ltr'>thorum</span> <span class='ocrx_word' id='word_1_328' title='bbox 1085 1857 1196 1880; x_wconf 89' lang='lat' dir='ltr'>more.</span> <span class='ocrx_word' id='word_1_329' title='bbox 1245 1849 1366 1881; x_wconf 89' lang='lat' dir='ltr'>lustin.</span> <span class='ocrx_word' id='word_1_330' title='bbox 1393 1848 1452 1887; x_wconf 74' lang='lat'>44,</span> <span class='ocrx_word' id='word_1_331' title='bbox 1488 1849 1526 1886; x_wconf 73' lang='lat'>2,</span> <span class='ocrx_word' id='word_1_332' title='bbox 1562 1848 1600 1878; x_wconf 86' lang='lat'>5:</span> 
     </span>
     <span class='ocr_line' id='line_1_63' title="bbox 907 1898 1602 1938; baseline -0.004 -8"><span class='ocrx_word' id='word_1_333' title='bbox 907 1899 1102 1930; x_wconf 59' lang='lat' dir='ltr'>Exercitum</span> <span class='ocrx_word' id='word_1_334' title='bbox 1140 1907 1222 1936; x_wconf 80' lang='lat' dir='ltr'>non,</span> <span class='ocrx_word' id='word_1_335' title='bbox 1270 1901 1306 1928; x_wconf 80' lang='lat' dir='ltr'>ut</span> <span class='ocrx_word' id='word_1_336' title='bbox 1350 1898 1439 1929; x_wconf 81' lang='lat' dir='ltr'>aliae</span> <span class='ocrx_word' id='word_1_337' title='bbox 1475 1900 1602 1938; x_wconf 57' lang='lat' dir='ltr'>pentes,</span> 
     </span>
     <span class='ocr_line' id='line_1_64' title="bbox 908 1944 1605 1986; baseline 0 -8"><span class='ocrx_word' id='word_1_338' title='bbox 908 1944 1102 1986; x_wconf 79' lang='lat' dir='ltr'>liberorum,</span> <span class='ocrx_word' id='word_1_339' title='bbox 1127 1947 1182 1978; x_wconf 84' lang='lat' dir='ltr'>sed</span> <span class='ocrx_word' id='word_1_340' title='bbox 1203 1947 1365 1978; x_wconf 80' lang='lat' dir='ltr'>maiorem</span> <span class='ocrx_word' id='word_1_341' title='bbox 1382 1949 1517 1986; x_wconf 78' lang='lat' dir='ltr'>partem</span> <span class='ocrx_word' id='word_1_342' title='bbox 1533 1955 1605 1978; x_wconf 79' lang='lat' dir='ltr'>ser-</span> 
     </span>
     <span class='ocr_line' id='line_1_65' title="bbox 907 1995 1603 2035; baseline -0.001 -8"><span class='ocrx_word' id='word_1_343' title='bbox 907 1997 1064 2028; x_wconf 78' lang='lat' dir='ltr'>vitiorwm</span> <span class='ocrx_word' id='word_1_344' title='bbox 1085 1995 1218 2032; x_wconf 49' lang='lat' dir='ltr'>habeam</span> <span class='ocrx_word' id='word_1_345' title='bbox 1244 1996 1368 2035; x_wconf 86' lang='lat' dir='ltr'>captivi</span> <span class='ocrx_word' id='word_1_346' title='bbox 1393 1996 1514 2026; x_wconf 84' lang='lat' dir='ltr'>autem</span> <span class='ocrx_word' id='word_1_347' title='bbox 1538 2004 1603 2035; x_wconf 86' lang='lat' dir='ltr'>pro</span> 
     </span>
     <span class='ocr_line' id='line_1_66' title="bbox 908 2043 1605 2085; baseline -0.003 -9"><span class='ocrx_word' id='word_1_348' title='bbox 908 2045 1092 2085; x_wconf 90' lang='lat' dir='ltr'>mancipiis</span> <span class='ocrx_word' id='word_1_349' title='bbox 1113 2045 1223 2075; x_wconf 88' lang='lat' dir='ltr'>erant.</span> <span class='ocrx_word' id='word_1_350' title='bbox 1245 2061 1280 2066; x_wconf 97' lang='lat'>—</span> <span class='ocrx_word' id='word_1_351' title='bbox 1300 2043 1405 2082; x_wconf 88' lang='lat' dir='ltr'>Quid,</span> <span class='ocrx_word' id='word_1_352' title='bbox 1429 2043 1524 2083; x_wconf 86' lang='lat' dir='ltr'>quod</span> <span class='ocrx_word' id='word_1_353' title='bbox 1540 2044 1605 2075; x_wconf 87' lang='lat' dir='ltr'>Ro-</span> 
     </span>
     <span class='ocr_line' id='line_1_67' title="bbox 909 2090 1601 2132; baseline -0.006 -6"><span class='ocrx_word' id='word_1_354' title='bbox 909 2103 1051 2130; x_wconf 77' lang='lat' dir='ltr'>manos,</span> <span class='ocrx_word' id='word_1_355' title='bbox 1079 2093 1138 2124; x_wconf 89' lang='lat' dir='ltr'>otii</span> <span class='ocrx_word' id='word_1_356' title='bbox 1155 2092 1395 2132; x_wconf 83' lang='lat' dir='ltr'>impatientes,</span> <span class='ocrx_word' id='word_1_357' title='bbox 1422 2090 1503 2122; x_wconf 89' lang='lat' dir='ltr'>belli</span> <span class='ocrx_word' id='word_1_358' title='bbox 1521 2100 1601 2123; x_wconf 91' lang='lat' dir='ltr'>cum</span> 
     </span>
     <span class='ocr_line' id='line_1_68' title="bbox 909 2140 1603 2183; baseline -0.003 -7"><span class='ocrx_word' id='word_1_359' title='bbox 909 2144 1045 2176; x_wconf 88' lang='lat' dir='ltr'>Parthis</span> <span class='ocrx_word' id='word_1_360' title='bbox 1070 2142 1234 2183; x_wconf 88' lang='lat' dir='ltr'>cupidos,</span> <span class='ocrx_word' id='word_1_361' title='bbox 1261 2142 1367 2173; x_wconf 85' lang='lat' dir='ltr'>etiam</span> <span class='ocrx_word' id='word_1_362' title='bbox 1387 2140 1603 2174; x_wconf 87' lang='lat' dir='ltr'>voluntarios</span> 
     </span>
     <span class='ocr_line' id='line_1_69' title="bbox 908 2189 1603 2231; baseline -0.007 -5"><span class='ocrx_word' id='word_1_363' title='bbox 908 2202 1006 2226; x_wconf 90' lang='lat' dir='ltr'>arma</span> <span class='ocrx_word' id='word_1_364' title='bbox 1025 2192 1142 2224; x_wconf 89' lang='lat' dir='ltr'>tulisse</span> <span class='ocrx_word' id='word_1_365' title='bbox 1163 2191 1257 2222; x_wconf 87' lang='lat' dir='ltr'>haud</span> <span class='ocrx_word' id='word_1_366' title='bbox 1274 2189 1508 2231; x_wconf 88' lang='lat' dir='ltr'>improbabile</span> <span class='ocrx_word' id='word_1_367' title='bbox 1526 2192 1603 2223; x_wconf 69' lang='lat' dir='ltr'>est?</span> 
     </span>
     <span class='ocr_line' id='line_1_70' title="bbox 907 2239 1602 2282; baseline -0.006 -8"><span class='ocrx_word' id='word_1_368' title='bbox 907 2244 1043 2282; x_wconf 81' lang='lat' dir='ltr'>Insigne</span> <span class='ocrx_word' id='word_1_369' title='bbox 1089 2242 1184 2272; x_wconf 85' lang='lat' dir='ltr'>certe</span> <span class='ocrx_word' id='word_1_370' title='bbox 1229 2239 1473 2271; x_wconf 85' lang='lat' dir='ltr'>huiuscemodi</span> <span class='ocrx_word' id='word_1_371' title='bbox 1519 2248 1602 2280; x_wconf 90' lang='lat' dir='ltr'>per—</span> 
     </span>
     <span class='ocr_line' id='line_1_71' title="bbox 907 2288 1602 2329; baseline -0.006 -6"><span class='ocrx_word' id='word_1_372' title='bbox 907 2291 1081 2323; x_wconf 82' lang='lat' dir='ltr'>versitatis</span> <span class='ocrx_word' id='word_1_373' title='bbox 1118 2288 1320 2329; x_wconf 87' lang='lat' dir='ltr'>exemplum</span> <span class='ocrx_word' id='word_1_374' title='bbox 1355 2289 1394 2326; x_wconf 91' lang='lat' dir='ltr'>Q.</span> <span class='ocrx_word' id='word_1_375' title='bbox 1429 2288 1602 2320; x_wconf 88' lang='lat' dir='ltr'>Labienus</span> 
     </span>
     <span class='ocr_line' id='line_1_72' title="bbox 907 2336 1601 2378; baseline -0.004 -7"><span class='ocrx_word' id='word_1_376' title='bbox 907 2342 943 2371; x_wconf 88' lang='lat' dir='ltr'>T.</span> <span class='ocrx_word' id='word_1_377' title='bbox 979 2338 1067 2370; x_wconf 80' lang='lat' dir='ltr'>tilius</span> <span class='ocrx_word' id='word_1_378' title='bbox 1099 2338 1217 2376; x_wconf 86' lang='lat' dir='ltr'>dedit,</span> <span class='ocrx_word' id='word_1_379' title='bbox 1259 2338 1317 2378; x_wconf 91' lang='lat' dir='ltr'>qui</span> <span class='ocrx_word' id='word_1_380' title='bbox 1354 2336 1471 2368; x_wconf 90' lang='lat' dir='ltr'>audita</span> <span class='ocrx_word' id='word_1_381' title='bbox 1503 2336 1601 2368; x_wconf 86' lang='lat' dir='ltr'>clade</span> 
     </span>
     <span class='ocr_line' id='line_1_73' title="bbox 909 2387 1602 2428; baseline -0.004 -9"><span class='ocrx_word' id='word_1_382' title='bbox 909 2387 1119 2428; x_wconf 84' lang='lat' dir='ltr'>Philippensi</span> <span class='ocrx_word' id='word_1_383' title='bbox 1164 2387 1309 2418; x_wconf 87' lang='lat' dir='ltr'>Parthos</span> <span class='ocrx_word' id='word_1_384' title='bbox 1353 2387 1387 2417; x_wconf 92' lang='lat' dir='ltr'>in</span> <span class='ocrx_word' id='word_1_385' title='bbox 1430 2387 1602 2418; x_wconf 83' lang='lat' dir='ltr'>Romanos</span> 
     </span>
     <span class='ocr_line' id='line_1_74' title="bbox 907 2435 1602 2469; baseline -0.004 -1"><span class='ocrx_word' id='word_1_386' title='bbox 907 2437 1093 2469; x_wconf 68' lang='lat' dir='ltr'>concitavit</span> <span class='ocrx_word' id='word_1_387' title='bbox 1117 2439 1151 2468; x_wconf 91' lang='lat' dir='ltr'>et</span> <span class='ocrx_word' id='word_1_388' title='bbox 1174 2436 1243 2467; x_wconf 79' lang='lat' dir='ltr'>dux</span> <span class='ocrx_word' id='word_1_389' title='bbox 1265 2435 1308 2467; x_wconf 89' lang='lat' dir='ltr'>ab</span> <span class='ocrx_word' id='word_1_390' title='bbox 1327 2436 1377 2467; x_wconf 88' lang='lat' dir='ltr'>eis</span> <span class='ocrx_word' id='word_1_391' title='bbox 1395 2435 1602 2467; x_wconf 86' lang='lat' dir='ltr'>constitutus</span> 
     </span>
     <span class='ocr_line' id='line_1_75' title="bbox 908 2484 1602 2527; baseline -0.006 -9"><span class='ocrx_word' id='word_1_392' title='bbox 908 2495 971 2527; x_wconf 90' lang='lat' dir='ltr'>per</span> <span class='ocrx_word' id='word_1_393' title='bbox 995 2486 1103 2518; x_wconf 86' lang='lat' dir='ltr'>breve</span> <span class='ocrx_word' id='word_1_394' title='bbox 1127 2488 1265 2526; x_wconf 78' lang='lat' dir='ltr'>tenipus</span> <span class='ocrx_word' id='word_1_395' title='bbox 1283 2485 1419 2524; x_wconf 76' lang='lat' dir='ltr'>Syriam</span> <span class='ocrx_word' id='word_1_396' title='bbox 1437 2486 1471 2515; x_wconf 85' lang='lat' dir='ltr'>et</span> <span class='ocrx_word' id='word_1_397' title='bbox 1489 2484 1602 2515; x_wconf 86' lang='lat' dir='ltr'>Phoe—</span> 
     </span>
     <span class='ocr_line' id='line_1_76' title="bbox 908 2531 1604 2576; baseline -0.006 -9"><span class='ocrx_word' id='word_1_398' title='bbox 908 2536 1010 2567; x_wconf 89' lang='lat' dir='ltr'>nicen</span> <span class='ocrx_word' id='word_1_399' title='bbox 1035 2535 1221 2576; x_wconf 64' lang='lat' dir='ltr'>occupavit</span> <span class='ocrx_word' id='word_1_400' title='bbox 1243 2543 1274 2565; x_wconf 90' lang='lat' dir='ltr'>a.</span> <span class='ocrx_word' id='word_1_401' title='bbox 1293 2543 1326 2564; x_wconf 91' lang='lat' dir='ltr'>u.</span> <span class='ocrx_word' id='word_1_402' title='bbox 1344 2542 1372 2564; x_wconf 89' lang='lat' dir='ltr'>c.</span> <span class='ocrx_word' id='word_1_403' title='bbox 1396 2531 1484 2569; x_wconf 66' lang='lat'>744„</span> <span class='ocrx_word' id='word_1_404' title='bbox 1513 2532 1604 2563; x_wconf 91' lang='lat' dir='ltr'>eius-</span> 
     </span>
     <span class='ocr_line' id='line_1_77' title="bbox 908 2580 1602 2625; baseline -0.007 -9"><span class='ocrx_word' id='word_1_405' title='bbox 908 2593 976 2625; x_wconf 91' lang='lat' dir='ltr'>que</span> <span class='ocrx_word' id='word_1_406' title='bbox 1010 2593 1176 2616; x_wconf 88' lang='lat' dir='ltr'>nummus</span> <span class='ocrx_word' id='word_1_407' title='bbox 1207 2584 1320 2614; x_wconf 84' lang='lat' dir='ltr'>exstat</span> <span class='ocrx_word' id='word_1_408' title='bbox 1351 2590 1433 2614; x_wconf 89' lang='lat' dir='ltr'>cum</span> <span class='ocrx_word' id='word_1_409' title='bbox 1458 2581 1523 2612; x_wconf 86' lang='lat' dir='ltr'>hac</span> <span class='ocrx_word' id='word_1_410' title='bbox 1548 2580 1602 2612; x_wconf 90' lang='lat' dir='ltr'>in-</span> 
     </span>
     <span class='ocr_line' id='line_1_78' title="bbox 909 2630 1604 2674; baseline -0.007 -9"><span class='ocrx_word' id='word_1_411' title='bbox 909 2634 1117 2674; x_wconf 88' lang='lat' dir='ltr'>scriptione:</span> <span class='ocrx_word' id='word_1_412' title='bbox 1146 2634 1183 2672; x_wconf 85' lang='lat'>().</span> <span class='ocrx_word' id='word_1_413' title='bbox 1209 2632 1421 2664; x_wconf 75' lang='lat' dir='ltr'><strong><em>LABIENVS</em></strong></span> <span class='ocrx_word' id='word_1_414' title='bbox 1441 2630 1604 2662; x_wconf 79' lang='lat' dir='ltr'><em>PARTHI—</em></span> 
     </span>
     <span class='ocr_line' id='line_1_79' title="bbox 909 2679 1598 2717; baseline -0.01 -1"><span class='ocrx_word' id='word_1_415' title='bbox 909 2683 995 2716; x_wconf 88' lang='lat' dir='ltr'>CVS.</span> <span class='ocrx_word' id='word_1_416' title='bbox 1037 2683 1121 2714; x_wconf 81' lang='lat' dir='ltr'>IMP.</span> <span class='ocrx_word' id='word_1_417' title='bbox 1160 2682 1228 2714; x_wconf 76' lang='lat' dir='ltr'>Cir.</span> <span class='ocrx_word' id='word_1_418' title='bbox 1266 2681 1413 2713; x_wconf 87' lang='lat' dir='ltr'>Dionem</span> <span class='ocrx_word' id='word_1_419' title='bbox 1449 2679 1509 2717; x_wconf 72' lang='lat'>48,</span> <span class='ocrx_word' id='word_1_420' title='bbox 1546 2679 1598 2709; x_wconf 66' lang='lat'>26.</span> 
     </span>
    </p>
   </div>
  </div>
 </body>
</html>
