1997 3219
631 210 708 240 LlB.
735 210 788 241 Ill.
838 210 874 241 C.
900 210 1014 241 XXIII.

1533 209 1614 249 469

459 313 539 353 Aut
568 312 719 354 crescit
750 311 923 354 Albanis
954 313 994 354 in
1025 312 1167 354 herbis

510 392 685 434 Victima
715 392 960 449 pontificum
993 406 1169 435 secures

399 496 576 539 Cei-viee
606 497 752 553 tinget:
785 503 825 539 te
857 496 956 538 nihil
989 497 1134 539 attinet

399 577 577 619 Tentare
609 576 739 618 multa
768 576 901 620 caede
932 576 1166 619 bidentium

456 658 615 699 Parvos
646 664 921 700 coronantem
951 657 1114 699 marino
1566 657 1580 698 4
1592 672 1616 697 ο

508 739 620 780 Rore
651 736 757 779 deos
788 736 1011 793 fragilique
1042 744 1193 794 myrto.

399 841 602 883 immunis
633 854 750 883 aram
782 841 816 883 si
848 841 982 897 tetigit
1011 854 1186 891 manus,

261 950 312 980 42.
339 948 478 981 securim
502 948 612 990 Sps-az
637 949 671 979 et
693 957 748 989 pr.
774 957 812 986 v,
838 949 923 979 item
947 947 1101 978 Pottierii
1126 946 1162 985 4,
1191 946 1247 985 43,
1281 947 1347 985 47.,
1380 946 1568 980 Bentleius.

217 999 266 1038 (Ut
291 1006 374 1035 nos,
401 997 471 1036 Te.)
500 1015 535 1019 —-
562 997 614 1028 43.
642 997 766 1038 linquet
789 997 825 1028 T.

172 1090 382 1123 efficiebant.
416 1090 510 1130 Virg.
541 1090 600 1121 Ge.
625 1089 662 1127 2,
690 1088 763 1120 446.
790 1097 870 1120 me-

172 1141 287 1171 morat
308 1139 469 1170 victimas
493 1138 538 1169 ad
562 1137 776 1170 Clitumnum
803 1146 869 1178 pa-

171 1189 260 1227 stas,
293 1188 390 1220 Owd.
417 1188 506 1219 Fast.
536 1188 571 1225 4,
595 1186 648 1218 84.
676 1195 752 1225 eas,
781 1188 870 1227 Quas

171 1237 255 1268 aluit
283 1238 409 1276 campis
436 1236 537 1268 herba
566 1236 696 1267 Falisca
722 1237 800 1267 suis.
829 1254 865 1258 —

170 1285 315 1326 Devota]
354 1286 520 1317 «iamiam
555 1286 623 1317 aris
659 1284 866 1316 destinata.»

173 1352 211 1358 -
232 1335 425 1375 pontificum
442 1333 582 1375 secures]
614 1334 649 1365 id
680 1336 750 1371 est,
776 1334 867 1365 lianc

169 1384 225 1416 vel
262 1384 355 1416 illam
389 1383 546 1422 securim,
582 1383 676 1415 unde
709 1384 783 1414 orta
814 1386 867 1415 est

171 1434 260 1465 haec
292 1434 364 1474 ipsa
391 1440 585 1474 paucorum
610 1432 720 1464 Codd.
739 1431 864 1470 leeti03

171 1482 236 1514 sed
276 1482 416 1513 Horatio
456 1481 520 1522 ipsi
557 1482 613 1512 vix
653 1480 868 1522 placuissent

171 1533 434 1563 terminationes
473 1539 545 1565 um.
588 1531 642 1561 im.
681 1530 866 1563 Pontifices

170 1583 289 1613 autem
311 1589 484 1621 poparum
510 1579 553 1611 ad
586 1579 653 1611 hoe
677 1579 868 1612 utebantur

170 1631 376 1663 ministerio.

213 1679 265 1711 43.
293 1678 344 1711 ll.
365 1678 506 1720 cervice]
527 1679 714 1719 «sanguine
732 1688 772 1710 ex
792 1687 867 1710 eer-

168 1729 245 1760 vice
270 1727 493 1759 ebulliente.»
519 1729 610 1768 Virg.
637 1729 696 1760 Ge.
718 1728 754 1767 3,
781 1727 862 1760 492ε

167 1777 214 1809 Ασ
235 1777 295 1808 υἱώ·
316 1777 475 1816 suppositi
504 1777 677 1817 tinguntur
705 1777 865 1817 sanquine

169 1826 278 1858 cultri.
307 1844 342 1848 —
369 1830 399 1857 te
423 1826 503 1857 nihil
528 1826 660 1868 attinet]
694 1826 863 1857 «minime

172 1884 262 1918 opus
281 1878 345 1914 est,
361 1871 471 1908 οὐδὲν
488 1872 708 1921 προσήκει.»
731 1892 765 1897 -
789 1876 866 1906 Ten-

172 1926 255 1966 tare]
282 1928 317 1957 ut
334 1925 414 1957 alibi
429 1926 586 1966 fatigare,
607 1926 762 1956 lacessere
779 1925 863 1955 cleos.

170 1974 242 2015 (Od.
273 1976 308 2013 ²2,
343 1974 400 2012 48,
436 1975 501 2014 42.)
541 1973 701 2012 «Nihiln,
740 1975 862 2014 inquit⁷

171 2032 279 2064 «opus
307 2025 378 2057 est,
405 2026 441 2054 ut
466 2022 582 2055 multis
607 2024 758 2055 victimis
782 2023 866 2054 deo-

169 2081 246 2105 rum
279 2081 402 2113 pacem
436 2082 477 2105 ae
513 2073 669 2105 savorem
694 2072 752 2103 tibi
779 2082 866 2104 eon-

169 2121 286 2155 ciliare
310 2122 472 2161 studeas,
505 2123 715 2160 dummodo,
749 2125 785 2154 ut
814 2123 865 2154 sa-

169 2172 236 2209 cis,
258 2181 384 2213 parvos
401 2174 478 2203 tuos
495 2173 601 2204 Lares
619 2182 768 2204 corones
785 2181 863 2203 rore

169 2222 321 2258 marino,
348 2222 470 2253 frutice
495 2221 586 2253 bene
611 2221 762 2253 olente.»
797 2222 866 2253 Du—

168 2269 247 2311 plex
281 2273 400 2302 autem
434 2272 469 2302 et
496 2270 671 2312 implicata
701 2273 753 2303 est
777 2280 865 2303 eon-

168 2321 312 2351 struetio
340 2323 466 2352 tentare
493 2321 568 2352 cleos
591 2322 626 2352 et
652 2324 864 2352 coronantem

168 2369 253 2400 deos.
276 2387 310 2392 -
330 2357 517 2410 bidentium]
544 2370 576 2401 in
593 2378 757 2402 sermone
775 2378 865 2411 pon-

170 2418 300 2450 tificum
331 2421 363 2450 et
392 2419 484 2459 apud
515 2421 637 2460 poetas
669 2428 778 2451 «oves
809 2419 865 2450 bi-

168 2476 283 2500 mae.»
311 2468 449 2499 Festus:
489 2468 684 2499 «Anibidens
711 2469 783 2500 sive
809 2468 864 2499 bi-

168 2516 256 2548 dens
280 2517 353 2547 ovis
375 2516 627 2557 appellabatur.
653 2526 743 2558 quae
762 2526 865 2558 supe-

167 2566 318 2597 rloribus
349 2567 382 2597 et
415 2566 636 2598 interioribus
669 2568 721 2598 est
749 2566 864 2598 ‹lenti-

169 2615 271 2647 bus.»
297 2615 366 2646 (Isr.
393 2614 475 2646 Gell.
505 2616 562 2652 46,
587 2616 617 2646 o.

213 2665 264 2696 45.
286 2665 337 2695 46.
363 2665 487 2696 Parvos
502 2668 712 2696 coronantem
726 2682 740 2688 ·
753 2665 862 2706 -deos]

169 2713 266 2745 Ovid.
308 2715 397 2745 Fast.
438 2715 477 2751 5,
510 2714 583 2745 430.
633 2714 677 2745 (Ie
718 2714 863 2746 Laribus

169 2763 396 2802 praestitibus
414 2773 418 2792 z
446 2764 605 2804 siqnaque
622 2772 732 2803 parva
753 2764 860 2795 deum.

919 1089 1038 1120 Iuven.
1066 1088 1104 1128 9,
1140 1088 1218 1120 437:
1258 1088 1283 1119 Ο
1314 1090 1415 1128 parvi
1447 1090 1615 1129 nostrique

918 1139 1035 1176 Lares,
1069 1146 1149 1177 quos
1171 1137 1265 1169 thure
1288 1138 1414 1169 minuto
1436 1138 1500 1170 Aut
1522 1139 1616 1180 farre

918 1190 948 1218 et
971 1187 1059 1218 temti
1079 1187 1163 1218 soleo
1186 1195 1329 1218 exorare
1352 1196 1488 1219 corona.
1529 1188 1614 1220 Cato

918 1236 956 1267 R.
987 1236 1024 1267 R.
1052 1235 1130 1268 1¹43:
1156 1234 1274 1266 Villica
1290 1236 1464 1275 Kalendis,
1492 1236 1612 1276 Idibus,

917 1285 1036 1323 Nonis,
1068 1285 1168 1324 festus
1196 1285 1262 1316 dies
1292 1294 1367 1316 cum
1396 1286 1476 1325 erit,
1517 1295 1614 1317 coro-

916 1343 995 1365 nam
1018 1334 1051 1364 in
1073 1334 1185 1374 focum
1208 1334 1319 1372 inclat‚·
1339 1343 1402 1373 per
1425 1335 1615 1375 eosdemque

917 1384 984 1414 dies
1016 1384 1098 1415 Lari
1125 1383 1289 1423 familiari
1315 1392 1380 1422 pro
1409 1384 1507 1423 eopia
1534 1394 1614 1425 sap-

911 1432 1020 1472 plieet.
1067 1433 1129 1464 llic
1157 1432 1284 1464 eadem
1309 1432 1389 1464 facit
1422 1434 1520 1474 virgo
1556 1444 1614 1466 ru-

917 1482 1001 1513 stica
1034 1482 1195 1521 ingenua.
1234 1482 1281 1521 (ln
1307 1481 1508 1514 Felicissimi
1537 1485 1614 1525 epi—

917 1531 1034 1572 taphio
1065 1540 1178 1572 nuper
1209 1532 1352 1572 reperto
1379 1532 1529 1571 (Rouard
1556 1534 1613 1564 In-

915 1581 1089 1620 scriptions
1120 1589 1158 1611 en
1186 1589 1260 1612 vers
1288 1581 1332 1611 cla
1360 1583 1469 1613 musae
1498 1583 1608 1614 d'Atae.

916 1630 977 1661 Aix
996 1630 1091 1661 4839.
1110 1638 1144 1670 p.
1165 1630 1239 1669 1162)
1266 1638 1370 1661 comes
1392 1631 1441 1661 his
1461 1631 1511 1671 sui
1526 1649 1541 1654 -
1556 1633 1612 1671 qui

914 1682 1088 1718 —tempore
1115 1679 1202 1710 veris
1224 1679 1374 1710 Floribus
1395 1680 1531 1712 intextis
1555 1690 1611 1712 re-

913 1728 1021 1768 fovent
1035 1728 1217 1759 simulacra
1233 1728 1396 1769 deorum.)
1421 1747 1457 1752 —
1481 1730 1610 1771 fragili]

916 1786 985 1808 non
1017 1776 1189 1815 «flexili»,
1231 1777 1294 1808 sed
1331 1779 1458 1809 «cuius
1486 1778 1611 1810 ramuli

916 1826 1013 1858 facile
1033 1826 1270 1867 franguntur»,
1289 1828 1398 1867 spro'd.
1426 1828 1523 1859 Cous.
1538 1829 1611 1860 Eu-

914 1877 978 1917 rip.
1017 1875 1065 1907 El.
1089 1876 1168 1907 778:
1195 1877 1360 1921 τερείνης
1382 1878 1570 1922 μυρσίνης
1593 1896 1611 1901 -

915 1923 1094 1965 πλόκους.

960 1976 1011 2006 47.
1037 1975 1195 2006 Immanis
1218 1977 1272 2006 est
1304 1974 1392 2007 liber
1416 1985 1435 2007 a
1458 1985 1608 2015 munere,

916 2024 1046 2055 tributo
1082 2025 1167 2055 cet:
1209 2025 1267 2065 qui
1304 2025 1386 2056 nihil
1426 2027 1609 2065 praestare

916 2073 1035 2104 dehet.
1084 2073 1124 2104 I‘I.
1158 2072 1178 2104 I.
1218 2074 1371 2104 immunis
1403 2083 1522 2105 titanus
1555 2076 1609 2106 est

916 2123 1010 2160 eius,
1037 2123 1094 2163 qui
1113 2122 1304 2161 sacrificat,
1331 2131 1401 2154 non
1418 2123 1498 2154 ideo
1515 2124 1610 2164 quod

916 2180 1044 2203 noxam
1094 2171 1247 2212 aliquam
1297 2173 1438 2213 expiare
1481 2172 1611 2204 debeat

916 2221 1137 2261 deorumque
1194 2221 1281 2252 iram
1331 2220 1493 2262 placare,
1546 2222 1610 2254 sed

916 2271 996 2311 quia
1022 2272 1120 2309 grato
1145 2271 1274 2311 pioque
1307 2271 1423 2302 animo
1459 2271 1609 2302 deorum

916 2320 1138 2352 maiestatem
1165 2322 1375 2358 veneratur,
1402 2318 1475 2358 vel,
1513 2321 1551 2350 ut
1574 2320 1607 2350 Ii.

916 2368 936 2400 I.
972 2369 1159 2409 significari
1206 2369 1364 2407 videtur,
1416 2369 1609 2400 immeritas

915 2417 1131 2450 calamitates
1156 2427 1174 2450 a
1200 2427 1238 2449 se
1264 2419 1408 2458 suisque
1425 2418 1609 2458 deprecari

916 2470 1073 2499 conatur.
1103 2467 1155 2499 Ad
1180 2467 1275 2498 idem
1300 2475 1384 2506 ergo
1408 2467 1500 2498 redit
1524 2475 1565 2497 ae
1581 2468 1610 2498 si

916 2518 1059 2549 dixisset
1083 2517 1211 2548 sceleris
1229 2526 1337 2556 pura,
1363 2512 1474 2558 ἁγνή.
1509 2516 1607 2548 ovid.

916 2568 996 2598 Iler.
1018 2566 1074 2605 44,
1101 2566 1139 2597 8:
1166 2566 1239 2597 Non
1252 2567 1342 2606 pisse!
1359 2567 1517 2596 immunes
1532 2573 1609 2597 cae—

915 2616 964 2647 dis
987 2615 1105 2647 habere
1126 2624 1256 2646 manus
1299 2614 1382 2646 Vcll.
1408 2616 1445 2651 ¹2,
1473 2615 1508 2645 7:
1546 2615 1610 2646 im-

914 2666 1022 2696 munis
1052 2665 1244 2696 delictorum
1272 2668 1500 2703 paternorum.
1550 2664 1609 2695 Ni—

916 2715 1043 2746 mirum
1076 2717 1112 2745 ut
1149 2713 1226 2745 talia
1259 2712 1429 2744 vocabula
1463 2711 1607 2744 relativa

916 2763 1093 2796 interdum
1110 2764 1289 2805 ponuntur
1305 2762 1437 2794 omisso
1451 2760 1501 2805 τῷ
1516 2758 1609 2806 πρὸς
