1997 3219
667 136 803 168 LIBER.
853 137 980 168 CARM.
1009 137 1062 168 111.

1537 135 1618 176 663

466 239 572 280 Nun]
605 238 822 295 viperinus
853 238 917 281 his
949 252 1075 282 cruor

408 319 603 361 lncoctus
633 318 777 361 herbis
809 333 875 362 me
907 319 1081 362 fefellit?
1114 334 1166 361 an
1198 319 1330 361 malas

465 398 641 441 Canidia
671 400 863 442 tractavit
893 400 1064 457 dapes?

406 479 455 521 Ut
484 480 749 535 Argonautas
780 488 950 536 praeter
982 494 1131 523 omnes
1166 480 1394 523 candidum

463 559 612 602 Medea
644 560 793 602 mirata
823 568 888 603 est
918 561 1094 609 ducem,
1573 561 1618 602 10

408 641 552 695 Ignota
585 640 714 682 tauris
744 640 1000 697 illigaturum
1031 642 1129 697 iuga

459 721 660 762 Perunxit
688 719 768 763 hoc
799 722 1015 771 Iasonem,

406 801 495 843 Hoc
525 800 725 843 delibutis
757 800 845 843 ulta
875 801 999 844 donis
1031 801 1227 857 pellicem

462 881 668 937 Serpente
700 881 803 938 sugit
838 881 947 924 alite.

402 962 489 1004 Nee
520 968 659 1003 tantus
690 975 879 1018 unquam
910 962 1100 1005 siderum
1133 962 1286 1005 insedit
1315 976 1448 1019 vapor
1566 963 1616 1005 115

264 1100 294 1131 6.
312 1100 384 1130 Non
400 1099 434 1130 b.
454 1116 489 1122 —
509 1100 540 1131 8.
560 1100 697 1131 tentat-it
711 1108 803 1132 unus
817 1099 998 1131 Tor-rentii.
1017 1098 1170 1139 (Ultimus
1183 1099 1286 1131 huius
1300 1108 1409 1132 carm.
1426 1109 1458 1131 v.
1475 1101 1507 1132 in
1521 1101 1571 1139 B.)

176 1225 232 1247 ma
249 1219 349 1257 capta
367 1219 453 1254 est»;
475 1218 604 1248 etenim
624 1218 674 1249 sic
691 1219 868 1255 construe,

179 1275 248 1297 non
277 1275 380 1297 xero:
421 1268 583 1298 Iasonem
607 1267 784 1298 candidum
806 1267 872 1297 mi—

175 1318 252 1346 rata
281 1319 325 1346 est
355 1318 491 1354 praeter
515 1324 623 1347 omnes
644 1317 866 1356 Argonautas.

173 1361 228 1395 Sic
258 1365 436 1405 Magnetes
468 1365 640 1396 mirantur
669 1374 750 1397 eum
775 1365 869 1406 apud

174 1413 270 1445 Pind.
291 1414 390 1453 Pyth.
409 1413 448 1452 4,
469 1414 527 1446 87:
556 1410 645 1446 Οὕτι
663 1424 736 1446 που
755 1410 868 1455 οὗτος

171 1458 377 1502 Ἀπόλλων,
415 1458 503 1494 οὐδὲ
535 1461 614 1505 μὰν
642 1461 868 1510 χαλκάρμα-

172 1508 238 1551 τός
274 1510 355 1543 ἐστι
389 1509 502 1552 πόσις
534 1510 753 1558 Ἀφροδίτας
787 1513 864 1546 κτλ.

174 1560 258 1591 Vide
283 1561 395 1592 Museo
419 1561 625 1602 Greyoriano
649 1563 684 1594 T.
707 1563 864 1596 LXXXII.

174 1628 208 1632 —
235 1609 358 1650 ducem]
389 1609 491 1641 Plane
523 1610 706 1651 singularis
731 1614 785 1644 est
813 1613 867 1644 sa-

170 1657 250 1690 bula
286 1659 319 1691 in
348 1667 432 1691 vase
461 1661 553 1700 picto
582 1661 671 1692 Mon.
700 1662 778 1693 Inst.
804 1672 866 1694 ar-

169 1709 268 1740 cheol.
295 1709 335 1740 11.
362 1709 397 1740 T.
420 1709 488 1748 35.,
514 1709 573 1741 ubi
598 1711 699 1743 Iason
723 1712 864 1745 iamiam

170 1767 187 1788 a
213 1758 367 1789 dracone
393 1758 585 1790 devoratus
603 1760 779 1792 Minervae
797 1771 864 1803 ope

170 1816 214 1838 ex
249 1806 336 1838 illius
371 1809 494 1839 ventre
533 1809 710 1841 extractus
742 1819 864 1843 serva—

171 1859 240 1894 tur,
267 1858 303 1886 ut
321 1858 518 1888 monstrum
534 1857 662 1889 xincat.
680 1876 716 1880 —
733 1860 861 1901 Ιφιοια]

170 1906 268 1945 «iuga
293 1907 395 1936 antea
421 1906 554 1937 insueta
581 1907 687 1938 tauris
712 1906 775 1939 illis
797 1909 864 1940 im-

169 1955 366 1996 positurum
385 1954 440 1986 tali
458 1964 595 1986 xeneno
620 1957 794 1996 perunxit,
818 1967 861 1989 ne

169 2004 338 2042 flammis,
366 2013 453 2044 quas
478 2004 676 2045 spirabant,
705 2005 863 2038 laedere-

169 2055 223 2084 tur
260 2054 442 2093 taeterque
482 2052 548 2084 allii
579 2054 667 2085 odor
705 2058 861 2088 monstra

166 2104 377 2134 averteret.»
426 2103 499 2134 lloe
523 2112 604 2134 cum
629 2103 729 2143 dicit,
766 2106 862 2137 ioca-

167 2151 308 2183 bundus
337 2153 531 2192 generatim
562 2154 748 2193 significat,
785 2157 862 2186 tan-

167 2203 238 2233 tam
273 2202 344 2233 vim
370 2202 544 2241 magicam
568 2203 600 2234 in
629 2201 707 2234 allio
731 2204 858 2243 inesse,

167 2253 202 2282 ut
235 2250 316 2282 nihil
353 2251 383 2281 ei
419 2252 575 2289 resistat,
617 2261 659 2283 ne
695 2253 860 2285 flammae

167 2299 310 2340 quidem
341 2299 417 2331 illae
449 2302 685 2340 portentosae.
720 2303 861 2343 Nequa-

166 2358 273 2388 quam
308 2351 426 2381 autem
460 2350 745 2390 distinguendum
778 2361 859 2384 cum

166 2398 299 2429 editore
325 2398 503 2430 Leidensi:
532 2400 591 2430 affl
607 2417 650 2422 -—
671 2401 794 2432 mirata
817 2405 860 2432 ese

165 2448 277 2478 ducem
289 2448 404 2488 Iynola
421 2449 528 2479 tataris
545 2449 749 2489 illiyalnrum
767 2451 859 2491 iussa:

165 2497 323 2527 perunxit
338 2497 397 2528 hoc·
414 2498 573 2536 Iasonem,
594 2500 629 2529 ut
646 2499 719 2539 pari
737 2508 857 2531 ainore

165 2546 348 2585 flagraret,
386 2555 456 2586 quo
486 2547 558 2587 ipsa
589 2547 792 2585 flagrabat.»
822 2567 854 2571 m

165 2594 332 2634 Verium-ii]
359 2595 579 2636 Quapropter
604 2599 724 2636 postea
743 2597 787 2628 ab
806 2598 858 2628 la-

165 2652 249 2675 sone
287 2644 420 2684 prodita
458 2644 550 2685 apud
586 2646 732 2677 linnium
769 2646 857 2678 hacc

165 2694 194 2724 ‹·i
220 2693 348 2734 probra
375 2693 546 2732 obiectat,
574 2697 710 2726 servata
729 2705 747 2726 a
767 2696 857 2727 (ilia-

920 1217 1002 1248 risio
1038 1216 1068 1248 4.
1105 1226 1138 1257 p.
1178 1217 1251 1248 ⁴68.
1286 1217 1405 1256 Lind.,
1443 1226 1462 1249 a
1494 1218 1615 1249 Bothio

920 1266 1192 1306 praetermissa,
1219 1266 1312 1297 haud
1337 1266 1616 1306 improbabiliter

920 1315 970 1346 sic
1005 1315 1163 1347 restituta
1195 1323 1212 1345 a
1246 1315 1504 1347 Lindemanno:
1540 1317 1615 1347 Non

918 1373 1154 1403 commemoro,
1208 1365 1295 1403 quod
1327 1366 1482 1396 draconis
1515 1366 1613 1396 taetri

919 1414 1062 1453 oppressi
1096 1414 1273 1453 impetum‚·
1311 1415 1402 1453 Non,
1440 1415 1527 1454 quod
1554 1415 1615 1446 do—

917 1463 987 1493 mui
1008 1463 1075 1494 vim
1103 1466 1281 1494 taurorum
1303 1467 1333 1495 et
1354 1465 1470 1505 seyetis
1496 1473 1614 1495 arma-

917 1515 971 1543 tae
992 1520 1121 1543 manus.

962 1562 1013 1593 43.
1030 1561 1082 1594 44.
1108 1562 1175 1593 Hoc
1191 1562 1368 1594 delibutis·
1380 1563 1483 1604 donis]
1503 1562 1611 1604 «palla

918 1613 951 1642 et
968 1619 1099 1643 corona
1115 1611 1360 1643 huiuscemodi
1378 1612 1611 1644 medicamine

915 1660 1129 1700 perunctis.»
1159 1679 1194 1682 ——
1216 1661 1377 1702 pellicem]
1413 1673 1427 1688 κ
1439 1660 1609 1702 Glaucen,

917 1708 983 1748 (alii
1011 1710 1182 1741 Creusam
1199 1709 1408 1751 appellant),
1436 1711 1609 1750 Creontis,

914 1758 1006 1798 regis
1021 1758 1204 1798 Corinthii,
1232 1758 1358 1797 filiam,
1385 1768 1491 1800 quam
1508 1761 1610 1792 Iason

914 1807 949 1839 in
992 1808 1255 1840 matrimonium
1302 1808 1471 1841 ducturus
1511 1811 1608 1847 erat,

914 1866 1027 1898 aeque
1053 1858 1124 1889 aeri
1147 1866 1285 1889 veneno
1309 1858 1478 1899 perdidit,
1504 1861 1610 1900 atque

914 1908 968 1937 est
1000 1906 1084 1945 hoc,
1123 1907 1218 1947 quod
1248 1908 1281 1938 in
1320 1908 1491 1941 intestinis
1521 1909 1610 1942 meis

913 1956 1048 1987 saevire
1074 1956 1228 1987 sentio.»
1275 1957 1357 1988 Erat
1391 1958 1509 1989 autem
1545 1967 1610 1989 na·-

912 2004 1050 2045 plithas.
1072 2003 1155 2036 Plin.
1176 2005 1214 2036 1⁷1.
1231 2006 1270 2036 N.
1290 2006 1320 2043 ⁵2,
1338 2006 1416 2036 1105:
1441 2006 1491 2037 Ιια
1503 2007 1611 2048 fertur

912 2063 935 2084 a
961 2054 1077 2085 Medea
1103 2054 1250 2093 pellicem
1279 2058 1483 2092 crematam,
1515 2060 1609 2095 post-

912 2113 1013 2143 quam
1035 2104 1270 2145 sacrificatura
1291 2105 1335 2135 ad
1358 2114 1439 2136 aras
1465 2114 1608 2137 accesse—

912 2157 983 2191 ναι,
1009 2162 1133 2184 corona
1152 2154 1224 2194 iync
1243 2157 1354 2194 rapta.
1376 2172 1411 2177 —
1441 2155 1607 2198 Serpente]

913 2211 1038 2233 «curru
1073 2201 1285 2234 draconibus
1324 2202 1437 2235 alatis.
1464 2205 1604 2243 iuncto,

912 2260 1019 2292 (litem
1045 2251 1165 2283 habuit
1189 2252 1233 2283 ab
1258 2261 1323 2283 avo
1348 2252 1444 2291 Sole,
1472 2263 1536 2294 per
1551 2257 1608 2285 ae'-

911 2309 986 2332 rem
1010 2303 1133 2333 avecta
1157 2302 1310 2333 Athenas
1333 2302 1498 2342 aufugit.»
1536 2303 1603 2335 Csr.

911 2351 971 2391 Ep.
998 2351 1036 2389 5,
1063 2351 1115 2382 63.
1147 2370 1180 2373 —
1207 2351 1300 2392 alite]
1327 2354 1364 2383 ut
1387 2352 1449 2383 Od.
1478 2352 1513 2390 t,
1549 2353 1603 2390 Μ,

910 2401 969 2431 ’ἐϋῑ
1004 2400 1071 2431 ales
1092 2401 1244 2441 Peyasus.
1297 2402 1512 2441 Frequenter
1541 2410 1604 2432 au—

912 2451 981 2480 ten]
1019 2450 1049 2480 in
1083 2451 1174 2480 vasis
1206 2451 1306 2491 pii-tis
1342 2451 1605 2491 conspiciuntur

911 2498 996 2530 tales
1020 2502 1204 2540 serpenti-s
1229 2499 1318 2531 alati.

955 2549 1069 2579 iij-¹8.
1086 2550 1228 2580 siderum
1244 2549 1324 2589 ‹-‹·t.]
1336 2549 1450 2580 «ir-alui*
1462 2559 1605 2590 oppres-

910 2597 952 2628 sit
976 2598 1109 2630 aridam
1136 2598 1330 2640 A1›uli;ini.›·
1369 2599 1457 2636 Vir-51.
1487 2602 1545 2630 Ge.
1571 2600 1601 2633 -2,

910 2647 988 2678 3553:
1004 2648 1111 2678 hiulca
1125 2649 1177 2678 siti
1188 2648 1282 2688 findi!
1296 2649 1393 2678 (unis
1405 2649 1536 2688 aeslifet·
1548 2658 1604 2679 ar-

911 2707 960 2728 rn.
982 2716 1013 2719 —
1037 2697 1159 2737 insedit]
1182 2697 1391 2735 nint-ulmum
1422 2700 1454 2728 ut
1470 2698 1601 2729 Seneca
