1997 3219
743 119 818 150 ΗΒ.
846 119 869 149 l.

918 119 954 149 (ἶ,
982 118 1064 149 XVl.

1580 114 1589 155 1
1601 114 1653 154 Οὔ

553 223 738 279 luppiter
768 222 859 278 ipse
890 235 1018 263 ruens
1048 219 1237 262 tumultu.

439 329 588 371 Fertur
616 326 910 375 Prometheus,
945 326 1105 369 addere
1135 326 1313 383 principi

438 409 556 450 Limo
588 415 760 451 coactus
790 407 1040 464 particulam
1071 407 1260 463 undique

494 490 741 537 Desectam,
774 495 815 531 et
846 489 978 531 insani
1009 488 1143 531 leonis

304 628 354 659 44.
380 631 530 658 coactam
553 626 705 658 malebat
728 625 914 658 Bentleius.

217 749 266 776 ter
287 754 366 785 quos
388 744 532 785 (tratres)
546 745 664 776 Helene
679 745 776 775 nudis
794 753 912 783 capere

216 804 314 826 arma
356 795 494 834 papillis
532 795 651 826 Fert-10·
694 803 752 825 nec
789 795 912 834 fratres

219 844 384 875 erubuisse
418 845 502 875 deos
551 844 619 876 Sed
650 845 804 885 praestat
839 845 908 875 sic:

221 894 445 925 «Prometheus
488 894 608 925 addere
646 897 778 925 coactus
822 895 908 933 cet.³

218 943 325 983 serito·
347 946 376 974 et
399 944 532 983 (etiam,
557 945 595 974 ut
619 944 703 984 Epp.
732 944 762 982 4,
786 944 839 980 40,
865 943 909 983 li.)

217 993 404 1032 apposuisse.
420 995 486 1024 cet.
507 1011 543 1015 —
568 993 688 1024 addere
703 1010 721 1015 —
736 1011 755 1016 -
769 993 910 1033 coactus]

218 1043 306 1073 Cum
335 1043 367 1073 in
398 1042 531 1082 reliqua
558 1041 717 1074 animalia
751 1041 806 1073 wel
835 1043 909 1083 ipse

216 1090 271 1123 vel
296 1092 522 1132 Epimetheus
543 1092 819 1132 consumpsisset
837 1101 912 1123 cre-

217 1141 296 1172 andi
323 1140 514 1179 elementa,
539 1150 684 1172 necesse.
709 1140 831 1172 habuit.
852 1150 913 1171 1111-

217 1191 331 1229 dique.
359 1190 393 1221 id
426 1192 496 1227 est,
524 1199 566 1221 ex
590 1190 752 1222 omnibus
776 1191 911 1222 anima-

218 1238 302 1271 lium
338 1239 525 1279 generihus
560 1239 676 1271 denuo
709 1241 911 1279 particulam

218 1289 308 1320 hanc
329 1288 383 1320 vel
411 1289 500 1321 illam
522 1297 681 1328 sumere,
708 1298 777 1330 quo
802 1290 908 1321 homo

218 1339 394 1380 perfectus
431 1339 597 1371 evaderet
631 1341 666 1371 et
704 1338 907 1379 exemplari,

218 1388 313 1429 quod
339 1389 448 1420 fictori
480 1391 560 1420 ante
596 1387 716 1420 oculos
747 1387 913 1420 versaba-

219 1440 293 1475 tur,
319 1438 561 1480 responderet.
579 1457 615 1461 —
630 1436 759 1470 Fabula
782 1438 826 1469 de
848 1437 913 1469 ho-

219 1487 372 1520 minihus
404 1497 423 1519 a
455 1488 666 1520 Prometheo
698 1497 741 1519 ex
768 1486 851 1519 limo
876 1488 911 1518 et

217 1546 305 1578 aqua
338 1538 484 1575 creatis,
521 1538 674 1569 Homero
702 1538 736 1568 et
758 1536 909 1568 Hesiodo

218 1588 355 1624 ignota,
414 1587 566 1627 primum
615 1586 827 1626 significatur
864 1585 908 1617 ab

219 1637 342 1668 Erinna
368 1635 504 1667 Anthol.
534 1634 603 1667 Pal.
626 1637 651 1667 Ι.
673 1646 708 1677 p.
735 1636 808 1668 304.
845 1636 906 1676 Ep.

218 1686 292 1716 352.
349 1685 498 1724 (Lucian.
524 1686 701 1717 Prometh.
736 1686 774 1717 3:
813 1685 909 1718 Συν-

219 1732 408 1779 ειργάζε-το
453 1731 555 1777 αὐτῷ
603 1735 666 1766 καὶ
713 1731 737 1777 ἡ
772 1730 909 1778 Ἀθηνᾶ

219 1786 437 1826 ἐμπνέουσα
467 1782 533 1815 τὸν
557 1782 678 1826 πηλὸν
702 1784 795 1826 κτλ.)
843 1787 911 1818 Ho-

220 1835 295 1866 ratii
331 1843 416 1866 vero
462 1829 754 1879 ἀνθρωπογονία
787 1835 908 1877 procul

219 1884 327 1915 dubio
352 1893 369 1914 e
396 1885 528 1915 Graeco
549 1883 664 1925 aliquo
689 1887 812 1926 poeta,
838 1894 907 1917 non

219 1935 338 1964 tamen
375 1942 392 1964 e
427 1933 644 1972 stesichoro,
676 1936 715 1965 ut
738 1937 832 1966 ratus
858 1937 911 1967 est

221 1985 407 2020 Gesnerus,
433 1985 577 2024 repetita
601 1984 704 2016 hodie
728 1986 819 2025 apud
852 1995 913 2017 ne-

220 2033 353 2064 minem
376 2033 598 2072 antiquorum
623 2034 833 2074 scriptorum
855 2044 913 2065 ex—

221 2084 306 2114 stat:
345 2083 500 2123 proxime
526 2085 641 2114 tamen
665 2083 798 2114 aceedit
827 2085 911 2115 Pro—

222 2135 362 2168 tagorae
395 2130 520 2172 μῦθος
554 2132 597 2163 de
637 2133 844 2164 Prometheo
877 2134 909 2164 in

222 2182 428 2219 cognomine
445 2181 579 2222 dialogo
597 2181 770 2214 Platonico
786 2192 819 2224 p.
834 2184 908 2215 320.

222 2231 325 2262 Addit
359 2230 472 2262 schol.
509 2232 614 2272 Cruq.
652 2240 692 2263 ex
715 2233 909 2273 antiquiore

221 2281 349 2321 aliquo.
377 2282 412 2311 ut
436 2281 569 2321 opinor,
600 2282 807 2322 interprete:
836 2284 910 2314 «Sic

222 2331 384 2362 timorem
419 2330 636 2371 deprompsit
665 2340 682 2361 a
714 2330 854 2373 lepore,
891 2342 908 2364 a

221 2378 323 2420 volpe
357 2380 531 2412 astutiam.
550 2392 564 2406 n
618 2380 738 2421 Neque
770 2390 912 2422 magno-

221 2439 305 2470 pere
343 2428 510 2460 abhorret
545 2438 686 2461 carmen
726 2431 911 2464 Simonidis

223 2479 396 2516 Ainorfzini
432 2478 475 2510 de
508 2478 712 2511 mulieribus
734 2482 910 2514 veriorum

222 2527 420 2560 animalium
467 2527 619 2560 indolem
666 2529 908 2562 referentibus.

223 2577 376 2609 Advocat
416 2578 558 2619 quidem
597 2578 711 2610 lanius
757 2579 908 2618 Fulgent.

223 2626 365 2666 Mythol.
384 2628 415 2665 3,
434 2628 465 2659 7.
513 2627 579 2657 Sed
605 2636 694 2668 quae
719 2627 764 2659 ihi
789 2628 911 2669 legun-

224 2678 293 2707 tur:
335 2678 434 2709 eliam
469 2676 656 2709 Tiberianus
691 2677 839 2717 (fictum,
876 2682 913 2711 ut

1607 487 1652 528 155

961 742 1118 782 videtur,
1144 744 1322 784 scriptoris
1346 744 1493 784 nornen)
1520 745 1553 775 in
1576 745 1655 775 Pro-

960 793 1083 824 metheo
1110 794 1158 824 ait
1191 794 1266 824 deos
1291 794 1422 834 sinqzda
1443 803 1504 825 sua
1531 795 1654 825 homini

961 842 1128 879 trimisse,-
1157 843 1225 874 huc
1250 852 1320 874 non
1344 843 1484 875 faciunt.
1524 843 1653 879 ,Differt

962 892 1066 923 etiam
1089 891 1187 924 locus
1212 892 1423 925 Philemonis
1442 893 1576 933 Fragm.
1604 893 1655 924 in-

961 944 1047 973 cert.
1073 941 1103 973 3.
1130 951 1163 982 p.
1191 942 1265 974 39⁵2..
1291 943 1415 975 Mein.:
1450 943 1493 974 Τι’
1517 943 1603 974 ποθ’
1630 938 1652 973 ὁ

960 989 1212 1036 Προμηθεύς,
1261 987 1305 1023 ὃν
1355 991 1504 1035 λέγουσ’
1551 988 1653 1033 ἡμᾶς

961 1038 1102 1072 πλάσαι
1146 1041 1220 1073 Καὶ
1253 1037 1372 1074 τᾶλλα
1407 1040 1530 1073 πάντα
1563 1039 1651 1084 ζῷα,

960 1093 1041 1129 τοῖς
1069 1089 1148 1132 μὲν·
1170 1091 1320 1137 θηρίοις
1340 1087 1481 1129 ’Ἐδωγί
1505 1089 1653 1134 ἑκάστῳ

961 1137 1058 1171 κατὰ
1091 1141 1199 1183 γένος
1232 1142 1325 1182 μίαν
1356 1139 1496 1181 geziaca),-
1519 1136 1654 1172 ’Ἀπαν-

961 1199 1020 1230 τες
1057 1190 1097 1221 οῖ
1139 1189 1288 1230 λέοντές
1333 1192 1428 1223 εἰσιν
1473 1187 1651 1232 ἄλκιμοι,

960 1239 1086 1271 Δειλοὶ
1120 1237 1233 1272 πάλιν
1267 1238 1356 1282 ἑξῆς
1391 1238 1528 1281 πάντες
1557 1241 1653 1274 εἰσὶ-ι’

961 1290 1001 1321 οἱ
1031 1289 1153 1332 λαγοί.
1212 1285 1289 1321 Οὐκ
1323 1285 1400 1322 ἔστ’
1437 1287 1593 1333 ἀλώπηξ
1628 1287 1651 1332 ἡ

959 1338 1029 1381 μὲν
1061 1337 1169 1384 εἶ’ρων
1192 1337 1237 1385 τῇ
1262 1337 1398 1380 φύσει,
1428 1336 1474 1372 Ἡ
1492 1337 1652 1373 δἀὐθέ-

960 1399 1114 1429 καστος,
1133 1385 1213 1421 ἀλλ’
1228 1387 1294 1422 ἐὰν
1306 1391 1529 1436 τρισμυρίας
1541 1387 1652 1422 Ἁλώ-

960 1437 1079 1479 πεκάς
1102 1449 1158 1480 τις
1182 1438 1392 1486 συναγάγῃ,
1416 1442 1509 1482 μίαν
1533 1438 1652 1480 φύσιν

955 1485 1238 1530 Ἀπαξαπάσαις
1269 1486 1412 1531 ὄψεται
1442 1488 1583 1536 τρόπον
1614 1491 1650 1523 θ’

960 1535 1038 1571 ἕνα·
1059 1536 1186 1581 Ἡιιῶν
1209 1538 1239 1571 δ’
1261 1535 1338 1572 ὅσα
1353 1541 1418 1572 καὶ
1434 1537 1484 1572 ‘ca‘
1506 1538 1650 1582 σώματ’

960 1588 1041 1621 ἐστὶ
1064 1586 1130 1620 τὸν
1154 1586 1320 1634 ἀριθμὸν
1344 1590 1439 1622 Καθ’
1464 1588 1562 1631 ἑνός,
1587 1600 1652 1622 το-

960 1637 1126 1679 σούτους
1149 1634 1230 1671 ἔστι
1258 1640 1322 1671 καὶ
1353 1637 1520 1685 τρόπους
1547 1639 1649 1672 [δεῖν.

961 1690 1127 1721 Ceterum
1147 1690 1346 1721 Promethei
1371 1691 1405 1721 et
1427 1691 1583 1730 Psyches
1604 1691 1654 1722 vi-

960 1738 1182 1770 cissitudines
1217 1747 1345 1779 resque
1373 1740 1510 1779 gestas,
1547 1741 1651 1771 etiam

959 1789 1110 1820 hominis
1134 1789 1368 1827 creationem,
1394 1789 1572 1829 ingeniose
1595 1799 1653 1821 ex-

958 1846 1100 1879 pressas
1123 1837 1260 1869 videbis
1274 1839 1306 1870 in
1324 1838 1541 1879 sarcophago
1559 1839 1651 1879 apud

960 1886 1080 1919 Miiller
1110 1888 1247 1919 Denkm.
1284 1889 1309 1919 I.
1345 1889 1384 1919 N.
1415 1887 1489 1919 406.
1537 1890 1651 1928 Atque

960 1937 1189 1969 Prometheus
1256 1938 1436 1970 hominem
1501 1938 1649 1977 fingens,

960 1994 1067 2026 quem
1094 1986 1267 2027 papilione
1293 1988 1345 2018 ori
1371 1987 1514 2019 admoto
1541 1988 1574 2019 in
1598 1988 1652 2018 vi-

961 2036 1031 2065 tam
1052 2037 1154 2066 vocat
1177 2036 1348 2074 Minerva,
1375 2037 1430 2068 est
1451 2037 1485 2068 in
1508 2037 1650 2068 viscon-

962 2085 994 2115 tii
1039 2086 1124 2116 Mus.
1153 2085 1339 2117 Pio-Clem.
1374 2086 1429 2117 IV.
1467 2086 1519 2118 34.
1578 2086 1650 2118 Alia

961 2133 1121 2165 ciusdem
1141 2134 1254 2174 imago
1272 2135 1427 2166 Gerliard
1444 2139 1511 2167 αηι.
1530 2137 1648 2168 Bildw.

960 2183 996 2214 T.
1023 2184 1103 2214 LXI.
1131 2202 1166 2206 -
1186 2185 1333 2224 principi
1355 2185 1458 2225 Limo]
1477 2194 1558 2218 ,nex
1581 2195 1650 2226 quo

960 2233 1111 2273 primum
1135 2233 1313 2265 hominem
1333 2234 1461 2266 tinxit.»
1488 2235 1647 2275 Sophoel.

960 2282 993 2313 in
1018 2282 1173 2314 Pandora
1205 2284 1258 2314 Fr.
1289 2283 1368 2315 432:
1405 2284 1470 2316 καὶ
1503 2282 1650 2330 πρῶτον

960 2326 1081 2375 ἄρχον
1127 2334 1294 2373 (lluschk.
1341 2329 1483 2380 ἀρχὸν)
1530 2332 1650 2376 πηλὸν

961 2378 1132 2427 ὀργάζειν
1155 2387 1295 2429 χεροῖν.

1005 2482 1056 2514 45.
1103 2483 1211 2514 insani
1245 2483 1345 2515 leonis
1370 2483 1450 2524 Vim]
1484 2485 1648 2515 «iracun-

961 2531 1042 2564 dam
1066 2533 1295 2571 saevitiam»,
1327 2542 1414 2571 non,
1446 2535 1484 2564 ut
1507 2532 1647 2573 quidam

961 2580 1188 2613 calumniatus
1234 2584 1307 2621 est,
1355 2584 1392 2614 ut
1436 2582 1525 2614 hanc
1562 2584 1650 2614 stro-

961 2631 1066 2672 pham
1089 2634 1289 2673 suspectam
1312 2632 1490 2671 redderet,
1521 2631 1649 2663 «robur

961 2679 1104 2713 leonis.»
