1997 3219
557 290 708 331 Custos
727 303 734 337 ς

611 367 843 410 Pirithoum
874 365 1075 409 cohibent
1103 373 1293 409 catenae.

328 558 360 589 p
388 548 440 579 30
467 548 503 579 Ε
534 556 572 579 se
610 550 711 579 vocat
749 547 1023 592 προσκείμενον

326 595 407 642 τῇ
398 593 505 628 πόὶει
528 592 604 628 ὑπὸ
626 594 694 628 τοῦ
718 593 824 635 θεοῦ,
850 597 885 627 et
907 594 1022 636 paullo

325 647 406 686 post
428 645 752 690 προσκαθίζοντα
778 646 862 677 item
877 642 995 676 δοκεῖ
999 640 1022 675 ὁ

325 692 416 734 θεὸς
433 694 501 736 ἐιιὲ
512 693 558 740 τῇ
576 692 684 726 πόλει
697 694 1018 739 προστεθεικέναι.

326 744 476 776 Lucilius
501 744 558 783 44,
585 745 615 776 6.
650 745 858 776 Achaintre:
884 745 920 775 Si
942 744 1022 775 <mihi

325 803 391 825 non
410 796 550 833 praetor
573 793 631 825 siet
654 794 786 825 additus
804 797 904 832 atque
921 794 1023 834 agitet

324 851 386 874 me.
413 843 506 883 Virg.
532 844 619 874 Aen.
647 843 685 882 6,
711 843 772 874 90:
809 852 868 874 nec
894 843 1023 874 Teucris

325 893 442 923 addita
457 893 538 923 Ιιιηο
555 893 699 932 Usquam
711 892 826 923 aberit.
847 892 901 924 Sic
915 892 1021 923 etiam

325 942 513 981 appositus3
551 942 645 973 Suet.
673 941 747 973 Tib.
774 942 834 973 22:
872 942 1023 972 tribunus

323 991 465 1022 militum
492 994 598 1022 custos
619 991 798 1030 appositus.
834 1008 869 1013 —
898 989 1020 1030 Custos]

324 1048 508 1080 nunquam
545 1039 588 1070 ab
629 1048 671 1070 eo
711 1039 916 1078 discedens,
957 1039 1022 1071 sed

325 1089 545 1120 continenter
589 1089 705 1120 rostro
749 1097 831 1119 eum
876 1087 1021 1129 pulsans

324 1139 495 1177 iecurque
521 1138 595 1168 eius
619 1145 761 1168 vorans.
783 1155 818 1160 —-
846 1139 1019 1180 trecentae]

325 1187 375 1228 (ut
391 1187 424 1218 in
440 1195 544 1227 prosa
561 1195 613 1217 or.
627 1186 783 1227 sexcenti)
803 1187 1024 1218 «innumera—

323 1235 429 1275 biles,
449 1234 683 1276 permultae.»
697 1254 733 1258 —
751 1236 943 1278 Pirithoum]
962 1238 1024 1268 La-

323 1286 502 1327 pitharum
532 1293 671 1325 regem,
698 1286 757 1325 qui
775 1286 1021 1326 Proserpinam

325 1343 368 1366 ex
381 1336 470 1366 Orco
487 1343 612 1375 rapere
629 1333 799 1373 voluerat,
817 1335 911 1367 unde
929 1345 1023 1367 ama-

324 1387 377 1415 tor
406 1392 470 1423 per
494 1380 672 1425 λιτότητα
700 1393 764 1424 pro
793 1383 943 1416 scelesto
967 1394 1022 1415 ra-

324 1434 426 1474 ptore
455 1432 591 1464 dicitur.
634 1433 730 1464 ovid,
757 1434 837 1465 Met.
864 1433 903 1472 8,
938 1434 1016 1465 642:

325 1482 460 1513 deorum
477 1482 614 1521 Spretor
628 1485 702 1513 erat
723 1482 903 1521 mentisque
924 1482 1022 1523 ferooe

325 1530 441 1561 Ixione
456 1534 566 1562 natus.
585 1547 620 1552 —
635 1531 781 1563 cohibent
792 1531 938 1572 catenae]
957 1533 1022 1564 Eu-

326 1580 390 1620 rip.
423 1580 540 1612 Pirith.
573 1581 709 1621 Fragm.
743 1581 797 1612 lV.
829 1581 937 1613 Dind:
970 1579 1022 1622 ὠς

838 184 1007 215 ΗΟΠᾹΤΙΙ
1033 183 1257 217 CARMINUM

768 293 1003 328 amatorem
1033 293 1250 329 trecentae

1715 367 1768 407 80

1074 542 1225 588 Θησεὺς
1251 543 1302 588 τῷ
1331 544 1497 591 Πειρίθῳ
1525 544 1767 588 κολαζο,ιιένῳ

1072 595 1137 627 καὶ
1160 593 1343 637 δεδειιένῳ
1360 593 1500 634 Πέδαις
1523 591 1770 633 ἀχαλκεύτοι-

1073 654 1134 676 σιν
1161 639 1331 685 «ἔζευκται
1367 641 1497 684 πόδας.
1537 644 1696 685 Apollod.
1726 645 1765 683 ⁶2,

1072 695 1109 732 5,
1138 694 1195 726 42:
1231 689 1445 738 (Ηρακλῆς)
1478 692 1675 736 πλησίον·
1690 691 1769 725 τῶν

1064 737 1188 775 Ἅιδου
1228 740 1355 775 πυλῶν
1391 740 1598 785 γενόμενος
1637 743 1768 784 Θησέα

1073 785 1157 837 εὗρε
1190 793 1256 824 καὶ,
1289 792 1494 838 Πειρίθουν
1526 790 1594 824 τὸν
1625 792 1770 837 Περσε-

1071 840 1197 884 φόνης
1217 840 1532 884 μνηστευόμενον
1554 840 1680 885 γάμον
1704 842 1767 873 καὶ

1071 889 1133 923 διὰ
1162 888 1278 923 τοῑτο
1310 890 1479 924 δεθέντα.
1527 891 1576 924 Θε
1561 889 1770 933 εασάμενοι

1071 939 1112 973 δὲ
1137 937 1325 985 Ηρακλέα
1353 951 1422 981 τας
1454 944 1584 986 χεῖρας
1612 937 1682 987 (39
1674 951 1767 983 γον,

1071 986 1121 1030 (ὃς
1150 986 1461 1032 ἀναστησόμενοι
1485 987 1547 1022 διὰ
1576 988 1644 1032 τῆς
1673 990 1770 1023 ἐκεί-

1071 1050 1139 1072 νου
1163 1039 1266 1080 βίας
1295 1036 1316 1071 ὁ
1339 1038 1379 1072 δὲ
1408 1040 1538 1082 Θησεα
1561 1039 1632 1082 μὲν
1656 1039 1772 1079 λαβό-

1070 1099 1186 1131 μενος
1216 1087 1284 1131 τῆς
1311 1086 1439 1135 χειρὸς
1468 1086 1611 1134 η’γειρε,
1642 1089 1770 1135 Πειρί-

1071 1139 1168 1170 θουν
1202 1137 1242 1170 δὲ
1275 1136 1494 1181 ἀναστῆσαι
1529 1137 1769 1181 βουλόμενος

1071 1185 1140 1230 τῆς
1173 1186 1244 1231 γῆς
1274 1189 1502 1231 κινουμένης
1531 1185 1694 1231 ἀφῆκεν.
1730 1207 1765 1213 -

1073 1237 1240 1269 Ceterum
1265 1246 1388 1270 omnes
1413 1239 1476 1270 has
1501 1239 1685 1279 Gigantum
1710 1238 1770 1270 de-

1071 1287 1245 1318 victorum
1265 1288 1439 1328 imagines.
1460 1291 1621 1329 spectare
1646 1289 1771 1329 putant

1073 1337 1284 1377 interpretes
1308 1336 1353 1368 ad
1372 1338 1417 1369 M.
1436 1338 1625 1370 Antonium
1648 1346 1667 1368 a
1685 1338 1772 1369 Cae-

1072 1395 1152 1418 sare
1170 1387 1358 1418 octaviano
1377 1396 1608 1428 oppressum;
1635 1388 1768 1419 Franke

1072 1436 1107 1467 F.
1143 1436 1224 1467 Hor.
1261 1444 1295 1476 p.
1337 1436 1410 1468 439.
1455 1438 1561 1468 etlam
1599 1437 1642 1469 de
1682 1438 1772 1469 Cor-

1072 1483 1164 1515 nelio
1192 1484 1286 1516 Gallo
1319 1486 1355 1516 et
1384 1486 1428 1518 M.
1454 1486 1598 1526 Egnatio
1626 1486 1711 1518 Rufo
1736 1496 1768 1518 a.

1072 1533 1147 1565 728.
1174 1533 1390 1566 offensarum
1423 1535 1457 1566 et
1487 1536 1769 1567 coniurationum

1073 1583 1107 1614 in
1131 1583 1328 1624 principem
1352 1584 1422 1616 reis
1447 1585 1621 1625 cogitavit.
