1997 3219
357 238 437 280 388
867 238 1035 270 llORATll
1062 237 1283 270 αΑΒΜιΝυΜ

695 343 755 383 Dc
787 348 933 383 tenero
965 340 1201 393 meditatur¹
1223 340 1352 395 ungui
1374 355 1380 390 3

578 424 672 465 Mox
704 422 890 464 iuniores
921 421 1091 477 quaerit
1121 419 1338 462 adulteros
1740 419 1792 459 ΞΥ)

578 505 689 545 Inter
720 501 855 544 mariti
886 501 994 549 vina,
1029 514 1170 556 neque
1202 499 1317 556 eligit

634 583 708 625 Cui
741 566 1169 637 donet-impermissa
1200 579 1352 635 raptim

439 735 492 766 27.
528 734 713 765 intermissa
737 729 840 772 8Τ,ξ,
874 732 962 763 Pott.
990 732 1084 768 tres,
1120 729 1302 768 improvisa
1325 727 1507 760 Pulmanni
1532 728 1617 760 Cod.
1644 729 1747 769 quin-

394 786 448 815 tus
473 784 506 814 et
530 782 615 814 Ach.
643 781 738 813 Statii
763 780 863 813 liber.
913 780 964 820 (Ut
987 787 1069 818 nos,
1095 777 1217 817 Bbcd.)

349 918 494 950 artibus.
543 918 635 955 Cur,
662 924 812 957 quaeso,
846 915 915 946 iam
938 923 1042 953 nunc,

349 969 378 1000 si
402 967 544 999 iamiam
568 967 705 997 matura
731 966 811 996 est‘?
846 966 937 996 Num
965 965 1046 1005 post

346 1017 585 1049 maturitatem
602 1015 748 1046 demum
764 1014 838 1045 illas
860 1013 1044 1045 addiscere

347 1065 530 1097 debebat?
590 1065 701 1095 Immo
740 1063 914 1103 iungenda
956 1063 1044 1094 haec

347 1123 430 1147 cum
454 1112 685 1154 sequentibus
703 1121 708 1142 :
736 1112 824 1143 «iam
839 1108 1046 1151 nunc,'ma-

348 1167 423 1196 tura
449 1162 611 1204 quidem,
646 1161 709 1193 sed
733 1161 891 1192 nondum
922 1162 1042 1201 nupta,

351 1214 469 1244 animo
493 1212 600 1252 agitat
622 1219 762 1242 amores
786 1211 940 1249 incestos,
969 1208 1045 1240 «vel

351 1262 684 1303 impudicissimos»⁷
701 1261 896 1300 moxnupta
905 1261 971 1291 eet.
991 1259 1044 1290 Ad

347 1313 452 1352 partt.
479 1311 548 1342 iam
570 1318 657 1341 nunc
681 1309 742 1340 cfr.
763 1308 825 1340 Od.
844 1309 883 1347 2,
911 1309 923 1339 4
942 1334 948 1347 ‚
975 1308 1041 1346 47„

351 1362 386 1391 et
410 1359 556 1398 crebro,
582 1367 650 1390 non
676 1359 795 1389 tamen
811 1366 965 1398 semper,
984 1365 1045 1397 po-

349 1410 481 1440 nuntur
494 1408 741 1449 propositionis
757 1407 871 1445 initio,
895 1408 933 1437 ut
949 1406 1043 1446 apud

347 1458 457 1490 Plaut.
496 1457 562 1490 Mil.
600 1456 684 1497 glor.
718 1457 754 1495 Ξ,
782 1456 820 1494 6,
848 1455 931 1487 ’103ῑ
971 1456 1044 1486 Iam

346 1517 434 1538 nunc
459 1507 541 1538 satis
563 1510 593 1537 et
610 1506 686 1545 plus
700 1506 802 1536 minio
818 1505 926 1536 merui
948 1505 1039 1536 mali.

349 1557 477 1588 Contra
501 1557 648 1596 Propert
674 1555 713 1593 4,
744 1555 803 1593 Μ,
829 1554 888 1585 93:
922 1555 1045 1586 Discite

346 1610 522 1638 venturam
545 1606 614 1636 iam
629 1614 716 1636 nunc
731 1605 850 1635 sentire
869 1607 1041 1636 senectam.

348 1656 385 1687 In
428 1654 603 1687 clausulae
642 1655 760 1685 autem
798 1653 866 1684 fine
907 1653 955 1693 (ut
987 1653 1043 1684 hic

349 1704 516 1736 volebant
537 1703 701 1743 nonnulli)
729 1703 845 1735 locum
864 1711 1044 1743 nunquam

348 1753 467 1785 habet.
496 1753 565 1785 Cfr.
585 1753 684 1784 Hand
701 1753 799 1784 Turs.
828 1753 881 1783 111.
908 1760 942 1792 p.
968 1752 1041 1782 453.

390 1803 444 1834 24.
470 1804 520 1834 De
536 1802 802 1842 tenero-unani]
829 1803 1045 1833 Graecorum

347 1850 388 1892 ἐξ
422 1847 578 1883 ἁπαλῶν
614 1847 774 1889 ὀνύχων.
838 1853 911 1883 Iam
946 1850 1043 1882 solita

350 1903 403 1932 est
429 1901 690 1941 interpretatio:
731 1901 830 1932 «inde
856 1910 874 1931 a
899 1899 1044 1941 puellari

350 1951 481 1988 aetate,
508 1959 526 1980 a
544 1950 656 1990 prima
672 1949 948 1985 adolescentiam
976 1958 1045 1989 qua

351 1999 495 2039 quidem
531 2000 672 2039 recepta
710 2008 778 2030 non
814 2001 932 2030 tamen
970 1999 1044 2030 sine

351 2058 456 2080 causa
488 2049 522 2080 in
552 2050 623 2079 toto
654 2047 730 2079 loco
761 2049 875 2079 haesit
898 2047 1045 2079 Hofman

352 2097 577 2138 Peerlkamp,
610 2098 769 2129 ceterum
799 2098 886 2129 mire
915 2105 1047 2138 propo-

354 2157 441 2179 nens
455 2157 487 2178 v,
504 2147 544 2178 22
557 2156 562 2176 :
577 2146 602 2178 A
614 2150 722 2178 matre
732 2147 837 2187 riryo.
859 2147 1046 2184 «Matura»,

353 2198 473 2237 inquit,
495 2195 605 2227 «male
624 2196 787 2227 convenit
804 2204 885 2227 eum
899 2204 1050 2236 sequen—

353 2246 466 2284 tibus,
518 2245 578 2276 ubi
617 2244 742 2276 eadem
780 2246 878 2285 virgo
923 2245 1049 2276 dieitur

354 2303 494 2327 amores
519 2295 674 2326 incestos
700 2294 860 2325 meditari
885 2295 924 2325 de
940 2297 1049 2326 tenero

354 2345 492 2385 miqui.»
544 2343 612 2375 Sed
648 2352 774 2374 novam
799 2344 971 2374 rationem
995 2345 1050 2375 in-

355 2394 496 2434 geniose
521 2394 553 2424 et
578 2392 681 2423 docte
699 2400 812 2432 nuper
833 2392 1052 2432 investigavit

355 2444 468 2482 Unger
491 2442 530 2473 V.
558 2442 594 2473 R.
620 2450 654 2482 p.
682 2441 754 2473 40¹.
775 2467 780 2478 ,
808 2450 914 2481 quam
938 2441 1053 2473 brevi-

356 2494 408 2523 ter
432 2491 487 2522 hic
513 2499 697 2531 exponam.
746 2489 883 2522 Scilicet
905 2488 946 2531 ἐξ
962 2487 1053 2522 ὀνύ-

358 2551 436 2579 χων
472 2541 505 2571 et
540 2537 580 2580 ἐξ
614 2536 771 2570 ἁπαλῶν
810 2535 960 2577 ὀνύχων
998 2542 1051 2572 est

359 2590 558 2631 npenstus»,
595 2591 631 2620 ut
655 2597 718 2619 nos
743 2588 960 2626 diceremus,
989 2599 1051 2621 «ex

359 2639 488 2670 intimis
514 2639 668 2675 nervis»,
696 2638 732 2667 ut
756 2637 864 2668 Latini
889 2637 969 2669 alibi
999 2638 1053 2669 di-

359 2689 499 2726 xerunt,
542 2695 605 2718 «ex
638 2686 715 2718 imis
747 2685 942 2717 medullis.»
983 2687 1054 2718 Cur

360 2737 478 2767 autem
525 2737 666 2767 intimus
706 2743 831 2766 sensus
869 2735 1054 2775 unguiculis

361 2783 462 2815 tribui
490 2785 651 2824 potuerit,
671 2784 783 2825 aperit
794 2782 909 2815 Pollux
925 2784 955 2816 Ξ.
978 2783 1049 2815 146.

1096 909 1244 953 ὄνυχες,
1263 911 1325 953 ὑφ’
1338 909 1396 953 οἷς
1409 910 1456 944 τὰ
1470 910 1583 958 νεῦρα
1599 910 1793 945 παύεσθαι

1096 961 1282 1005 λέγουσιν.
1320 962 1464 994 Rufinus
1484 963 1588 994 Anth.
1612 962 1681 994 Pal.
1706 965 1730 995 1.
1757 972 1791 1004 p.

1096 1012 1160 1044 87:
1200 1009 1270 1054 τὴν
1293 1008 1432 1053 ψυχὴν
1456 1008 1496 1052 ἐξ
1522 1008 1674 1049 ὀνύχων
1697 1008 1795 1044 ἀνά-

1094 1071 1162 1103 γει.
1211 1060 1298 1093 Plut.
1333 1061 1377 1093 de
1409 1061 1517 1093 Educ.
1554 1060 1613 1092 lib.
1640 1063 1671 1093 5.
1698 1070 1731 1102 p.
1759 1061 1790 1093 3.

1094 1111 1157 1143 Ed.
1176 1111 1279 1142 Didot
1295 1120 1301 1141 z
1329 1108 1647 1155 συμπαθέστερόν
1664 1120 1703 1142 τε
1719 1107 1792 1156 γὰρ

1093 1160 1290 1205 θρέψουσι
1324 1160 1389 1192 καὶ
1426 1157 1488 1192 διὰ
1512 1159 1686 1200 πλείονος
1710 1160 1791 1192 ἐπι-

1093 1208 1263 1251 μελείας,
1297 1205 1349 1249 ὦς
1372 1205 1422 1240 (ἲν
1446 1205 1600 1241 ἔνδοθεν
1623 1210 1689 1241 καί
1704 1234 1712 1248 ,
1748 1206 1794 1240 τὸ

1093 1256 1140 1301 δη
1157 1256 1377 1302 λεγόμενον,
1391 1256 1432 1300 ἐξ
1445 1254 1596 1297 ὀνύχων
1611 1255 1792 1300 [ἁπαλῶν]

1093 1305 1296 1351 ἀγαπῶσαι
1319 1305 1364 1339 τὰ
1382 1308 1494 1340 τέκνα
1509 1332 1517 1347 ,
1544 1308 1621 1348 ubi,
1648 1317 1729 1340 cum
1747 1309 1790 1340 de

1094 1358 1266 1390 matribus
1291 1357 1477 1390 manifesto
1501 1360 1634 1398 agatur,
1661 1357 1793 1398 signifi—

1093 1409 1149 1439 cat
1185 1407 1378 1448 «penitus»
1442 1408 1530 1439 Item
1568 1407 1791 1438 Automedon

1093 1457 1195 1488 Anth.
1234 1455 1304 1487 Pal.
1341 1456 1366 1487 Ι.
1404 1464 1437 1496 p.
1477 1456 1561 1486 ⁴49:
1603 1452 1681 1497 Τὴν
1713 1451 1791 1487 ἀπὸ

1094 1503 1162 1546 τῆς
1182 1501 1306 1546 Ἀσίης
1331 1500 1585 1549 ὀρχηστρίδα,
1630 1502 1699 1546 την
1722 1515 1793 1536 κα-

1094 1555 1291 1593 κοτέχνοις
1324 1551 1526 1595 Σχήμασιν
1562 1551 1602 1594 ἐξ
1633 1550 1794 1585 ἁπαλῶν

1093 1604 1298 1645 κινυμένην
1322 1599 1472 1641 ὀνύχων
1511 1603 1643 1643 («cuius
1672 1606 1788 1636 motus

1095 1653 1214 1685 lascivi
1225 1652 1321 1684 velut
1334 1661 1375 1683 ex
1389 1653 1519 1684 teneris
1532 1653 1709 1693 unguibus
1723 1654 1789 1685 orti

1096 1704 1207 1734 totum
1241 1711 1305 1742 per
1336 1710 1464 1742 corpus
1506 1702 1788 1742 propagantur‚»)

1095 1750 1225 1783 Αἰνέω.
1252 1750 1359 1782 Plaut.
1377 1751 1482 1782 Stich.
1509 1752 1548 1789 5,
1575 1752 1613 1788 5,
1642 1751 1702 1781 49:
1730 1752 1791 1782 Le—

1090 1802 1207 1841 pidam
1230 1803 1259 1831 et
1283 1808 1418 1830 suavem
1441 1801 1626 1831 cantionem
1642 1800 1794 1839 aliquam

1096 1850 1232 1889 occipito
1267 1849 1494 1888 cinaedicam,
1539 1849 1595 1879 Ubi
1614 1851 1793 1889 perpruri—

1095 1908 1227 1930 scamus
1249 1907 1351 1938 usque
1374 1907 1417 1929 ea:
1439 1898 1648 1939 unquiculis,
1686 1907 1795 1939 quem

1095 1948 1212 1981 locum
1245 1948 1419 1989 expressit
1451 1946 1617 1988 Apuleius
1652 1948 1731 1979 Met.
1758 1956 1792 1988 p.

1097 1998 1171 2030 938.
1208 1998 1268 2035 H.,
1311 1996 1372 2028 ubi
1406 1996 1688 2029 Hildebrandus:
1734 1994 1794 2037 «ἐξ

1098 2043 1247 2084 ὀνύχων
1270 2045 1395 2085 φιλεῖν
1410 2070 1418 2085 ,
1451 2046 1484 2077 id
1509 2048 1580 2082 est,
1608 2055 1650 2077 ex
1674 2046 1795 2077 intimo

1098 2097 1263 2137 pectore,
1290 2095 1447 2136 penitus,
1476 2094 1696 2132 n1edullitus;
1737 2096 1796 2136 qui

1099 2146 1193 2177 enim
1217 2154 1259 2175 ex
1276 2144 1434 2185 partibus
1452 2144 1611 2184 corporis
1628 2145 1795 2176 extremis

1098 2195 1198 2235 quasi
1221 2194 1343 2233 flagrat
1368 2195 1403 2225 et
1426 2192 1580 2232 lascivit,
1618 2195 1690 2225 toto
1715 2202 1797 2225 cor-

1098 2252 1183 2284 pore
1220 2243 1471 2284 concupiscit.»
1519 2243 1590 2274 Cic.
1628 2242 1673 2273 ad
1698 2243 1791 2274 Fam.

1100 2293 1129 2329 4,
1149 2293 1179 2330 6,
1198 2292 1237 2323 2:
1263 2292 1327 2323 Sed
1337 2295 1475 2331 praesta
1492 2294 1520 2323 te
1537 2300 1626 2330 cum,
1645 2292 1701 2330 qui
1716 2291 1795 2322 mihi

1100 2350 1121 2372 a
1145 2341 1277 2379 teneris,
1302 2344 1339 2371 ut
1363 2341 1481 2372 Gracci
1505 2340 1632 2378 dicunt,
1668 2340 1793 2381 unqui-

1099 2390 1180 2422 culis
1215 2399 1247 2421 es
1280 2391 1450 2431 cognitus,
1490 2390 1684 2428 «intime»,
1726 2397 1795 2420 non

1102 2439 1202 2471 «inde
1228 2448 1246 2470 a
1270 2440 1380 2480 prima
1405 2439 1594 2480 pueritiam
1633 2447 1697 2479 pro
1725 2446 1794 2478 qua

1100 2492 1218 2521 tamen
1252 2489 1504 2529 significatione
1540 2489 1653 2528 Unger
1684 2485 1796 2518 attulit

1101 2539 1264 2571 Laurent.
1294 2537 1379 2577 Lyd.
1407 2537 1450 2569 de
1476 2538 1585 2577 Magg.
1611 2537 1650 2573 ἓ,
1679 2536 1732 2567 26.
1758 2544 1792 2576 p.

1103 2588 1164 2619 1138
1181 2597 1186 2617 z
1212 2583 1301 2626 τοὺς
1324 2584 1364 2618 δὲ
1379 2583 1524 2627 νόμους
1540 2582 1664 2624 εἰδώς,
1694 2582 1796 2629 εἴπερ

1101 2647 1157 2677 τις
1180 2630 1296 2676 ἄλλος
1311 2660 1319 2675 ‚
1346 2632 1403 2676 οἷς
1419 2633 1458 2676 εξ
1474 2631 1630 2666 ἁπαλῶν
1647 2630 1796 2671 ὀνύχων

1102 2682 1302 2730 ἐνετράφη.
1328 2684 1400 2717 Alia
1416 2683 1613 2716 testimonia
1628 2691 1692 2723 pro
1704 2682 1797 2724 prio-

1104 2744 1141 2766 re
1166 2734 1221 2766 illa
1245 2734 1324 2765 vide
1349 2733 1441 2774 apud
1466 2733 1592 2773 ipsum.

1147 2784 1199 2814 ὁ25,
1230 2783 1281 2814 26.
1309 2783 1391 2815 Mox
1412 2782 1553 2813 iuniores
1569 2780 1649 2821 cet]
1679 2781 1794 2812 «Dum
