1997 3219
309 200 386 242 Ι188
815 204 981 234 non-mi
1008 202 1229 236 ‹JARMINUM

535 308 744 349 Praesens
776 306 842 348 vel
874 306 958 348 imo
990 305 1138 348 tollere
1171 306 1224 349 de
1255 304 1387 361 gradu

589 386 763 429 Mortale
795 399 952 442 corpus
982 386 1047 428 vel
1085 386 1296 442 superbos

643 468 816 508 Vertere
849 466 1067 508 funeribus
1101 465 1358 522 triumphos,

531 574 585 613 'l‘e
617 585 783 627 pauper
813 564 944 613 ambit
973 571 1150 613 sollicita
1182 585 1310 628 prece
1717 574 1740 611 ζ’)

530 653 653 695 Ruris
686 651 883 701 colonus,
916 651 1205 694 tedominam
1236 652 1458 709 aequoris,

390 779 420 809 6.
449 779 546 809 Raris
571 767 785 817 (dominam),
812 777 944 808 colonus
965 777 1120 808 distinxit
1136 775 1359 808 Marklandus
1377 779 1409 808 et
1428 778 1460 808 F.
1481 778 1518 808 Α.
1539 776 1694 809 Wolfius.

304 883 526 914 Fortunarmn
539 883 582 913 ad
594 882 707 913 danda
721 890 888 920 responsa.
908 881 997 912 Con-

302 931 410 963 sultas
441 933 558 963 autem
589 940 667 963 esse
699 931 741 962 de
771 930 993 971 suscipienda

302 981 522 1021 expeditione
569 980 739 1011 adversus
784 980 904 1011 hostes
950 979 994 1010 ab

301 1030 488 1061 Octaviano
513 1030 618 1061 hasce
646 1030 814 1060 Fortunas
840 1028 884 1068 (id
901 1028 996 1069 quod

301 1080 449 1111 coniecit
467 1079 710 1118 Mitscherlicli)
725 1087 870 1119 prorsus
885 1079 997 1109 incre—

300 1128 405 1160 dibile
431 1131 494 1160 est.
543 1130 639 1160 Tunc
663 1129 757 1159 enim
774 1128 910 1159 nonnisi
928 1128 997 1167 pri-

299 1178 368 1208 vati
400 1178 631 1218 superstitiosi
665 1179 698 1208 et
726 1176 867 1208 infimae
893 1177 995 1207 sortis

299 1227 460 1259 homines
485 1227 529 1258 ad
554 1226 726 1259 eiusmodi
750 1234 920 1266 responsa
942 1234 997 1257 re-

299 1276 499 1308 currebant:
524 1277 729 1316 neutiquam
746 1284 829 1306 vero
847 1276 994 1307 Senatus

300 1326 477 1357 Romanus
503 1327 537 1357 et
560 1326 749 1366 Principes.

341 1376 372 1406 2.
397 1376 565 1416 Praesens]
581 1376 708 1406 «Tanta
722 1375 875 1415 potentia
889 1383 994 1414 prae-

299 1424 388 1463 dita,
430 1427 466 1456 ut
501 1425 546 1456 ad
581 1424 709 1465 gloriae
746 1426 850 1464 atque
887 1432 994 1463 opum

300 1473 473 1514 fastigium
497 1475 658 1515 quemvis
683 1473 868 1505 mortalem
889 1473 992 1503 etiam

300 1523 419 1554 infimo
452 1523 528 1555 loco
559 1526 681 1554 natum
710 1525 769 1554 tuo
799 1524 883 1553 nutu
910 1530 994 1552 eve-

298 1573 396 1603 has.»
426 1573 503 1603 Ter.
531 1573 671 1604 Phorm.
698 1574 735 1611 ⁶2,
762 1574 798 1611 2,
826 1572 886 1603 3¹:
920 1572 994 1602 Non

298 1625 333 1651 (ιι
369 1622 454 1652 hanc
497 1622 616 1653 habeas
654 1622 754 1661 plane-
786 1623 993 1661 praesentem

298 1670 417 1702 dcam?
447 1672 517 1703 Cic.
543 1673 643 1703 Tusc.
666 1672 700 1709 sl,
729 1672 786 1709 42,
812 1671 870 1702 28ῑ
907 1670 994 1700 Her-

297 1720 382 1751 eules
405 1724 518 1751 tantus
540 1724 569 1752 et
593 1724 661 1752 tani
681 1729 841 1760 praesens
856 1719 994 1750 habetur

298 1770 384 1801 (leus.
435 1770 485 1802 Cf.
512 1770 575 1801 Od.
602 1770 638 1809 3,
673 1771 710 1808 5,
736 1771 766 1800 2.
795 1770 863 1800 Sat.
890 1769 926 1806 2,
953 1768 989 1806 3,

297 1818 349 1849 68.
372 1819 459 1859 Epp.
479 1820 510 1857 2,
539 1821 568 1858 4,
597 1819 670 1851 434».
720 1819 808 1850 Cum
825 1817 992 1849 infinitivo

292 1877 451 1906 praesens
476 1868 507 1908 (i.
527 1877 560 1908 q.
578 1868 702 1907 valens)
728 1869 796 1899 hoe
821 1876 889 1898 uno
913 1866 991 1897 loco

297 1917 453 1948 iunctum
484 1917 632 1948 videtur.
683 1917 907 1948 «Praesentia
939 1915 993 1947 di-

297 1967 422 1996 cuntur
452 1967 595 1997 numina
624 1966 790 1998 deorum.
828 1974 919 2006 quae
953 1974 990 1996 se

296 2015 559 2055 potentiamque
571 2024 671 2047 suam
682 2015 865 2047 manifeste
877 2016 993 2046 osten-

297 2064 416 2095 dunt.»
458 2066 619 2095 ponpam.

339 2113 369 2144 3.
409 2114 551 2145 Mortale
581 2114 715 2154 corpus]
750 2113 846 2145 Pind.
882 2112 929 2144 Ol.
957 2113 988 2151 9,

296 2162 354 2194 34:
380 2160 521 2207 βρότεα
545 2160 723 2204 arquata,
750 2172 840 2203 quae
866 2163 921 2193 liic
939 2162 991 2193 af-

296 2212 376 2243 ferri
392 2212 503 2244 solent
522 2212 565 2244 ab
584 2214 796 2253 Interp1·ctt.,
816 2214 897 2244 sunt
912 2213 991 2243 Vir—

295 2261 360 2301 gilii
386 2264 470 2293 Aen.
498 2263 533 2301 6,
566 2263 640 2294 306.
667 2264 819 2303 defuncta
848 2271 991 2301 corpora¹

293 2311 373 2341 vila.
423 2311 485 2342 Hic
523 2312 638 2351 potius
673 2311 843 2351 significat
875 2311 991 2342 homi-

295 2368 376 2391 nem
400 2368 545 2400 prorsus
576 2369 654 2391 esse
680 2360 853 2391 caducum
879 2361 913 2391 et
937 2360 991 2390 in-

295 2408 447 2440 lirnium.

340 2458 370 2490 ll.
400 2459 538 2500 Vertere]
575 2468 761 2499 «pompam
795 2459 989 2498 triumplia—

294 2506 364 2539 lem
390 2509 423 2540 in
449 2508 632 2540 funebrem
652 2509 821 2539 mutare.»
855 2508 908 2538 stc
926 2510 990 2539 Ao-

295 2556 376 2588 milii
408 2557 513 2589 Paulli
547 2557 758 2589 Macedonici
792 2557 988 2597 triumphus

294 2606 444 2638 duorum
475 2607 625 2638 filiorum
656 2608 768 2637 morte
795 2605 988 2637 funestatus

294 2656 358 2685 est.
385 2657 454 2687 Liv.
481 2656 541 2694 4-5,
568 2656 619 2687 4-4.
648 2656 707 2687 Est
730 2656 847 2695 igitur:
888 2655 986 2686 «Tibi

294 2704 321 2734 si
345 2703 445 2742 libet,
473 2704 624 2736 lactitiae
649 2713 810 2737 summac
828 2712 988 2735 summus

293 2753 406 2785 luctus
431 2756 576 2794 repente
609 2754 806 2785 succedit.»
855 2752 914 2785 Alii
944 2754 987 2785 ita

1046 881 1336 922 interpretantur:
1365 880 1605 921 «splendidam
1630 882 1741 912 victo-

1046 931 1134 962 riam
1159 932 1295 962 mutare
1320 931 1354 961 in
1379 930 1551 962 cladem.»
1579 931 1619 962 Et
1642 940 1741 963 com—

1045 988 1171 1020 parare
1204 981 1318 1020 possis
1349 979 1410 1010 Od.
1438 980 1474 1018 3,
1509 982 1544 1018 4,
1575 981 1612 1010 7:
1651 980 1741 1012 Clari

1047 1029 1207 1069 Giganteo
1231 1030 1395 1069 triumpho
1419 1038 1482 1070 pro
1510 1030 1672 1067 victorisfl
1708 1032 1742 1061 et

1046 1078 1108 1109 Od.
1131 1079 1160 1117 4,
1188 1079 1245 1117 45,
1273 1079 1330 1110 110:
1358 1083 1485 1119 quanta
1500 1088 1608 1110 moves
1621 1080 1742 1120 funera

1045 1128 1230 1158 Dardanae
1266 1129 1370 1160 Genti.
1420 1128 1486 1160 Sed
1523 1129 1619 1169 pr10r
1653 1129 1740 1160 ratio

1046 1177 1131 1208 mihi
1177 1179 1272 1209 certe
1313 1179 1424 1218 magis
1462 1179 1599 1219 poetica
1639 1178 1741 1209 vide-

1046 1228 1113 1265 tur,
1140 1228 1177 1258 ut
1203 1236 1294 1259 unus
1320 1227 1375 1259 ille
1405 1236 1520 1266 casus,
1545 1228 1604 1268 qui
1633 1235 1741 1268 quam

1046 1276 1197 1308 maxime
1215 1276 1371 1317 lugubris
1388 1278 1544 1319 Romano
1560 1278 1634 1308 viro
1653 1278 1738 1315 erat⁴2

1045 1325 1269 1364 significetur.
1324 1328 1391 1367 (De
1432 1326 1536 1358 ablat.
1572 1326 1742 1366 funeribus

1045 1383 1108 1414 pro
1127 1376 1181 1406 «in
1208 1375 1347 1406 funera»
1372 1376 1414 1407 cf.
1433 1378 1472 1407 A.
1492 1377 1527 1407 P.
1546 1376 1620 1407 226.
1641 1375 1737 1407 Ovid.

1045 1424 1124 1455 Met.
1152 1424 1187 1463 4,
1214 1424 1352 1463 45010,
1381 1425 1466 1464 457.)

1088 1474 1116 1504 5.
1139 1474 1285 1505 Fortuna
1304 1474 1337 1505 in
1355 1475 1507 1505 nummis
1522 1474 1661 1514 fingitur
1673 1476 1741 1505 sto-

1044 1521 1125 1557 lata,
1152 1522 1273 1553 dextra
1300 1525 1424 1554 tenens
1449 1523 1738 1562 gubernaculum,

1044 1570 1142 1603 laeva
1168 1581 1276 1603 cornu
1302 1573 1440 1612 copiae:
1479 1573 1528 1603 sic
1552 1573 1585 1603 h.
1611 1572 1632 1604 l.
1660 1574 1739 1604 ante

1045 1629 1168 1652 omnes
1182 1623 1424 1652 memorantur
1437 1620 1581 1654 colonus
1592 1624 1625 1652 et
1636 1624 1739 1653 nauta

1045 1671 1403 1710 eluspaeempetentes.
1426 1671 1574 1710 (Lucret.
1587 1672 1618 1708 5,
1636 1671 1737 1703 Δ1228ῖ

1042 1721 1162 1751 Divom
1190 1729 1307 1759 pacem
1336 1720 1419 1751 votis
1449 1719 1546 1761 adit.)
1591 1720 1741 1751 Ambitur

1043 1771 1161 1801 autem
1185 1770 1218 1800 h.
1239 1769 1260 1800 l.
1281 1770 1448 1807 Fortuna,
1475 1770 1512 1800 ut
1536 1768 1741 1800 ambiebant

1043 1819 1188 1850 Romani
1218 1827 1300 1850 suos
1332 1819 1442 1856 cives,
1480 1819 1650 1859 imprimis
1674 1828 1739 1859 po—

1042 1869 1169 1906 tentes,
1197 1877 1278 1900 cum
1303 1869 1455 1899 honores
1479 1867 1660 1908 petebant.

1087 1918 1117 1947 6.
1155 1918 1253 1948 Ruris
1287 1916 1435 1956 colonus]
1473 1917 1527 1948 Sic
1564 1917 1737 1957 iungenda

1043 1969 1122 1997 sunt
1145 1975 1220 2005 un,
1254 1975 1368 2007 neque
1400 1975 1484 1998 vero
1515 1976 1595 1998 cum
1624 1968 1738 2010 Mark-

1041 2015 1145 2047 lando
1172 2015 1311 2056 (Explic.
1337 2017 1420 2046 vett.
1441 2016 1573 2056 scripit.
1593 2025 1626 2056 p.
1646 2016 1735 2056 ⁶254.)

1042 2064 1186 2104 aliisque
1213 2064 1507 2105 intcrpungenda:
1541 2066 1638 2096 Rari-s
1662 2065 1738 2105 (do-

1043 2114 1197 2154 minam),
1228 2114 1376 2152 colonus,
1411 2118 1440 2145 te
1463 2115 1631 2145 dominam
1654 2118 1735 2152 cet..

1043 2165 1079 2194 ut
1109 2164 1167 2195 sit:
1208 2165 1265 2194 «te
1295 2163 1385 2194 ruris
1417 2163 1595 2194 dominam
1628 2164 1738 2195 ambit

1042 2212 1206 2251 colonus,
1226 2214 1258 2244 te
1277 2212 1457 2244 dominam
1474 2214 1637 2253 aequoris
1655 2223 1738 2246 nau-

1041 2264 1075 2293 ta
1086 2273 1119 2300 n,
1150 2271 1240 2302 quae
1265 2262 1408 2302 quidem
1433 2264 1646 2294 constructio
1672 2264 1737 2294 nii-

1041 2312 1134 2343 nime
1160 2311 1249 2342 soret
1274 2311 1477 2350 Horatiana,
1505 2312 1612 2343 immo
1630 2322 1736 2345 sonus

1041 2362 1114 2401 ipse
1141 2362 1174 2392 ct
1197 2369 1322 2392 versus
1348 2361 1576 2392 conformatio
1600 2371 1662 2393 nos
1680 2371 1733 2392 vv.

1039 2411 1137 2442 Ruris
1174 2411 1307 2441 colonas
1345 2410 1489 2450 iungere
1526 2410 1657 2442 iubent.
1699 2428 1733 2432 —

1040 2460 1179 2491 Celonas
1202 2461 1321 2490 autem
1345 2468 1413 2490 non
1439 2460 1551 2500 quivis
1572 2460 1733 2497 rusticus,

1040 2509 1102 2541 sed
1120 2509 1370 2549 significatione
1388 2509 1540 2549 propria,
1559 2510 1594 2539 ul
1613 2509 1680 2539 Sat.
1704 2510 1732 2546 2,

1040 2560 1070 2597 ¹2,
1105 2560 1110 2589 Ι
1126 2558 1176 2590 tlt:
1209 2559 1324 2589 Videas
1345 2561 1467 2589 ntelalo
1485 2559 1514 2589 in
1533 2558 1638 2597 ayello
1655 2558 1735 2589 Cum

1035 2617 1153 2646 pecore
1182 2611 1210 2638 el
1233 2607 1344 2648 gnatis
1371 2607 1486 2647 fortem
1510 2608 1656 2637 mercede
1679 2616 1735 2637 co-

1039 2658 1160 2688 lonum.
1188 2657 1249 2688 Od.
1280 2658 1313 2689 2,
1350 2656 1405 2695 tt,
1438 2657 1496 2687 ll:
1534 2657 1600 2687 stt-e
1632 2665 1732 2697 reyes

1040 2707 1114 2737 sire
1139 2707 1247 2745 inopes
1268 2707 1390 2737 ertnms
1405 2705 1521 2737 coloni.
1557 2705 1640 2745 (Der
1661 2706 1733 2736 Itein

1040 2756 1232 2795 Eiyentlmnz
1258 2755 1436 2787 bosus-ende
1458 2755 1596 2795 Bauer.)
1617 2773 1651 2777 —-
1672 2756 1736 2786 Ce-
