1997 3219
736 141 812 172 ΗΒ.
838 141 892 171 lll.

941 140 977 171 C.
1006 141 1043 171 ll.

452 243 538 284 Nec
569 243 696 284 sumit
726 249 797 284 aut
828 243 946 299 ponit
976 256 1152 286 secures
1191 228 1199 240 ⁸

506 322 687 364 Arbitrio
721 322 937 378 popularis
969 336 1111 365 aurae.

394 426 532 468 Virtus
564 427 790 469 recludens
822 427 1042 470 immeritis
1073 427 1177 468 mori

395 506 568 549 Caelum
598 514 751 562 negata
783 514 912 549 tentat
944 507 1023 549 iter
1053 507 1144 554 via,

454 587 699 643 Coetusque
730 586 929 643 volgares
960 594 1002 629 et
1031 586 1160 630 udam

505 667 674 723 Spernit
703 666 881 709 humum
910 666 1096 723 fugiente
1126 679 1278 723 penna.

396 772 467 814 Est
497 778 538 814 et
567 771 682 814 fideli
715 778 801 814 tuta
834 770 1000 814 silentio

1552 773 1607 813 ⁶25

258 878 307 908 19.
326 878 392 909 Nec
410 878 504 916 ponit
521 881 580 908 aut
601 878 699 909 sumit
714 883 817 917 κψω.
839 895 875 900 -
895 878 948 909 2¹.
969 877 1130 909 inmeritis
1151 876 1282 908 bSTcd.
1306 895 1340 899 —-
1359 878 1412 909 ⁵22.
1432 881 1567 917 temptat

213 926 295 958 ch.
336 944 371 948 —
412 927 484 967 iter]
512 927 576 961 ire.
614 927 724 959 erasis
759 928 839 958 ante
875 927 965 958 hanc
989 935 1118 958 vocem
1143 925 1275 967 aliquot
1298 925 1437 964 litteris,
1464 927 1499 958 T.
1530 944 1564 949 —

212 976 265 1006 223.
294 976 444 1016 uulyaris
466 976 502 1007 T.
533 993 564 998 —-
592 975 646 1007 ⁶24.
667 977 776 1016 pinna
798 975 917 1007 Bland.
945 976 1127 1016 antiquiss.

170 1062 267 1092 natis.
319 1063 409 1093 «Nec
443 1063 516 1094 eius
552 1063 699 1103 dignitas
735 1061 865 1103 pendet

170 1120 188 1141 e
215 1110 330 1142 favore
348 1111 523 1151 populari,
550 1112 613 1143 sed
630 1111 755 1143 eadem
772 1120 865 1143 sem-

169 1169 234 1200 per
251 1162 403 1191 maneta·
444 1161 506 1192 Od.
526 1161 562 1198 t,
581 1161 600 1192 9
613 1187 620 1199 ,
639 1161 691 1192 39.
723 1161 863 1201 sapiens

169 1209 321 1241 Consul·
338 1218 399 1240 non
427 1211 522 1240 unius
555 1211 646 1241 anni.
703 1210 773 1241 Cic.
799 1218 863 1250 pro

169 1258 281 1289 Sestio
300 1258 356 1290 ⁴28.
373 1258 428 1289 60:
447 1259 564 1290 Virtus
581 1259 663 1289 lucet
680 1260 711 1289 in
728 1258 866 1289 tenebris

167 1324 182 1329 -
198 1324 212 1329 -
225 1307 430 1346 splendetque
448 1316 511 1346 per
527 1317 593 1338 sese
615 1317 742 1347 semper
763 1316 865 1346 neque

169 1356 285 1387 altenis
301 1366 446 1395 unquam
467 1357 616 1388 sordibus
630 1357 803 1388 obsolescit.
826 1374 861 1378 —-

167 1406 361 1436 Intaminali
384 1408 501 1437 autem
525 1407 661 1437 honores
684 1414 866 1446 opponun-

170 1456 225 1485 tur
241 1453 321 1492 illis,
348 1455 407 1494 qui
425 1455 458 1485 in
476 1455 613 1486 civitate
631 1463 803 1496 persaepe
830 1456 866 1486 et

170 1503 290 1535 fraude
317 1505 351 1534 et
376 1503 587 1535 facinoribus
619 1506 699 1535 sunt
730 1503 861 1545 polluti.

215 1552 267 1583 49.
292 1553 344 1583 ΞΟ.
372 1553 496 1584 Nescio
511 1561 618 1593 quam
632 1555 728 1585 reete
743 1553 786 1584 ad
801 1554 864 1585 bos

169 1611 225 1632 vv.
244 1602 374 1633 Franke
391 1610 425 1642 p.
444 1602 516 1633 487.
540 1603 627 1634 baec
645 1605 866 1634 commenta-

170 1652 225 1682 tus
237 1651 296 1682 sit:
319 1651 403 1682 «Nec
415 1651 523 1692 sumit]
539 1653 574 1683 In
590 1653 642 1683 his
655 1662 722 1684 non
738 1653 865 1683 imme-

173 1700 237 1731 rito
261 1701 450 1740 suspiceris
474 1702 700 1733 Octavianum
734 1702 866 1742 signifi-

172 1750 289 1780 catum
309 1758 404 1786 esse,
432 1750 490 1789 qui
506 1759 536 1781 a.
556 1751 630 1782 726.
657 1751 700 1782 de
718 1752 864 1792 imperio

171 1797 381 1838 deponendo
394 1800 581 1838 cogitaret»
599 1799 661 1833 {vel
677 1802 806 1841 potius:
827 1810 865 1832 se

171 1847 322 1886 cogitare
337 1846 540 1887 simularet).
567 1849 738 1889 Equidem
759 1850 865 1881 credo

173 1896 274 1927 liuius
285 1895 864 1936 consiliisignificationemomnem

173 1944 265 1976 haud
300 1945 402 1976 nimis
426 1949 560 1985 gratam
584 1948 734 1979 suturam
759 1948 866 1980 tuisse

173 1994 386 2025 astutissimo
400 1994 442 2025 illi
457 1996 656 2030 Octaxiano,
677 1997 866 2036 quodcum

174 2043 283 2083 probe
321 2042 525 2083 intelligeret
561 2046 735 2082 lloratius,
782 2055 866 2076 sane

173 2092 239 2124 tale
257 2092 340 2132 quid
358 2092 444 2124 facili
469 2102 576 2133 opera
595 2094 786 2126 ‹imitabatx
813 2094 867 2126 vel

174 2142 286 2182 potius
322 2142 365 2172 de
406 2143 471 2173 boc
510 2144 650 2174 omnino
687 2152 866 2184 nunquam

174 2192 346 2231 cogitavit.
375 2208 408 2213 -
435 2192 575 2233 secures]
602 2202 664 2232 pro
690 2193 864 2230 fascibus,

175 2241 348 2272 bonorum
374 2241 585 2279 insignibus:
612 2243 705 2281 poni!
729 2245 864 2279 autem,

175 2290 279 2320 otiam
314 2293 487 2330 quatenus
522 2292 619 2329 gesto
650 2290 765 2331 aliquo
791 2300 867 2322 ma-

175 2340 318 2378 gistratu
373 2342 516 2379 propter
564 2340 727 2371 invidiam
773 2340 865 2380 apud

176 2387 342 2429 populum
367 2387 452 2420 alios
471 2388 621 2420 honores
648 2391 768 2429 postea
798 2398 866 2420 non

176 2437 320 2468 obtinet.
353 2455 384 2458 -«
408 2438 584 2476 popularis
607 2438 730 2478 aurae]
757 2440 867 2469 Sene-

175 2496 213 2517 ‹fa
250 2487 391 2526 Tliyest.
419 2487 502 2516 3³3⁰:
543 2488 742 2527 Sapientem
781 2497 867 2518 nun-

175 2545 273 2575 quam
297 2536 423 2566 stabilis
443 2537 541 2575 favor·
570 2536 656 2576 l'olyi
677 2537 868 2576 praecipitis

176 2589 291 2616 namet.
333 2586 433 2616 lli-rc.
473 2586 536 2616 sur,
573 2586 652 2616 1⁴59:
696 2585 864 2625 (Stultum)

173 2634 287 2673 populi
325 2635 421 2673 surm·
466 2635 639 2664 ιιΜυηιἸιιηι
691 2635 868 2674 Fica-tuque

177 2684 282 2724 magis
315 2684 429 2714 mobile
460 2683 571 2723 rolyus
594 2684 684 2714 Λυιά
709 2684 866 2714 (uiuidum

915 1062 997 1092 tollit
1010 1061 1114 1093 inani.
1128 1060 1377 1101 VirgiliusAen.
1392 1063 1422 1100 6,
1435 1063 1508 1094 817.
1525 1071 1609 1094 usus

916 1112 970 1141 est
994 1119 1142 1142 numero
1168 1110 1314 1151 plurali:
1354 1111 1492 1142 nimium
1521 1121 1610 1152 qau-

915 1160 992 1190 dens
1020 1160 1241 1199 popularibus
1275 1161 1379 1191 auris.
1437 1162 1507 1193 Cic.
1546 1170 1609 1201 pro

916 1207 1074 1240 Cluentio
1098 1208 1138 1240 47
1156 1218 1161 1239 :
1187 1213 1301 1240 ventus
1317 1210 1502 1249 popularis.

958 1257 1118 1289 u21-024..
1157 1258 1330 1288 immeritis
1364 1259 1465 1299 mori]
1508 1259 1610 1290 «viris

914 1305 1174 1338 immortalitate
1193 1307 1338 1345 dignis.»
1360 1325 1391 1330 —
1415 1308 1611 1339 recludens-

916 1355 1066 1396 Caelum]
1096 1355 1234 1386 Anthol.
1262 1355 1331 1386 Pal.
1362 1358 1385 1387 Ι.
1415 1357 1497 1389 379:
1535 1366 1608 1393 eos,

915 1404 974 1445 qui
988 1404 1232 1445 Thermopylis
1249 1405 1468 1445 ceciderunt,
1495 1403 1610 1451 ἀρετὴ

915 1451 1156 1498 καθύπερθεν
1206 1452 1433 1486 Κυδαίνουσ’
1480 1452 1612 1498 ἀνάγει

915 1501 1092 1544 δώματος
1127 1500 1166 1543 ἐξ
1201 1498 1335 1534 Ἀίδεω.
1380 1523 1415 1526 -
1470 1505 1608 1546 neqata]

918 1553 1131 1594 «asperrima
1164 1561 1340 1593 quaque.»
1399 1555 1478 1586 Sen.
1505 1556 1608 1586 Herc.

916 1602 981 1633 fur.
1008 1601 1092 1633 4-39:
1119 1602 1190 1632 Non
1216 1605 1260 1633 est
1283 1604 1327 1633 ad
1350 1606 1444 1634 astra
1469 1604 1573 1635 mollis
1596 1612 1612 1635 e

916 1653 1014 1682 terris
1035 1652 1103 1682 via.
1134 1669 1168 1673 —
1204 1652 1324 1691 udam]
1361 1661 1502 1685 «crasso
1528 1656 1610 1684 aere

916 1701 1065 1732 obsitam
1091 1710 1131 1731 ac
1167 1703 1352 1741 propterea
1388 1702 1531 1733 minime
1557 1702 1611 1733 di—

916 1759 1036 1790 gnam,
1064 1750 1097 1781 in
1122 1759 1190 1790 qua
1212 1751 1326 1781 Virtus
1352 1753 1544 1782 moretur.»
1574 1769 1609 1773 —

914 1798 1071 1839 fuqiente]
1108 1799 1276 1839 Exprimit
1311 1801 1345 1830 et
1369 1801 1610 1840 contemptum

917 1857 1036 1880 rerum
1061 1849 1295 1880 humanarum
1321 1851 1355 1880 et
1379 1849 1609 1887 celeritatem,

917 1907 985 1938 qua
1010 1899 1042 1929 in
1069 1896 1205 1928 eaelum
1230 1906 1309 1929 sese
1334 1897 1429 1930 tollat
1445 1899 1572 1930 Virtus.

960 1948 1013 1978 25.
1051 1947 1109 1977 Est
1140 1946 1183 1987 et]
1222 1947 1345 1977 «Socia
1381 1949 1522 1979 Virtutis
1559 1950 1613 1979 est

919 1996 1030 2027 Fides.
1090 1996 1183 2026 llaec
1217 1997 1335 2027 autem
1370 1996 1425 2028 vel
1460 1997 1611 2028 maxime

918 2046 1096 2084 spectatur
1114 2044 1146 2074 in
1164 2045 1414 2083 mysteriorum
1439 2046 1613 2077 caerimo-

918 2093 983 2124 niis
1025 2090 1185 2131 religiose
1227 2092 1405 2131 tacendis,
1446 2094 1611 2133 quoniam

918 2150 1094 2173 summam
1130 2140 1237 2172 fidem
1271 2141 1323 2172 dis
1355 2141 1611 2181 immortalibus

918 2191 1103 2222 debemus.
1164 2191 1332 2228 Quocirca
1373 2190 1489 2222 laesae
1530 2191 1609 2222 fidei

920 2240 1050 2272 nullum
1086 2241 1197 2272 maius
1233 2240 1432 2281 exemplum
1465 2241 1611 2281 reperiri

917 2291 1048 2330 potest.
1084 2298 1189 2330 quam
1222 2290 1249 2321 si
1274 2290 1350 2330 quis
1375 2289 1611 2321 occultissinm

919 2339 1056 2371 Cereris
1074 2347 1172 2370 sacra
1190 2339 1315 2379 prodat
1332 2339 1497 2379 profanis.
1546 2339 1612 2369 Ta-

919 2388 987 2420 lem
1023 2389 1247 2426 bominem»,
1300 2389 1424 2428 inquit,
1466 2396 1612 2419 «omnes

919 2446 1059 2469 mecum
1083 2446 1196 2478 aeque
1221 2437 1479 2469 abominantur.
1518 2437 1614 2468 Eius-

920 2487 1013 2519 modi
1032 2495 1115 2518 vero
1132 2486 1249 2518 scelus
1267 2487 1491 2523 gravissimae
1505 2486 1611 2517 deum

919 2546 1054 2577 poenae
1080 2539 1341 2576 consequantur
1359 2544 1505 2567 necesse
1523 2536 1610 2566 est.»

923 2604 956 2607 -
981 2585 1240 2626 fideli-silentio]
1270 2586 1358 2624 Virg.
1374 2587 1458 2616 Aen.
1479 2584 1510 2623 3,
1530 2585 1609 2615 Μ’·Ζι

916 2635 985 2675 sida
1015 2635 1144 2666 silentia
1177 2635 1291 2665 sacris.
1351 2635 1481 2667 Seneca
1509 2634 1608 2664 llere.

921 2684 984 2714 sur.
1027 2684 1105 2715 303:
1161 2684 1216 2714 libi
1257 2687 1345 2714 mula
1382 2684 1446 2723 fide
1484 2684 1612 2722 Lonyas
