1997 3219
330 145 411 185 598
840 145 1007 177 ΙΙΟΒΑΤΗ
1034 144 1254 176 (ἹΑΗΜΙΝΗΜ

813 415 1123 484 σᾉιιινιειπ
1160 444 1259 482 xx.

556 559 626 599 Est
655 557 754 599 mihi
787 571 944 599 nonum
975 556 1214 612 superantis
1248 569 1401 598 annum

553 637 708 680 Plenus
741 619 888 680 Albani
920 637 1075 687 cadus,
1108 642 1172 679 est
1203 637 1243 677 in
1274 636 1414 683 horto,
1755 636 1765 682 ².

553 718 711 776 Phylli,
746 718 964 761 nectendis
995 717 1139 774 apium
1170 717 1369 766 coronis,

666 800 738 841 Est
768 799 956 842 hederae
985 798 1049 840 vis

556 904 703 954 Multa,
736 918 821 962 qua
852 904 991 959 crines
1021 903 1197 960 religata
1231 903 1391 960 fulges,
1741 903 1765 942 5

554 985 677 1029 Ridet
707 991 881 1042 argento
911 984 1086 1035 domus,
1119 998 1192 1026 ara
1223 984 1350 1027 castis

420 1119 473 1149 xl.
501 1119 609 1149 Inscr.
635 1116 724 1157 volg.
750 1117 799 1148 Ad
821 1116 1014 1155 Phyllide-m,
1041 1117 1075 1147 et
1099 1116 1148 1147 sic
1174 1115 1282 1147 Codd.
1310 1117 1440 1166 nostri3
1482 1116 1502 1146 S
1526 1114 1621 1147 addit
1645 1117 1727 1147 arni-

374 1176 448 1199 ram
472 1176 578 1199 suam.
608 1185 642 1189 —
669 1168 700 1198 5.
726 1167 827 1198 crinis
848 1167 885 1198 B.

375 1273 429 1304 XI.
466 1272 519 1304 Ad
552 1272 764 1305 Maecenatis
799 1270 893 1302 diem
928 1272 1027 1302 nata—

332 1320 401 1352 lem
424 1321 472 1353 Id.
500 1320 605 1362 April.
629 1329 750 1352 secum
774 1319 1027 1352 celebrandum

333 1372 452 1402 iuvimt
485 1369 664 1410 Phyllida,
705 1369 893 1401 amabilem
932 1367 1028 1410 psal-

334 1420 454 1458 triam,
481 1420 537 1451 cui
561 1418 744 1452 consilium
768 1419 845 1457 dat,
870 1420 909 1450 ut
925 1418 1027 1450 nimis

336 1470 466 1511 dispari
489 1468 632 1510 Telephi
657 1469 768 1500 amori
792 1468 935 1500 tandem
969 1476 1029 1498 re—

334 1519 488 1557 nuntiet,
544 1521 648 1559 atque
686 1519 916 1559 perpetuum,
969 1516 1028 1557 qui

335 1569 492 1609 priorum
510 1569 578 1599 iam
595 1567 673 1599 finis
690 1568 749 1606 sit,
776 1575 935 1599 amorem
952 1565 1029 1607 pol-

336 1618 471 1650 licetur.
497 1616 622 1649 Similis
644 1617 840 1657 argumenti
863 1617 944 1648 sunt
959 1617 1029 1647 Ne-

336 1666 489 1709 ptunalia
509 1675 590 1698 cum
608 1666 703 1706 Lyde
726 1665 901 1697 celebrata
915 1665 977 1697 Od.
994 1665 1025 1703 3,

340 1718 392 1749 ³28.
419 1716 559 1756 (Grotef.
588 1716 695 1747 refert
717 1716 761 1746 ad
786 1724 815 1746 a.
835 1724 869 1746 u.
890 1723 919 1745 e.
939 1715 1026 1754 739.)

379 1767 399 1797 Ξ
410 1766 469 1806 -,4.
494 1765 622 1806 Albani]
635 1765 761 1796 Vinum
775 1763 950 1796 Albanum
966 1763 1029 1796 soli

341 1815 482 1847 Falerno
512 1815 660 1853 cedens,
687 1816 831 1855 Dionys.
858 1813 964 1846 Halic.
998 1814 1027 1851 4,

340 1866 391 1896 12.
407 1875 412 1902 ;
439 1865 540 1896 tertia
551 1863 677 1896 saltem
687 1863 901 1904 palmainter
915 1862 1030 1894 Italica

340 1915 495 1954 dignum,
522 1915 664 1945 auctore
678 1913 785 1945 Plinio
803 1914 842 1944 H.
863 1914 902 1944 N.
921 1912 981 1951 44,
998 1913 1028 1943 6.

341 1963 408 1994 Csr.
436 1964 504 1994 sat.
523 1963 562 2002 2,
582 1963 601 1994 8
615 1988 622 2001 ,
642 1963 694 1994 46.
717 1981 752 1985 -
790 1963 922 2003 apium]
949 1963 1032 1993 Fre·—

342 2020 454 2053 quens
484 2012 559 2044 eius
583 2020 669 2044 usus
694 2013 727 2043 in
753 2011 891 2043 corollis
910 2011 1033 2043 convi—

340 2061 487 2093 valibus.
528 2062 579 2093 Ct'.
598 2061 660 2092 Od.
686 2062 698 2092 4
717 2087 723 2100 ,
748 2061 805 2100 36,
827 2061 877 2092 46.
911 2061 972 2092 Od.
992 2061 1029 2099 2,

341 2111 377 2149 7,
396 2110 449 2143 24.
479 2109 646 2142 «Alcaeus
668 2110 872 2151 frequenter
890 2119 927 2142 sc
951 2110 1033 2141 (holt

345 2161 423 2201 apio
449 2160 643 2192 coronari.»
672 2161 796 2191 ACRON.
827 2178 862 2182 —
898 2160 1035 2191 hederae

343 2210 399 2250 ris]
428 2210 581 2250 «copiam
606 2210 719 2249 Atque
744 2210 777 2240 in
800 2209 963 2240 omnibus
980 2209 1033 2239 his

342 2258 549 2299 imaginibus
579 2257 771 2290 inimitabili
802 2267 882 2290 cum
915 2257 1032 2299 lepore

342 2308 484 2339 beatam
507 2307 685 2348 quandam
710 2308 845 2348 copiam
871 2317 911 2339 ac
936 2316 1036 2339 mun-

344 2357 481 2396 ditiem,
508 2357 648 2398 dignam
666 2355 758 2388 illam
775 2357 862 2389 sesto
879 2357 946 2388 hoc
964 2356 1032 2395 die,

344 2406 408 2437 sibi
433 2407 573 2447 praesto
597 2414 677 2438 esse
702 2406 931 2438 demonstrat.

386 2457 417 2487 5.
443 2456 474 2487 6.
501 2465 568 2495 qua
591 2456 697 2487 crines
714 2455 873 2496 religata]
899 2456 1035 2496 Optima

345 2505 484 2537 videtur
507 2505 746 2546 interpretatio
770 2504 872 2535 huius
896 2504 1037 2549 βραχυ-

345 2554 497 2596 λογίας,
538 2557 575 2585 ut
608 2554 799 2595 significet:
843 2554 969 2585 «ommi
1004 2555 1036 2585 iu

349 2604 480 2635 nodum
516 2603 656 2644 religata
693 2605 747 2643 (ut
777 2604 837 2634 Od.
868 2605 900 2640 t,
928 2605 966 2642 5,
994 2603 1033 2635 i:

347 2654 399 2684 cui
422 2655 548 2694 [lavam
580 2653 701 2694 religas
729 2652 900 2691 romfznzl’)
936 2661 1038 2683 ‹foro-

350 2703 463 2742 naquc
490 2703 686 2735 licdcraeca
711 2703 811 2743 capili
844 2703 1036 2743 imposita.»

1076 1268 1138 1301 Alii
1162 1268 1283 1301 volunt
1307 1278 1408 1302 esse:
1437 1279 1525 1311 «qua
1550 1270 1682 1304 hedera
1706 1280 1769 1312 pro

1075 1318 1198 1350 taeniis
1221 1317 1276 1350 vel
1300 1319 1445 1360 philyris
1469 1329 1569 1352 coma
1586 1321 1620 1352 in
1637 1321 1770 1353 nodum

1077 1367 1222 1399 collecta
1237 1367 1346 1408 fulges
1363 1369 1472 1402 oculis
1489 1372 1630 1411 totaque
1647 1370 1769 1403 facie.»

1078 1417 1146 1449 Sed
1170 1417 1302 1449 hedera
1327 1419 1361 1450 et
1384 1419 1462 1459 apio
1498 1428 1599 1451 coma
1633 1421 1771 1451 redimi-

1077 1470 1153 1506 tur,
1191 1476 1260 1498 non
1284 1468 1458 1509 relinqatur.
1493 1487 1528 1491 —-
1563 1469 1684 1510 fulyes]
1710 1471 1770 1502 «in

1078 1526 1148 1557 quo
1170 1516 1317 1557 simplici
1339 1520 1463 1550 ornatu
1486 1518 1617 1559 fulgere
1641 1519 1770 1551 solesy»

1079 1567 1174 1597 «Non
1205 1567 1298 1598 enim
1333 1576 1412 1598 eam
1437 1567 1481 1599 ad
1505 1576 1542 1599 se
1568 1570 1770 1600 coronatam

1078 1616 1198 1647 venire
1224 1616 1340 1656 cupit,
1367 1617 1430 1648 sed
1454 1618 1591 1656 imitat,
1618 1619 1656 1649 ut
1679 1618 1770 1659 apud

1079 1673 1116 1696 se
1142 1666 1363 1696 coronetur.»
1394 1667 1557 1698 Poapnvn.
1603 1667 1655 1698 Ab
1683 1668 1773 1699 anti-

1079 1715 1200 1754 quiore
1235 1715 1344 1746 forma
1381 1716 1490 1757 fulyo,
1533 1717 1558 1748 is
1593 1726 1674 1748 cum
1698 1717 1772 1749 aliis

1080 1766 1241 1806 repetere
1266 1764 1383 1797 nolim.
1418 1784 1452 1788 ——
1478 1766 1533 1798 Sic
1558 1767 1664 1798 etiam
1686 1767 1775 1798 Cha-

1081 1816 1145 1846 rito
1163 1824 1197 1855 p.
1216 1815 1269 1845 86.
1289 1815 1381 1855 Lips.
1400 1824 1405 1845 :
1433 1811 1707 1860 ἀστράπτουσα
1722 1814 1772 1858 τῷ

1082 1861 1283 1909 προσώπῳ.
1302 1881 1336 1886 -
1352 1865 1455 1904 Ridet]
1475 1865 1642 1903 «renidet,
1661 1864 1776 1906 splen-

1083 1913 1173 1945 det.»
1200 1914 1285 1954 Epp.
1306 1914 1336 1952 11,
1355 1915 1386 1952 5,
1406 1915 1440 1945 7:
1459 1915 1657 1946 Iamdudwn
1672 1916 1775 1955 splen-

1082 1964 1133 1994 det
1154 1964 1246 2003 focus
1269 1967 1298 1995 et
1320 1963 1376 1994 ciba·
1399 1965 1524 1995 munda
1549 1965 1706 2004 supellex.
1735 1982 1772 1988 —

1083 2014 1164 2052 ara]
1198 2022 1240 2044 ex
1265 2013 1478 2054 caespitibus
1503 2014 1537 2044 in
1561 2015 1676 2045 terrae
1700 2013 1774 2045 solo

1084 2057 1270 2088 exstructa.
1298 2058 1417 2088 Senon.
1445 2057 1542 2088 Ovid.
1569 2057 1670 2088 Trist.
1690 2058 1721 2095 5,
1741 2058 1772 2094 5,

1084 2106 1119 2137 9:
1145 2106 1278 2145 Araque
1300 2106 1471 2146 memineo
1493 2106 1610 2137 viridis
1633 2106 1671 2138 de
1696 2115 1773 2138 cae—

1082 2156 1161 2195 spite
1175 2156 1245 2196 fiat.
1272 2156 1390 2187 Iuven.
1409 2156 1460 2194 4⁶2,
1481 2157 1492 2186 l
1514 2165 1519 2185 :
1546 2156 1673 2194 Natali,
1692 2155 1774 2187 Cor-

1082 2206 1175 2244 vine,
1218 2206 1269 2237 die
1308 2206 1387 2236 mihi
1422 2205 1548 2236 dulcior
1578 2205 1657 2236 haee
1690 2205 1773 2243 luat,

1085 2257 1158 2295 Qua
1191 2256 1290 2295 festus
1318 2255 1486 2294 promissa
1519 2254 1585 2286 (leis
1614 2254 1777 2286 animalia

1084 2313 1214 2344 caespes
1238 2305 1426 2343 Eat-spectat.

1128 2354 1158 2385 7.
1186 2354 1217 2386 8.
1243 2354 1406 2393 verbenis]
1430 2352 1513 2385 Plin.
1534 2354 1572 2385 H.
1594 2354 1633 2385 N.
1652 2354 1713 2391 202,
1732 2353 1773 2384 ⁴2:

1084 2404 1238 2436 finctores
1260 2404 1390 2444 imperii
1417 2404 1556 2435 Romani
1577 2403 1778 2434 conditores-

1087 2463 1147 2494 que
1161 2454 1349 2493 -quiclclam
1372 2452 1415 2493 (et
1430 2461 1473 2484 ex
1489 2453 1613 2490 surdis,
1638 2452 1697 2483 hoc
1719 2455 1775 2489 est,

1086 2503 1278 2545 iqnobilibzes
1309 2502 1427 2543 herbis)
1461 2510 1646 2541 smnpsere,
1696 2510 1778 2540 quo—

1086 2554 1177 2585 niam
1199 2562 1265 2584 ozon
1288 2552 1421 2583 alizmde
1444 2551 1597 2591 sagmina
1623 2550 1656 2580 in
1678 2558 1779 2581 reme-

1089 2604 1150 2634 diis
1168 2602 1307 2642 publicis
1333 2602 1425 2641 fuere
1448 2604 1475 2632 e!
1505 2601 1536 2631 in
1561 2599 1664 2630 sacris
1686 2599 1779 2638 lessa-

1088 2652 1290 2691 lionibusqzce
1322 2650 1511 2681 verbenae.
1561 2648 1652 2680 Certe
1684 2650 1778 2679 utro-

1089 2711 1149 2741 que
1183 2701 1310 2733 nemine
1346 2701 1427 2732 idem
1461 2699 1684 2739 siqnifiralzo·,
1722 2698 1780 2728 hoc
