1997 3219
694 547 746 613 Q.
762 545 995 604 HORATII
1018 544 1161 603 FLAG
1171 543 1225 603 CI

560 663 1376 807 GAR'M-INUM

749 867 920 928 *LlssER
950 886 1178 928 TERTmS.

775 1120 1086 1159 GARMEN
1123 1120 1170 1158 1.

538 1239 621 1281 Odi
653 1238 876 1294 profanum
907 1237 1056 1293 volgus
1089 1245 1129 1279 et
1160 1252 1312 1288 arce03

342 1360 364 1389 1,
397 1360 506 1389 laser.
532 1357 622 1397 x’olg.
648 1357 696 1388 Acl
719 1357 855 1388 chorum
876 1357 1045 1397 virginum
1068 1361 1097 1387 et
1114 1366 1309 1396 puerorum,
1337 1359 1371 1388 et
1388 1358 1437 1388 sic
1455 1358 1511 1389 Bc.
1544 1376 1576 1379 —
1603 1359 1651 1389 Ad

305 1410 418 1439 moros
440 1407 609 1447 viminum
632 1410 662 1438 et
680 1415 865 1445 puerorum
889 1407 931 1444 T,
970 1406 1053 1437 item
1079 1415 1167 1437 corr.
1195 1406 1228 1437 h<
1276 1425 1310 1428 —
1361 1407 1410 1437 Aa
1434 1408 1578 1438 indoctos
1601 1407 1622 1437 b
1642 1433 1647 1444 ÷

299 1460 382 1489 item
409 1468 427 1488 (τ
452 1458 531 1498 post
554 1457 708 1497 priorem
733 1457 836 1488 inser.
867 1474 901 1478 -
929 1456 1003 1487 Om.
1031 1456 1063 1485 S.

299 1565 319 1594 1.
371 1564 517 1594 Rectum
557 1562 600 1592 de
639 1561 747 1592 rebus
786 1560 948 1592 humanis

255 1612 420 1643 iudicium
457 1620 497 1642 ac
538 1611 735 1651 sapientem
768 1611 859 1641 vitae
895 1609 950 1640 su-

253 1662 346 1702 gacis
377 1669 481 1692 usum
513 1659 740 1691 commendat
762 1660 865 1700 poeta
890 1667 949 1690 se-

253 1720 321 1751 que
347 1710 462 1751 ipsum
492 1709 630 1740 felicem
654 1709 851 1749 praedicat⁷
890 1708 949 1747 qui

253 1759 348 1800 quod
372 1758 521 1790 voluerit
543 1759 611 1789 iam
636 1758 785 1798 adeptus
810 1758 852 1789 sit
885 1766 949 1787 ne-

253 1817 321 1848 que
339 1808 426 1838 ultra
444 1807 636 1847 quidquam
657 1807 809 1847 appetat.
850 1806 949 1837 Prin-

253 1857 372 1898 cipalis
408 1859 462 1888 est
496 1854 628 1899 γνώμη
664 1865 697 1887 v.
724 1857 783 1887 25:
827 1856 949 1887 «Desi-

253 1907 355 1944 dora,
393 1906 487 1946 quod
523 1907 606 1937 satis
639 1907 726 1937 est.»
774 1906 848 1936 Non
873 1905 947 1936 sine

254 1965 359 1987 eausa
389 1957 507 1986 autem
534 1955 734 1993 sententiis,
773 1963 861 1994 quas
885 1953 948 1985 ali—

253 2006 389 2045 quoties
425 2006 494 2036 iam
526 2005 756 2042 tractaverat,
793 2003 948 2044 splendi-

253 2055 437 2086 dissimum
461 2055 641 2095 praemisit
678 2053 877 2091 exordium,
912 2054 949 2083 ut

253 2105 364 2135 totum
399 2112 541 2135 carmen
577 2102 680 2134 simul
715 2104 809 2134 esset
842 2101 947 2133 veluti

252 2154 473 2193 prooemium
502 2152 579 2184 libri
602 2150 727 2193 μελῶν
752 2152 842 2183 tertii
866 2161 884 2182 a
909 2160 947 2182 Se

253 2203 356 2241 editi,
411 2211 549 2234 memor
584 2202 731 2234 fortasse
768 2202 947 2242 praecepti

252 2252 421 2283 Pindarici
455 2251 592 2292 Olymp.
622 2252 659 2290 6,
692 2253 728 2282 l:
769 2251 947 2295 Χρυσέας

253 2297 538 2339 ὑποστάσαντες
573 2296 735 2338 εὐτειχεῖ
768 2297 945 2345 προθύρῳ

253 2348 430 2391 θαλάμου
454 2350 611 2388 Κίονας,
638 2346 688 2389 ὦς
713 2344 775 2380 ὅτε
801 2347 945 2391 θαητὸν

251 2402 440 2445 μέγαρον,
493 2397 683 2440 Πάξομεν·
725 2395 943 2444 ἀρχιῃιιέιόυ

251 2448 281 2479 ὁ·
321 2445 432 2493 ἔργου
472 2446 678 2493 πρόσωπον
717 2446 789 2493 χρὴ
831 2449 945 2490 &istest

253 2498 445 2540 τηλαυγές.
464 2517 497 2521 ψ
519 2499 788 2540 Compositionis
806 2500 943 2539 tempus

252 2549 386 2579 deliniri
426 2548 565 2588 nequit:
609 2548 739 2578 Frankc
777 2557 806 2577 a.
845 2548 941 2584 7¹26..

255 2598 420 2628 Kircliner
461 2599 495 2628 et
530 2596 760 2628 Walckeuaer
799 2605 828 2626 a.
867 2597 941 2627 736.

253 2648 417 2678 Ceterum
443 2647 506 2677 etsi
531 2656 591 2677 sex
616 2647 730 2686 priora
750 2646 850 2676 huius
867 2645 944 2676 libri

254 2696 407 2726 carmina
426 2696 546 2727 similis
563 2697 682 2736 utique
696 2695 834 2735 generis
851 2696 942 2733 sunt,

254 2744 284 2774 id
311 2746 358 2775 est
377 2771 381 2782 ,
416 2746 576 2776 didm-tivi
603 2746 694 2780 (nam
713 2745 764 2775 his
783 2744 944 2775 omnibus

1000 1561 1169 1600 castigare
1187 1561 1373 1601 praecipua
1390 1560 1588 1601 aequalium
1614 1570 1626 1591 x
1638 1562 1691 1592 itia

1000 1611 1034 1640 et
1051 1609 1181 1649 honos,
1201 1610 1388 1641 iuventutis
1405 1610 1594 1650 imprimis,
1616 1619 1693 1641 mo—

999 1668 1056 1690 res
1074 1659 1283 1690 confirmare
1301 1659 1447 1698 studet),
1474 1659 1543 1690 noli
1560 1661 1690 1692 tamen.

1000 1709 1037 1739 ut
1065 1717 1157 1739 nunc
1185 1717 1263 1740 mos
1296 1710 1368 1746 est,
1410 1709 1441 1739 in
1472 1709 1590 1740 nescio
1623 1717 1692 1748 quo

999 1757 1100 1797 cyclo
1136 1758 1210 1789 sive
1246 1767 1376 1789 arcano
1412 1759 1501 1789 inter
1536 1767 1576 1789 ea
1601 1766 1693 1788 nexu

999 1807 1185 1838 statuendo
1217 1808 1319 1838 nimis
1349 1816 1389 1838 ac
1412 1816 1522 1848 prope
1548 1806 1693 1838 ridicule

999 1857 1169 1895 argutari3
1196 1856 1440 1888 huiuscemodi
1467 1857 1559 1888 enim
1585 1856 1693 1887 artifi-

999 1906 1050 1936 cia
1076 1915 1094 1935 a
1118 1914 1202 1936 vera
1226 1906 1324 1946 po‘e'si
1348 1914 1492 1945 prorsus
1517 1907 1597 1937 sunt
1613 1905 1694 1936 alie-

998 1964 1053 1986 na.
1088 1955 1309 1995 Quamquam
1327 1955 1436 1994 magis
1453 1954 1569 1986 sobrie
1587 1956 1691 1994 atque

999 2003 1243 2044 intelligentius
1282 2004 1315 2034 in
1356 2012 1434 2034 eam
1481 2004 1691 2035 sententiam

999 2053 1187 2093 disputavit
1204 2052 1447 2093 Dillenhurger
1463 2062 1496 2093 p.
1512 2054 1565 2085 84.
1585 2061 1692 2093 quam

999 2103 1146 2134 Monich.
1181 2120 1216 2124 —
1242 2103 1347 2134 Recte
1377 2102 1509 2134 Franke
1536 2111 1571 2143 p.
1606 2102 1690 2133 487:

999 2153 1256 2190 «Quaerentem
1274 2160 1350 2190 me,
1377 2160 1446 2191 quo
1464 2152 1606 2183 tandem
1628 2152 1693 2182 im-

998 2201 1101 2242 pulsu
1124 2202 1322 2233 Venusinus
1347 2201 1390 2232 ad
1416 2202 1504 2232 haec
1536 2202 1691 2232 carmina

997 2259 1143 2291 prorsus
1172 2249 1357 2290 singularia
1389 2250 1576 2282 scribenda
1607 2259 1691 2290 per-

998 2301 1113 2331 motus
1143 2300 1203 2337 sit,
1242 2308 1309 2330 non
1340 2300 1449 2340 pudet
1480 2308 1601 2331 eorum
1627 2299 1691 2330 ad-

997 2348 1153 2389 stipulari
1190 2350 1402 2387 sententiae,
1455 2350 1513 2389 qui
1551 2349 1690 2380 Horatio

995 2398 1050 2429 vel
1075 2407 1093 2429 a
1118 2399 1321 2430 Maecenate
1351 2398 1405 2429 vel
1431 2398 1474 2428 ab
1500 2398 1575 2438 ipso
1601 2398 1690 2429 Cae-

995 2457 1072 2479 sare
1105 2448 1137 2478 id
1171 2449 1297 2487 negotii
1327 2447 1578 2479 demandatum
1611 2455 1689 2478 esse

995 2498 1161 2537 suspicati
1180 2499 1279 2535 sunt⁷
1307 2498 1344 2527 ut
1360 2497 1494 2527 virtutis
1512 2503 1691 2527 commen—

995 2547 1133 2578 datione
1170 2545 1299 2577 labenti
1324 2547 1557 2577 Romanorum
1583 2544 1689 2575 ‹lisci—

994 2596 1106 2636 plinae
1132 2596 1356 2626 succurreret
1370 2595 1474 2633 atque
1491 2592 1688 2633 aequalium

996 2646 1137 2686 pectora
1164 2645 1263 2675 honis
1288 2643 1567 2682 salutarilmsque
1584 2650 1690 2682 prac-

997 2695 1106 2735 ceptis
1131 2694 1340 2725 imbueret.»

1042 2745 1068 2774 4.
1113 2743 1191 2783 Odi]
1227 2742 1372 2783 «Volgus
1408 2750 1510 2772 verae
1548 2740 1688 2780 sapien—
