1997 3219
346 155 425 196 374

859 159 1025 190 llORATll
1052 160 1273 192 CARMINUM

858 533 1169 572 CARMEN
1209 534 1277 571 V·

561 662 688 705 Caelo
716 669 930 705 tonantem
960 663 1221 706 credidimus
1253 665 1395 707 Iovem

562 744 789 799 Regnare:
810 757 1016 800 praesens
1048 745 1171 786 divus
1204 744 1430 787 habebitur

426 898 464 929 V.
492 899 599 930 Inscr.
625 899 714 940 volg.

763 900 799 930 In
822 900 952 931 laudem
976 900 1127 932 Caesaris
1149 900 1297 941 Auyusti.
1338 919 1372 922 —
1412 902 1461 932 Ad
1485 902 1596 934 clivum
1617 903 1733 943 Λαρα-

381 950 467 978 stum
489 947 573 979 Bbc.
603 966 636 970 —
663 949 700 979 In
723 949 878 980 honorem
901 949 1039 990 Auyusti
1062 949 1120 980 ST.

381 1090 418 1120 V.
447 1089 653 1126 «Phraates,
682 1097 764 1121 cum
788 1098 818 1120 a.
844 1098 877 1120 u.
905 1098 934 1121 c.
950 1090 1029 1121 731¹.

335 1137 445 1170 filium
469 1139 599 1169 Romae
624 1138 806 1169 detentum
830 1147 871 1169 ea
893 1137 969 1178 lege
986 1139 1030 1170 ab

335 1188 490 1228 Augusto
514 1188 726 1228 recepisset,
757 1188 795 1219 ut
819 1188 975 1228 captivos
998 1189 1032 1219 et

335 1237 433 1276 signa
472 1235 631 1268 militaria
668 1237 783 1269 Crassi
825 1239 860 1268 et
893 1238 1031 1269 Antonii

336 1285 494 1317 cladibus
527 1286 656 1317 amissa
691 1287 911 1324 restitueret,
949 1287 1030 1318 huic

336 1337 455 1366 tamen
478 1335 517 1365 ut
539 1334 778 1373 satisfaceret,
815 1335 910 1366 haud
933 1336 1031 1376 prius

339 1383 470 1424 impelli
505 1385 633 1424 potuit,
672 1393 779 1425 quam
811 1394 851 1416 ea
884 1384 928 1416 ab
958 1387 1031 1416 Au-

335 1435 456 1474 gusto,
494 1442 601 1474 quem
636 1435 669 1465 in
699 1435 818 1466 Asiam
850 1436 1029 1467 traiecisse

337 1484 372 1514 et
397 1482 442 1514 ad
459 1483 595 1523 Syriam
617 1491 730 1523 usque
747 1485 953 1524 pervenisse
972 1493 1031 1516 sa-

336 1532 379 1563 tis
412 1531 612 1571 constabat,
650 1531 743 1563 bello
774 1534 964 1574 repetitum
989 1534 1029 1565 iri

336 1580 427 1612 fama
452 1581 728 1621 percrebuisset.
762 1582 843 1613 Erat
866 1583 895 1614 is
919 1592 1030 1615 annus

336 1638 369 1660 u.
396 1639 426 1660 c.
454 1629 527 1661 734.
561 1631 656 1668 Quae
681 1640 740 1662 res
764 1633 829 1663 etsi
853 1641 895 1663 ex
919 1633 1030 1673 pactis

336 1687 417 1710 cum
452 1680 588 1710 Parthis
624 1680 670 1710 ita
705 1682 801 1712 esset
834 1683 1026 1721 transacta,

334 1729 530 1767 Augustum
554 1730 689 1766 tamen,
716 1730 811 1768 quod
828 1730 902 1761 solo
920 1732 1031 1762 nomi-

337 1777 389 1807 nis
427 1777 480 1808 sui
515 1778 649 1808 terrore
686 1778 875 1817 Phraaten,
916 1781 953 1811 ut
988 1790 1027 1811 ea

336 1827 460 1863 staret,
487 1826 675 1865 adegisset,
702 1827 746 1857 ita
767 1835 846 1858 sese
864 1828 1027 1860 extulisse

337 1876 489 1912 constat,
527 1876 565 1905 ut
588 1876 761 1906 maximae
787 1876 895 1907 instar
917 1879 1029 1908 victo-

338 1924 409 1954 riae
434 1924 691 1955 restitutionem
722 1925 823 1956 istam
848 1926 1026 1963 habuerit,

337 1972 565 2012 orationeque
583 1973 618 2003 et
633 1981 717 2004 arcu
735 1974 951 2014 triumphali,
971 1976 1030 2006 de-

337 2021 443 2061 nique
468 2021 621 2052 nummis
646 2030 736 2062 quae
769 2022 1028 2063 celebraretur,

336 2070 477 2109 dignam
502 2070 649 2101 duxerit.
699 2071 768 2102 Cfr.
799 2073 946 2104 Dionem
969 2073 1027 2112 54,

336 2119 389 2150 8.»
415 2120 671 2151 Muscnmmcu.
700 2121 940 2160 (Nummorum
954 2122 1030 2153 illo-

337 2177 415 2200 rum
454 2170 538 2202 satis
575 2169 811 2210 frequentium
850 2172 1029 2213 inscriptio

336 2217 392 2249 vel
417 2218 622 2258 simpliciter
638 2222 764 2252 Sloms.
791 2222 956 2254 Reos-Pus
973 2221 1027 2253 vel

336 2268 463 2299 Smms.
518 2269 703 2300 marium.
763 2270 927 2302 Rzzcfflms
973 2270 1027 2302 vcl

337 2317 439 2348 C1V113.
475 2318 535 2348 ET.
569 2318 662 2349 S1GN.
704 2320 817 2350 Mlmr.
856 2320 893 2351 Α.
931 2322 1024 2353 PAar.

336 2367 455 2397 necyn
482 2365 603 2398 Miiller
636 2367 772 2398 Denkm.
811 2369 849 2399 V.
886 2371 924 2400 N.
950 2370 1023 2401 354.

337 2415 466 2446 Eckhel
490 2416 529 2446 D.
549 2416 586 2446 N.
615 2416 667 2447 Vl.
691 2425 724 2457 p.
747 2418 819 2448 ⁴01¹.
840 2418 908 2449 Cfr.
929 2419 1026 2450 Wei-

336 2464 436 2495 chert
459 2464 502 2495 de
527 2465 629 2495 Vario
654 2474 730 2505 pag.
758 2465 845 2505 373.)
879 2485 911 2489 —
943 2467 1026 2499 Vol-

335 2514 426 2552 garis
462 2514 537 2544 erat
571 2513 659 2544 haec
694 2513 775 2545 olim
810 2516 935 2555 opinio.
985 2519 1027 2548 At

334 2564 478 2602 propter
523 2563 746 2602 gratissimas
796 2565 946 2596 rationes
993 2568 1026 2597 et

337 2611 466 2642 Franke
492 2612 526 2642 F.
554 2612 635 2643 Hor.
662 2621 695 2652 p.
725 2612 796 2643 ⁴89.
824 2615 858 2644 ct
890 2614 1027 2646 Lubker

335 2660 401 2690 hoc
437 2668 579 2691 carmen
617 2661 732 2701 potius
767 2662 846 2693 ante
881 2664 964 2694 cives
998 2668 1027 2695 et

334 2709 427 2747 sigma
452 2710 611 2740 militaria
628 2719 649 2741 α
664 2711 791 2741 Parthis
814 2716 1023 2753 recuperata,

1083 1099 1124 1121 ae
1148 1090 1377 1131 probabiliter
1401 1092 1445 1123 ad
1469 1102 1499 1123 a.
1527 1093 1600 1125 728.
1628 1093 1682 1125 vel
1699 1094 1774 1125 7¹29.

1083 1139 1310 1172 referendum
1334 1149 1413 1173 esse
1437 1143 1645 1173 statuerunt.

1126 1189 1157 1219 11.
1198 1189 1306 1231 Caelo]
1342 1191 1450 1230 lungo
1489 1191 1578 1222 caeco
1613 1200 1775 1232 regnare,

1083 1239 1120 1268 ut
1144 1239 1272 1270 Lucan.
1291 1238 1327 1277 3,
1354 1239 1433 1270 3⁴8:
1459 1241 1618 1280 sortisque
1641 1242 1777 1272 deorum

1080 1287 1241 1328 Ignarum
1263 1288 1403 1319 mortale
1425 1297 1527 1328 genus
1544 1298 1607 1329 per
1635 1291 1775 1330 fulmina

1081 1339 1210 1367 tantum
1248 1337 1355 1368 Sciret
1391 1338 1498 1368 adhuc
1538 1339 1628 1370 caelo
1673 1340 1777 1371 solum

1080 1394 1222 1426 regnare
1240 1387 1427 1418 Tonantem.
1454 1386 1517 1418 Alii
1533 1389 1648 1420 minus
1666 1391 1774 1421 recte:

1083 1434 1123 1474 (e)
1154 1435 1244 1466 caelo
1278 1439 1455 1467 tonantem.
1495 1455 1530 1459 —
1567 1438 1774 1480 credidimus]

1082 1493 1262 1524 «semper,
1297 1486 1402 1525 atque
1429 1486 1631 1518 etiamnunc
1660 1488 1777 1518 credi-

1081 1541 1194 1564 mus.»
1222 1533 1319 1573 («Pro
1337 1535 1434 1565 certo
1458 1534 1633 1568 habemus
1657 1537 1775 1567 lovem

1081 1581 1167 1613 caeli
1207 1590 1286 1614 esse
1324 1591 1465 1623 regem,
1515 1585 1595 1624 quia
1634 1586 1774 1616 tonat.»

1081 1632 1196 1662 GLOSS.
1223 1631 1312 1671 ANT.)

1124 1680 1195 1712 2-4.
1225 1682 1394 1722 praesens]
1420 1680 1620 1723 ἐπιφανής.
1662 1684 1717 1714 Sic
1742 1685 1774 1714 in

1080 1730 1234 1761 nummis
1270 1731 1302 1761 di
1330 1735 1518 1769 praesentes
1552 1734 1586 1763 et
1611 1742 1774 1772 praesen—

1078 1778 1203 1809 tissimi.
1252 1780 1484 1820 Spanhemius
1520 1782 1544 1812 Ι.
1582 1790 1659 1822 pag.
1697 1781 1770 1814 4:26.

1078 1828 1207 1858 Auson.
1236 1829 1336 1860 Caes.
1363 1831 1399 1860 2:
1437 1832 1631 1869 Augustum
1663 1832 1771 1862 Roma

1078 1876 1115 1906 In
1138 1878 1236 1907 terris
1254 1878 1399 1917 positum
1415 1879 1553 1910 credidit
1575 1888 1641 1910 esse
1664 1881 1771 1911 deum.

1080 1924 1148 1955 Cfr.
1176 1926 1236 1956 Od.
1268 1927 1301 1965 l,
1329 1927 1383 1965 112,
1410 1928 1463 1958 54.
1504 1927 1540 1965 4,
1568 1928 1626 1967 44,
1654 1929 1705 1961 43.
1736 1949 1769 1951 —

1078 1974 1259 2016 Britannis]
1289 1976 1414 2007 Strabo
1444 1976 1475 2008 4.
1502 1986 1536 2017 p.
1562 1978 1645 2009 ⁶200:
1680 1979 1771 2011 Νυνὶ

1078 2023 1209 2063 μέντοι
1244 2023 1318 2056 τῶν
1353 2023 1549 2057 δυναστῶν
1576 2037 1672 2067 τινες
1698 2025 1773 2059 τῶν

1079 2068 1218 2105 αὐτόθι
1242 2073 1495 2119 πρεσβεύσεσι
1520 2077 1584 2108 καὶ
1603 2077 1774 2123 θεραπεί-

1079 2132 1140 2161 αις
1168 2122 1550 2166 κατασκευασάμενοι
1578 2124 1648 2168 τὴν
1679 2125 1773 2172 πρὸς

1079 2171 1256 2217 Καίσαρα
1293 2170 1361 2204 τὸν
1395 2172 1593 2213 Σεβαστὸν
1627 2175 1770 2215 φιλίαν,

1079 2217 1311 2263 ἀναθήματά
1324 2232 1362 2254 τε
1375 2219 1570 2265 ἀνέθηκαν
1583 2224 1622 2256 ἐν
1634 2222 1683 2268 τῷ
1698 2225 1771 2257 Κα-

1079 2269 1240 2313 πιτωλίῳ
1257 2273 1320 2303 καὶ
1339 2273 1483 2304 οἰκείαν
1500 2271 1637 2311 σχεδόν
1654 2284 1688 2306 τι
1704 2285 1771 2306 πα-

1078 2318 1315 2365 ρεσκεύασαν
1346 2326 1426 2362 τοῖς
1449 2318 1650 2364 Ῥωμαίοις
1677 2318 1770 2366 ὃλην

1077 2367 1147 2410 τήν
1170 2369 1301 2411 νῆσον.
1328 2373 1416 2403 Satis
1440 2372 1670 2413 hyperbolice
1686 2383 1770 2415 pro-

1077 2422 1156 2460 pter
1180 2421 1266 2452 haec
1290 2422 1533 2453 Britannorum
1558 2423 1670 2454 ot'licia
1688 2432 1768 2463 erga

1076 2471 1271 2509 Augustum
1296 2473 1330 2502 et
1354 2471 1613 2511 expeditionem
1637 2472 1670 2502 in
1692 2473 1770 2503 Par-

1078 2518 1156 2550 thos
1180 2521 1425 2560 praeparatam
1451 2521 1635 2559 utramque
1657 2521 1769 2551 natio—

1078 2576 1159 2598 nem
1184 2568 1217 2599 in
1241 2568 1415 2600 dicionem
1446 2569 1636 2600 Romanam
1664 2569 1769 2600 reda-

1077 2618 1169 2647 ctam
1195 2625 1274 2649 esse
1301 2617 1383 2649 (licit
1398 2617 1453 2649 vel
1470 2618 1584 2658 potius
1600 2618 1768 2649 vaticina-

1078 2667 1150 2703 tur,
1190 2675 1269 2697 mox
1298 2666 1388 2704 sore,
1425 2668 1461 2697 ut
1485 2668 1519 2697 et
1543 2665 1596 2697 illa
1621 2669 1655 2697 et
1679 2667 1767 2697 hac(-

1077 2714 1291 2746 domaretur.
1310 2733 1341 2737 —<
1357 2716 1480 2748 Graves
1493 2717 1609 2747 autem
1625 2717 1764 2753 Persae,
