1997 3219
679 171 753 203 Llss.
781 171 820 203 ll.
856 173 892 203 C.
920 171 957 203 X.

1509 165 1590 205 265

383 275 562 330 Saepius
593 275 729 317 ventis
759 275 939 331 agitatur
970 274 1119 330 ingens

381 355 508 396 Pinus
539 362 580 397 et
609 354 750 397 celsae
780 355 974 411 graviore
1005 367 1106 396 casu

1540 350 1554 391 l
1565 351 1590 390 Ο

379 434 587 477 Decidunt
618 441 756 477 turres
788 436 1027 491 feriuntque
1060 447 1248 476 summos

548 515 731 571 Fulgura
762 522 939 557 montes.

379 621 530 676 Sperat
560 620 738 669 infestis,
772 620 920 662 metuit
950 619 1151 662 secundis

240 722 270 752 9.
297 721 434 751 Soet-ius
458 721 478 751 F
496 729 514 751 e
532 719 658 751 Valarti
684 720 769 751 Cod.
793 719 940 751 Sorhon.
960 719 1237 759 suspectissimo.
1268 737 1301 742 —-
1330 720 1382 751 40.
1402 721 1549 752 eaecelsae

199 779 278 801 cum
303 770 405 801 Brod.
433 769 602 809 Cuningh.
623 770 701 800 San.
721 769 792 800 Iani
816 771 851 800 et
867 770 900 800 F.
923 769 974 808 (Ut
990 777 1073 806 nos,
1099 768 1248 800 BbSTcd
1274 770 1309 800 et
1332 778 1454 802 omnes
1471 772 1550 802 Pot-

199 819 310 858 ticrii.)

340 837 374 841 —
403 819 453 850 42.
480 819 633 849 Fulmina
657 819 720 850 LtF
745 827 763 850 e
790 818 900 850 Codd.
929 818 980 858 (Ut
1002 826 1084 855 nos,
1111 826 1235 850 omnes
1253 819 1377 856 nostri,
1405 819 1548 860 Cruquii

198 870 232 898 et
256 868 432 906 Pottierii.)
461 886 496 890 —
524 871 645 899 montes
668 867 730 899 litt.
757 877 773 899 e
797 876 975 908 superscr.
1002 868 1013 898 i
1037 868 1072 899 B.

154 948 275 986 fulinen
299 948 340 978 ab
364 956 441 978 arce
465 948 559 979 venit.
601 949 762 979 Attamen
786 956 846 979 re-

156 996 314 1037 cipienda
340 1006 406 1028 non
431 999 521 1034 erat,
556 998 721 1037 quoniam
745 998 778 1028 in
803 1005 845 1028 eo

156 1047 251 1086 ipso,
279 1045 372 1086 quod
396 1047 526 1085 saepius
548 1055 566 1077 a
588 1045 748 1087 procellis
766 1054 848 1077 con-

156 1096 283 1126 cutitur
317 1103 464 1135 procera
503 1096 604 1136 pinus
639 1104 745 1135 quam
780 1095 847 1126 hu-

157 1144 236 1176 milc
271 1143 474 1181 arbustum,
515 1145 597 1176 satis
636 1145 848 1185 significatur

155 1193 245 1225 illam
276 1192 383 1224 multo
414 1195 524 1234 magis
549 1195 743 1234 expositam
767 1203 845 1226 esse

156 1241 327 1283 periculo
366 1251 408 1274 nc
434 1243 612 1283 frangatur
635 1246 739 1284 atque
767 1252 847 1275 era-

157 1291 303 1322 dicetur.
332 1292 497 1324 Herodol.
525 1293 558 1329 7
587 1289 777 1337 10;Ὁρᾶς
800 1288 846 1323 τὰ

157 1336 389 1383 ὑτερέχοντα
423 1339 500 1381 ζῶα
533 1337 585 1381 ὦς
616 1344 797 1386 κεοαυιοῖ
824 1338 846 1372 ὁ

156 1389 199 1421 θε
184 1387 245 1429 τὸς
269 1386 355 1421 οῦδὲ
379 1389 423 1422 ἐᾶ
439 1388 718 1432 φαντάζεσθαι,
743 1387 789 1422 τὰ
806 1389 846 1422 δὲ

155 1436 297 1496 aucupe}
321 1436 431 1471 οἰμδεν
452 1451 519 1482 uu
539 1442 667 1481 κνίζει·
693 1437 787 1486 ὁρᾷς
806 1439 846 1473 δὲ

154 1485 245 1528 ὦς
230 1499 268 1528 ς
291 1486 483 1531 οἰκήιιατα
512 1487 558 1521 τὰ
585 1502 629 1532 ιι
615 1491 746 1533 ἐγιστα
771 1491 846 1523 αἰεὶ

155 1537 218 1569 καὶ
249 1536 400 1582 δένδοεα
430 1536 477 1570 τὰ
507 1538 649 1571 τοιαῦτ’
671 1536 847 1582 ἀποσκή-

154 1597 235 1619 πτει.
258 1585 304 1618 τὰ
325 1587 450 1626 βέλεα·
476 1588 580 1627 ([ιλέο
571 1599 627 1620 ι
617 1587 688 1634 scio
710 1585 732 1620 ὁ
758 1588 847 1630 θεὸς

153 1634 199 1668 τὰ
235 1633 468 1682 ὑπερέχοιτα
501 1636 624 1669 πάντα
657 1636 844 1671 κολούειν.

154 1685 301 1718 Lucilius
332 1687 363 1718 in
388 1686 523 1719 Anthol.
550 1687 620 1719 Pal.
647 1689 686 1720 11.
709 1697 743 1741 p.
763 1689 845 1720 3l5:

154 1730 206 1767 Οὔ
237 1733 373 1781 θρύον,
418 1732 463 1768 οὗ
494 1734 674 1778 μαλάχην
705 1733 847 1779 ἄνεμός

155 1794 263 1823 ποτε,
288 1782 356 1825 τὰς
371 1783 411 1817 δὲ
426 1787 606 1828 μεγίστας
619 1783 671 1818 ”H
689 1784 805 1831 ὀρύας
821 1783 847 1829 ἢ

155 1832 367 1874 πλατάνους
399 1832 478 1866 οἶδε
505 1836 627 1877 χαμαὶ
654 1834 844 1879 κατάγειν.

155 1885 252 1916 Cont'.
290 1884 405 1916 Babrii
449 1884 516 1918 sab.
559 1885 611 1917 36.
664 1886 848 1919 Maecenas

155 1933 247 1974 apud
264 1934 435 1965 Senecam
452 1935 538 1975 Epp.
555 1934 612 1966 49:
630 1935 778 1967 Fortuna
794 1939 848 1967 al-

156 1986 246 2013 tonal
269 1992 407 2013 summa.
448 1984 633 2015 Praeterea
663 1993 695 2016 v,
721 1986 849 2017 saevius

157 2031 249 2062 haud
271 2029 417 2062 multum
443 2031 597 2063 differret
615 2036 645 2063 a.
661 2042 716 2064 vv.
731 2035 849 2074 gyravi-

156 2089 212 2110 ore
236 2089 333 2117 casm
360 2080 410 2111 sic
434 2089 517 2111 vero
535 2080 620 2112 duas
638 2082 850 2123 percipimus

159 2130 317 2160 notiones
349 2129 545 2160 distinctas:
589 2130 653 2162 «Et
685 2130 851 2171 frequen-

157 2178 224 2209 tius
254 2180 287 2208 ct
317 2177 544 2218 periculosius
575 2180 781 2220 praecipitat
817 2181 850 2212 in

157 2226 342 2258 adversam
357 2227 528 2259 fortunam
541 2228 647 2259 homo
658 2228 848 2261 excelsiore

159 2276 235 2307 loco
282 2277 489 2308 constitutus
529 2285 635 2317 quam
676 2277 850 2310 humilis.»

159 2326 233 2363 (Qui
258 2326 386 2356 saei-ius
417 2326 635 2367 praeferunt,
673 2327 851 2368 appellare

158 2377 304 2415 possunt
318 2376 421 2406 ctiam
438 2376 550 2406 Front.
564 2377 674 2408 Princ.
692 2377 774 2409 llist.
788 2378 848 2409 Ed.

158 2424 222 2455 Mai
241 2424 332 2456 ¹846.
347 2433 380 2464 p.
402 2424 479 2455 230:
498 2425 643 2464 Profecto
659 2426 741 2457 sicul
757 2427 854 2458 arbo-

157 2482 232 2503 rum
255 2474 431 2504 altissimas
455 2473 723 2506 vehementius
751 2478 854 2508 ventis

159 2523 251 2561 quati
274 2523 436 2560 videmus,
463 2523 509 2553 ita
534 2523 668 2554 virtutes
686 2526 854 2557 maximas

159 2573 283 2602 invidia
305 2573 513 2603 criminosius
538 2573 692 2613 incessit.)

204 2621 310 2652 ⁴042.
330 2621 438 2662 Pinus]
458 2621 513 2652 hi«.-
530 2630 671 2662 quoque
689 2622 853 2663 pulcher-

161 2671 245 2701 rima
272 2669 326 2701 illa
346 2670 459 2702 ltalica
478 2666 725 2711 ἀμφιλαφής,
752 2672 850 2703 Pinio.

163 2736 196 2740 -
218 2718 476 2760 Melior-duplex
505 2720 661 2750 ium-tura
689 2724 717 2751 et
744 2721 854 2757 {item-

897 946 977 987 que)
995 947 1098 978 celsae
1113 965 1131 970 —
1143 965 1162 970 —
1175 948 1362 988 feriuntque
1378 957 1484 989 quam
1502 949 1591 980 Feae

896 993 1104 1028 ἀσύνδετον
1135 998 1292 1029 eoecelsae.
1331 1016 1366 1020 —
1392 997 1509 1039 curres]
1536 998 1591 1029 Sic

897 1046 1013 1077 omnia
1044 1045 1203 1078 aedificia
1235 1045 1303 1078 alta
1327 1049 1362 1078 et
1389 1046 1504 1088 ampla
1527 1056 1592 1078 vo-

898 1097 1038 1131 cantur.
1091 1093 1285 1137 οἰκήματα
1336 1093 1384 1127 τὰ
1429 1098 1593 1139 μέγιστα

898 1144 1063 1176 Herodot.
1110 1143 1130 1175 l.
1156 1143 1177 1176 l.
1211 1145 1384 1177 luvenalis
1415 1146 1472 1183 40,
1510 1146 1590 1178 405:

896 1202 1073 1225 memet-osa
1104 1194 1252 1233 parabat
1293 1195 1453 1226 Eoecelsae
1490 1196 1594 1226 turris

897 1242 1063 1281 tabulata,
1100 1240 1186 1274 unde
1217 1243 1317 1275 alcior
1339 1247 1418 1275 esset
1440 1244 1542 1276 Casus
1565 1247 1594 1276 et

897 1292 1057 1331 impulsae
1089 1301 1250 1332 praeceps
1283 1293 1427 1324 immane
1460 1294 1590 1324 ruinae.

899 1358 935 1362 —
983 1349 1125 1372 summos
1155 1359 1174 1364 -
1205 1342 1347 1383 montes]
1396 1343 1594 1374 «montium

898 1390 1116 1421 cacumina.»
1156 1391 1293 1422 Lucret.
1321 1392 1358 1430 6,
1385 1390 1464 1423 420:
1498 1391 1594 1423 Alla-

896 1448 958 1478 que
987 1448 1047 1470 cur
1072 1440 1267 1480 plerumque
1294 1441 1375 1480 petil
1410 1441 1483 1472 loca
1514 1442 1594 1481 plu-

895 1489 1047 1528 rimaque
1076 1489 1173 1520 huius
1202 1490 1368 1522 Montibus
1396 1491 1431 1522 in
1459 1491 1594 1522 summis

897 1539 1032 1578 veseima
1071 1539 1234 1570 cernimus
1269 1539 1379 1580 ignis?
1419 1558 1454 1563 —
1492 1541 1596 1571 «Ful-

896 1596 961 1628 9117·
982 1587 1123 1628 proprie
1153 1590 1208 1620 est
1236 1588 1403 1629 splendor
1427 1588 1591 1620 fulminis.

897 1637 966 1668 Sed
991 1645 1033 1668 ex
1057 1638 1261 1669 auctoritate
1287 1638 1397 1669 Codd.
1425 1640 1460 1669 et
1477 1639 1595 1670 Hiero-

898 1686 995 1726 nymi
1029 1687 1154 1726 quater
1187 1688 1237 1719 sic
1267 1687 1445 1719 afferentis
1475 1697 1509 1720 V.
1525 1688 1595 1728 ful-

896 1745 984 1776 9ura
999 1736 1242 1774 retinendum;
1269 1745 1351 1768 nam
1369 1737 1485 1777 fulgur
1498 1736 1595 1768 idem

899 1793 1004 1826 saepe
1035 1787 1156 1817 notare
1188 1794 1229 1817 ac
1250 1786 1375 1826 fulmen
1399 1786 1493 1827 apud
1515 1787 1595 1817 Vir-

899 1835 1034 1876 gilium,
1060 1834 1224 1873 Plinium,
1243 1836 1400 1867 Taoitum
1417 1836 1485 1867 cet.
1505 1835 1595 1867 adeo

899 1886 1021 1916 notum
1045 1885 1115 1923 est,
1142 1885 1180 1916 ut
1195 1883 1364 1926 exemplis
1389 1884 1424 1916 id
1439 1884 1594 1926 probare

899 1935 1042 1966 minime
1077 1934 1133 1966 hio
1163 1942 1312 1966 necesse
1347 1934 1423 1966 sit.»
1471 1935 1592 1966 BENTL.

899 1983 1052 2015 Fulmina
1086 1982 1241 2015 defendit
1272 1984 1339 2014 Fea
1371 1983 1406 2014 in
1429 1982 1595 2015 auxilium

899 2034 1021 2064 vocata
1054 2033 1210 2064 Senecae
1242 2034 1363 2072 Agam.
1396 2033 1448 2064 93.
1475 2032 1596 2064 decla-

901 2082 1048 2112 matoria
1072 2080 1358 2122 amplificatione:
1385 2082 1504 2114 Sidunl
1526 2083 1596 2122 ipso

896 2131 1041 2169 pondere
1052 2139 1178 2170 maana
1186 2130 1338 2169 Ceditque
1347 2131 1439 2162 oneri
1447 2132 1597 2162 Fortuna

900 2189 958 2210 suo
967 2188 977 2216 ,·
1006 2180 1082 2210 Vela
1104 2180 1252 2210 secundis
1273 2180 1392 2220 inflata
1405 2181 1499 2212 Notis
1518 2181 1597 2212 Ven-

901 2233 949 2260 cos
978 2229 1115 2260 nimium
1149 2230 1285 2260 timuere
1314 2238 1399 2260 suos.
1447 2230 1595 2261 Nubibus

900 2279 978 2318 ipsis
1002 2279 1126 2310 inserta
1147 2281 1247 2318 caput
1273 2278 1385 2309 Turris
1403 2279 1518 2318 pluvio
1533 2288 1596 2310 va-

898 2329 994 2368 pulat
1008 2328 1144 2365 Austro*
1169 2329 1358 2367 Densasque
1375 2338 1488 2360 nemus
1502 2338 1597 2368 spar-

902 2386 980 2418 (Jens
1016 2377 1152 2409 umbras
1184 2378 1317 2408 Annosa
1353 2378 1439 2409 videl
1474 2378 1597 2409 robora

906 2427 1031 2467 sranyi.
1057 2427 1192 2458 Feritml
1215 2427 1314 2458 celsos
1334 2427 1475 2467 fulmina
1490 2427 1596 2459 colles.

904 2477 970 2507 cet.

948 2525 998 2556 43.
1028 2524 1077 2557 lli.
1106 2525 1237 2565 infestis]
1263 2524 1372 2556 Codd.
1400 2523 1530 2564 aliquot
1550 2525 1598 2556 in-

904 2574 1034 2614 quinati
1059 2576 1138 2606 sunt
1163 2573 1266 2613 gloss.
1294 2574 1450 2604 actvm-sis,
1480 2591 1513 2596 —
1534 2574 1598 2604 Ce-

905 2625 1019 2654 terum
1058 2632 1113 2654 vV.
1143 2623 1265 2663 infestis
1299 2641 1316 2645 -
1347 2623 1494 2654 secundis
1532 2624 1596 2654 Pe-

905 2674 1001 2704 trenz
1035 2672 1146 2711 (Obss.
1183 2673 1214 2703 iu
1249 2673 1329 2704 llor.
1364 2673 1479 2704 (jai-m.
1513 2671 1593 2712 aliq.

904 2720 969 2753 loc.
997 2722 1122 2754 Guml».
1151 2721 1258 2761 ⁴846.)
1291 2730 1355 2763 pro
1386 2722 1510 2754 datixis
1532 2722 1597 2753 ha-
