1997 3219
700 118 776 149 LlB.
804 119 857 150 111.

908 119 944 150 c.
972 120 1010 150 11.
1521 122 1602 163 343

503 221 636 262 Vexet
666 233 801 276 eques
832 221 1087 264 metuendus
1119 222 1246 272 hasta,

396 324 617 380 Vitamque
649 323 728 366 snb
760 324 858 367 divo
889 333 930 368 ct
960 326 1136 383 trepidis
1167 335 1262 383 agat
1578 331 1603 370 5

392 404 437 446 In
468 404 611 446 rebus.

673 404 792 446 Illum
823 419 875 447 ex
906 406 1129 449 moenibus
1160 407 1332 451 hosticis

450 484 638 526 Matrona
668 484 863 526 bellantis
895 487 1059 542 tyranni

503 565 773 620 prospiciens
804 571 845 606 et
875 564 1017 607 adulta
1046 566 1164 622 virgo

393 669 606 724 Suspiret,
639 668 771 717 eheu,
806 683 858 711 ne
890 669 1007 711 rudis
1037 670 1250 725 agminum

393 750 586 804 Sponsus
618 748 801 791 lacessat
831 749 974 804 regius
1006 763 1207 805 asperum
1552 752 1600 793 ’10

445 829 574 871 Tactn
604 828 793 877 leonem,
827 842 955 885 quem
988 836 1163 872 cruenta

501 909 583 951 Per
614 908 776 951 medias
807 909 916 965 rapit
947 909 1008 951 ira
1038 909 1207 952 caedes.

247 1035 278 1064 5.
305 1034 358 1064 dio
379 1033 431 1065 Ct.
461 1050 495 1055 —
522 1033 595 1064 divo
619 1034 753 1072 trepidis
776 1034 936 1072 Doering.
963 1032 1135 1064 Resutavit
1158 1034 1274 1074 Regel.
1297 1052 1331 1057 —
1360 1036 1431 1075 (Vv.
1452 1037 1557 1068 5-12

208 1082 337 1113 desunt
361 1083 394 1113 in
419 1082 468 1121 B.)
497 1100 532 1105 —
558 1082 588 1113 9.
613 1082 675 1113 heu
695 1082 757 1113 heu
779 1082 812 1113 d.
841 1082 956 1114 Ceteri
979 1083 1049 1113 mei
1072 1083 1160 1114 eheu.

203 1187 234 1218 3.
260 1186 291 1218 4.
326 1187 481 1227 Parthos]
508 1187 568 1218 Hic
591 1184 745 1229 γνώμας
769 1195 853 1227 pro-

160 1244 295 1276 ponens
311 1237 453 1276 proprio
469 1237 576 1267 utitur
592 1237 753 1274 nomine,
772 1236 852 1268 alibi

159 1293 265 1325 saepe
297 1285 500 1326 praeferens
531 1286 667 1326 poetica
694 1285 749 1317 vel
780 1287 853 1317 Me-

158 1334 276 1365 dorum
307 1333 363 1365 vel
397 1335 572 1365 Persarum
602 1334 784 1366 vocabula.
814 1352 849 1358 ——

163 1383 276 1423 [ὀχεῖ]
316 1385 458 1423 «urgeat
492 1385 525 1414 et
550 1383 737 1415 conturbet
759 1384 851 1415 acri-

159 1433 284 1471 terque
308 1433 575 1472 persequatur.»

201 1481 231 1511 ¹0¹.
268 1479 326 1510 sub
349 1481 423 1511 divo
447 1484 476 1511 ei
500 1481 648 1521 trepidis]
691 1483 745 1513 «et
769 1490 850 1513 cum

158 1528 317 1561 molestia
352 1531 387 1560 et
420 1530 454 1561 in
487 1529 686 1570 periculis.»
741 1531 852 1563 Parti-

157 1578 234 1610 cula
258 1582 286 1610 et
309 1587 431 1610 carere
455 1588 525 1610 non
541 1588 742 1620 possumus,
769 1589 850 1612 cum

157 1629 273 1669 inepta
297 1629 341 1659 sit
365 1629 556 1660 sententia:
596 1629 722 1661 «vitam
747 1629 851 1670 degat

156 1678 190 1709 in
214 1676 377 1718 periculis
408 1678 474 1710 sub
504 1677 619 1709 divo.»
651 1678 796 1718 Trepidis
816 1680 851 1710 in

157 1727 252 1758 rebus
276 1726 360 1758 dixit
383 1727 487 1758 etiam
508 1727 623 1759 Livius
646 1727 682 1764 4,
710 1728 761 1759 217.
790 1728 848 1767 34,

158 1777 208 1807 Η.
236 1777 269 1806 in
291 1784 329 1807 re
351 1777 481 1815 trepida
504 1777 541 1814 5,
567 1777 620 1807 50.
657 1776 778 1808 Tibull.
810 1778 848 1816 Ξ,

157 1825 194 1862 3,
218 1826 254 1856 ΞΗ
274 1835 280 1856 ;
305 1826 441 1865 trepidis
452 1826 574 1865 petiere
589 1826 728 1858 oracula
742 1827 848 1858 rebus.

156 1873 244 1906 Alibi
270 1874 421 1912 «dubiis,
453 1874 693 1915 periculosis.»

199 1924 230 1954 6.
271 1924 382 1964 Illum]
429 1924 551 1955 Totam
587 1924 676 1955 hanc
712 1934 849 1966 pugnae

157 1980 300 2004 scenam
347 1973 484 2012 egregie
531 1981 572 2003 ac
611 1974 849 2015 maximopere

157 2018 353 2060 δεικτικῶς
387 2023 466 2052 ante
503 2020 624 2052 oculos
661 2022 762 2054 nobis
786 2032 851 2064 po-

158 2071 247 2101 suit:
277 2070 389 2100 «ilium
414 2070 638 2101 fortissimum
665 2079 706 2102 ac
731 2072 851 2103 sormi-

157 2118 312 2150 dandum
341 2119 503 2150 iuvenem
533 2120 756 2151 Romanum»
782 2123 848 2152 cet.

157 2169 226 2200 Csr.
258 2168 394 2199 Nitzsch
422 2167 514 2208 apud
543 2167 742 2200 Liibkerum
772 2179 848 2210 pag.

156 2219 230 2248 311.
260 2234 294 2239 ψ
320 2217 466 2257 hosticis]
492 2217 627 2256 poetica
653 2217 763 2249 forma
788 2228 850 2259 pro

156 2266 337 2302 hostilibus,
364 2267 399 2296 ut
422 2266 584 2306 genlieus,
619 2275 688 2307 quo
712 2268 850 2300 Tacitus

157 2316 281 2349 utitur.
309 2317 342 2345 et
366 2315 497 2345 cit-irus.
530 2332 565 2337 —
592 2316 663 2347 lam
691 2316 734 2347 ad
764 2317 850 2348 ima-

156 2365 292 2404 ginem.
321 2372 410 2403 quae.
436 2364 562 2395 mentis
587 2363 695 2397 oculis
720 2365 850 2397 obver-

156 2416 268 2449 setur,
295 2413 443 2443 transire
469 2415 628 2444 maturat.

199 2463 230 2493 ἵ.
258 2462 431 2502 Matrona]
459 2464 493 2492 ut
521 2462 586 2493 iam
610 2463 700 2503 apud
721 2464 851 2496 Home—

156 2520 233 2543 rum
269 2510 314 2549 (ll.
340 2523 381 2553 γ,
416 2511 497 2547 ¹554„
526 2514 559 2542 vt
584 2512 723 2543 llesiod.
755 2514 848 2545 Scnt.

157 2560 237 2593 222:
290 2562 331 2592 αι’
369 2559 406 2592 δὲ
445 2564 619 2602 γυναῖκες
654 2559 851 2603 ἐϋδμήτων

155 2611 212 2641 ἐπὶ
239 2607 388 2654 πύργων
413 2607 587 2641 Χάλκεων
620 2606 689 2650 ὀξὺ
721 2610 848 2649 βόων,

157 2657 253 2690 κατὰ
270 2658 299 2690 δ’
317 2658 546 2704 ἐδρύπτοντο
569 2658 738 2704 παρειάς·
765 2670 851 2692 uxo—

904 1195 961 1217 res
986 1195 1120 1226 pugnas
1145 1187 1296 1219 heroum
1314 1197 1332 1219 e
1350 1189 1504 1222 turribus
1522 1200 1603 1231 pro-

902 1237 1078 1275 spectant;
1116 1236 1199 1267 item
1230 1238 1400 1277 Antigone
1431 1240 1465 1270 in
1490 1240 1600 1272 muris

902 1283 1087 1316 Thebanis.
1116 1285 1242 1325 (Eurip.
1263 1286 1393 1318 Phoen.
1413 1288 1479 1327 88.)
1506 1289 1597 1329 Virg.

902 1334 987 1364 Aen.
1026 1333 1077 1364 Μ.
1105 1332 1189 1365 475:
1243 1334 1322 1365 Tum
1356 1344 1468 1367 maros
1500 1338 1601 1368 varia

900 1382 1035 1413 cinxere
1068 1391 1193 1413 corona
1224 1384 1400 1416 Matronae
1421 1387 1595 1426 puerique.

901 1430 1000 1463 Silius
1028 1432 1064 1468 2,
1089 1432 1170 1462 2511:
1209 1431 1424 1465 Conclamant
1449 1439 1596 1475 matres,

899 1479 1046 1519 celsoque
1083 1489 1100 1511 e
1133 1481 1273 1512 culmine
1305 1483 1396 1513 mari
1430 1484 1599 1516 Lamentis

899 1538 967 1559 voa:
983 1529 1092 1560 mixta
1112 1533 1218 1560 sonat.
1245 1530 1327 1561 Stat.
1344 1531 1453 1563 Theb.
1473 1534 1504 1571 7,
1521 1534 1595 1566 240:

899 1579 1053 1609 Nondum
1075 1579 1173 1609 hostis
1195 1579 1302 1617 circa,
1336 1582 1463 1620 trepido
1487 1585 1596 1614 tamen

900 1628 1031 1668 aymine
1064 1631 1187 1659 matres
1215 1628 1439 1661 Conseenclunt
1472 1640 1596 1671 muros,

900 1678 974 1708 inde
997 1686 1095 1708 arma
1123 1678 1261 1708 nitentia
1291 1678 1379 1708 natis
1401 1679 1443 1710 Et
1475 1680 1597 1719 formi-

901 1727 1025 1757 dandos
1045 1730 1231 1758 *monstrant
1253 1727 1311 1758 sub
1327 1729 1452 1760 casside
1470 1733 1594 1768 patres.

943 1776 974 1807 9.
1000 1775 1166 1816 Suspiret]
1185 1777 1306 1807 «tacita
1324 1785 1489 1816 secum;»
1516 1789 1597 1812 nam

901 1826 975 1857 eius
1009 1824 1260 1857 sollicitudines
1295 1826 1485 1866 significat,
1526 1838 1597 1861 non

900 1875 1010 1915 ipsius
1049 1873 1214 1914 querelae
1248 1874 1356 1906 verba
1395 1876 1514 1908 refert.
1560 1897 1595 1900 —

901 1932 940 1955 ne
953 1923 1036 1964 cet]
1056 1922 1233 1961 «sollicita,
1250 1932 1314 1955 ne»
1330 1926 1397 1956 cet.
1422 1926 1599 1959 Metuendi

902 1973 996 2004 enim
1009 1973 1103 2003 notio
1117 1972 1208 2003 inest
1220 1973 1252 2003 in
1267 1973 1377 2004 verbo
1390 1975 1540 2013 suspiret.
1560 1994 1595 1998 —

902 2020 1088 2061 agminum]
1116 2021 1221 2052 totius
1237 2022 1287 2052 rei
1306 2022 1480 2061 militaris,
1499 2025 1597 2056 cuius

902 2070 996 2101 haud
1008 2070 1149 2101 minima
1162 2078 1244 2110 pars
1255 2072 1307 2101 est
1316 2079 1442 2110 agmen
1453 2071 1595 2105 ducere.

946 2120 998 2150 40.
1046 2119 1223 2158 Sponsus-
1240 2119 1367 2160 regius]
1413 2121 1598 2161 Accipien-

902 2168 987 2200 dum
1011 2167 1055 2199 de
1079 2167 1166 2199 alius
1190 2169 1281 2207 regis
1316 2169 1484 2201 foederati
1515 2170 1595 2206 filio,

901 2219 939 2248 ut
973 2216 1155 2249 Coroebus
1184 2219 1328 2258 propter
1359 2219 1596 2251 Cassandram

901 2267 1037 2299 Troiam
1070 2268 1226 2298 venerat.
1255 2285 1289 2289 —
1327 2268 1480 2309 lacessat]
1519 2278 1599 2301 «su-

902 2316 1011 2357 perbe
1044 2318 1077 2347 et
1107 2318 1225 2348 tamen
1254 2317 1329 2348 sine
1359 2326 1528 2349 successu
1553 2318 1596 2349 ad

901 2374 1053 2406 pugnam
1099 2368 1300 2406 provocet.»
1355 2384 1388 2388 —
1440 2375 1596 2405 asperam

905 2416 1001 2446 Tac-tu
1036 2415 1177 2455 leonem]
1231 2424 1358 2454 «quem
1398 2416 1425 2447 si
1452 2412 1594 2455 tangas,

903 2466 1148 2505 exasperatur,
1212 2464 1292 2495 furit
1338 2465 1596 2505 prosternitque

904 2516 1046 2554 propius
1070 2513 1316 2544 avcmlentm.»
1344 2512 1435 2544 lliad.
1455 2524 1494 2550 v,
1523 2514 1594 2545 472.

902 2563 946 2594 de
978 2562 1100 2595 leone:
1160 2560 1244 2601 ἰθὺς
1288 2564 1441 2605 cuperat
1477 2564 1594 2603 μένει.

902 2611 1002 2644 Silius
1026 2613 1062 2648 Ἰ,
1090 2612 1163 2644 400,
1203 2612 1245 2642 ‹11-
1273 2611 1481 2643 llannibale:
1526 2612 1598 2642 Iam

901 2670 1012 2693 cernes
1044 2662 1198 2700 Libycum
1242 2663 1325 2691 nunc·
1371 2662 1456 2692 vallo
1491 2662 1598 2692 assul-
