1997 3219
727 160 802 191 ΗΒ,
832 159 868 190 ll.
918 159 954 189 (ἶ.
982 157 1064 189 xvi.

1557 150 1629 192 30!

434 264 563 306 Ocior
593 263 731 305 cervis
763 269 804 304 et
835 268 983 317 agente
1017 259 1182 301 nimbos

545 344 675 388 Ocior
706 344 829 385 Euro.

432 452 584 492 Laetus
609 450 647 490 in
672 462 876 506 praesens
899 447 1063 489 animus
1084 444 1200 502 quod
1223 443 1329 486 ultra
1350 449 1414 485 est
1586 442 1637 482 1253

434 530 582 573 Oderit
612 543 762 572 curare
793 536 834 571 et
864 541 1008 570 amara
1037 526 1150 569 lento

432 613 656 667 Temperet
686 610 802 659 risu;
835 608 935 650 nihil
967 614 1032 650 est
1061 607 1114 649 ab
1145 606 1257 648 omni

298 763 350 793 26.
377 762 462 793 laeto
487 762 527 792 Ct
560 760 690 799 (contra
715 758 825 790 Codd.
852 759 988 789 nostros
1013 758 1047 788 et
1070 757 1156 788 Pott.
1184 755 1340 794 omnes),
1367 755 1431 786 leni
1453 752 1595 785 Bentleii

253 812 416 852 suspicio.
466 811 649 841 Praeterea
675 808 769 840 idem
793 807 994 839 dubitanter
1016 805 1201 846 proponit:
1228 804 1366 835 animi-
1381 822 1399 826 -
1417 804 1530 835 Oderis
1545 821 1562 825 -
1579 820 1597 825 -

258 861 326 892 Tem
327 869 431 900 peres.

211 990 334 1021 mundi.
362 990 397 1027 9,
424 988 502 1021 409:
533 987 626 1019 eoesul
647 987 825 1026 mentisque
840 987 899 1017 do-

212 1048 355 1078 musque..
405 1039 530 1069 Lucan.
557 1038 594 1074 8,
621 1036 699 1068 334:
726 1036 901 1076 transfuqa

211 1089 334 1120 nutandi.
347 1089 483 1119 Petron.
497 1088 549 1118 Fr.
562 1088 581 1117 5
596 1095 603 1117 :
622 1086 755 1118 Ciconia
765 1085 902 1117 --evsul

211 1139 334 1171 hiemis,
349 1139 480 1168 Graeco
493 1136 615 1170 modo:
634 1136 750 1176 Eurip.
764 1134 897 1176 Hippol.

214 1188 292 1218 28¹:
319 1182 654 1228 ἕκδημιος-χθονός.
681 1186 825 1216 Theocr.
845 1184 898 1222 24,

214 1237 290 1267 427:
317 1233 443 1278 qualg
464 1233 619 1279 Ἄργεος.

257 1286 307 1316 2¹.
334 1285 630 1326 Scandit--Cura]
650 1284 712 1316 Od.
732 1284 763 1322 3,
783 1284 795 1314 4
813 1310 819 1322 ,
838 1283 899 1315 40:

213 1335 283 1365 Post
298 1336 435 1374 equitem
451 1336 535 1365 sedet
550 1338 628 1365 alra
644 1334 743 1365 Cura.
762 1334 898 1364 Lucret.

214 1385 250 1417 Ξ,
270 1383 328 1416 46:
347 1386 390 1415 Re
402 1392 543 1422 veraque
553 1386 655 1414 metus
669 1383 836 1413 hominum
847 1391 903 1413 cw-

215 1442 336 1471 raeque
358 1442 509 1472 sequaces
532 1433 598 1463 Nec
619 1434 765 1463 metuunt
780 1431 903 1462 sonitus

215 1491 386 1513 armorum
410 1491 466 1513 nec
493 1482 568 1521 fera
590 1482 655 1512 tela
675 1482 902 1520 Audacter-que

212 1533 297 1562 inter
325 1539 416 1571 reyes
442 1539 618 1572 rerumque
640 1533 787 1570 potentes
820 1530 903 1560 Vor-

211 1584 328 1611 saneur
350 1588 452 1618 neque
472 1580 633 1620 sulyorem
654 1582 846 1610 reverentur
861 1578 902 1610 ab

213 1640 296 1661 auro
326 1630 392 1661 Nec
421 1630 549 1660 clarum
575 1629 670 1660 vestis
699 1629 902 1668 splendorem

209 1681 405 1719 purpurea'i.
447 1697 481 1701 -—
516 1678 651 1719 vitiosa]
689 1677 898 1715 «morbosa,

213 1738 253 1760 ex
291 1729 416 1760 mentis
449 1729 529 1759 vitio
565 1729 680 1758 orta.»
719 1745 754 1749 —
790 1726 900 1767 naves]

216 1778 465 1818 Exeerptorum
500 1776 595 1808 Bodl.
627 1785 753 1817 puppes
785 1778 901 1808 ortum

215 1830 268 1859 est
291 1825 345 1857 vel
370 1835 412 1857 ex
436 1826 580 1858 fortuitis
601 1825 664 1858 illis
680 1825 902 1857 librariorum

215 1874 510 1908 aberrationibus.
537 1875 664 1916 quibus
687 1876 902 1915 homonyma

217 1925 279 1956 alia
305 1924 378 1956 aliis
402 1924 630 1963 substituunt,
661 1924 716 1956 vel
747 1934 789 1956 ex
812 1933 902 1956 vano

217 1974 408 2011 elegantiae
432 1973 558 2005 studio.

263 2024 314 2054 22.
332 2023 381 2053 23.
395 2026 521 2053 turmas
531 2023 685 2064 equitum]
698 2023 836 2064 proprie
850 2031 906 2054 ao-

218 2071 417 2112 cipiendum
447 2071 490 2102 de
519 2071 693 2112 equitibus
718 2073 750 2103 in
774 2071 904 2104 bellum

219 2120 534 2163 proliciscentibus;
561 2121 625 2152 hos
649 2122 742 2161 angit
755 2120 810 2152 vel
827 2130 906 2152 suo—

219 2180 296 2202 rum
314 2170 525 2202 desiderium
542 2169 595 2201 vel
611 2170 762 2211 praedae
778 2170 904 2212 cupido

221 2219 272 2250 vel
297 2220 417 2250 mortis
442 2220 553 2251 timor.
583 2237 616 2241 —
643 2219 767 2261 aqente]
800 2229 903 2261 «prae

219 2278 256 2299 se
283 2268 465 2308 pellente.»

265 2319 314 2349 25.
336 2318 384 2348 26.
412 2318 528 2348 Laetus
551 2318 584 2348 in
602 2318 768 2360 praesens]
790 2319 904 2350 Mirari

221 2367 375 2407 profecto
407 2366 515 2403 subit,
553 2367 728 2406 quomodo
763 2368 840 2408 quis
871 2368 905 2399 in

221 2416 273 2446 iiis
290 2425 344 2446 vv.
363 2416 509 2447 haerere
526 2417 685 2456 potuerit.
707 2418 794 2455 Quid
811 2418 904 2449 enim

221 2464 311 2496 :iliud
342 2465 421 2496 ‹lic-it
453 2466 514 2496 nisi
546 2466 630 2497 hoc:
670 2467 838 2507 “Sapiens
863 2476 904 2498 eo

221 2515 395 2554 pervenit,
431 2517 464 2545 ut
490 2515 521 2545 in
547 2516 720 2555 praesenti
749 2518 904 2556 tempore

220 2566 254 2594 vt
271 2564 469 2603 quotidiana
487 2564 575 2594 vitae
593 2565 796 2596 condicione
813 2574 908 2596 com-

222 2615 338 2653 paratu
373 2612 575 2653 tranquillus
599 2614 643 2644 sit
665 2615 768 2654 atque
801 2615 905 2646 etiam

221 2660 337 2692 hilaris
354 2662 506 2693 [uturum
525 2663 665 2693 minime
683 2666 801 2698 curet,
827 2664 905 2704 quia

223 2719 365 2749 prorsus
389 2712 559 2743 incertum
590 2714 660 2749 est,
698 2715 731 2742 et
763 2712 790 2744 si
823 2712 905 2751 quid

949 985 1013 1026 ipsi
1037 992 1196 1015 amarum
1216 983 1408 1024 (ingratum)
1426 983 1539 1023 primo
1556 991 1642 1013 con—

950 1036 1074 1076 spectu
1104 1033 1281 1072 videatur,
1316 1032 1352 1064 id
1383 1034 1500 1064 tamen
1536 1031 1642 1064 veluti

950 1084 1137 1116 subridens
1169 1083 1339 1124 despiciat
1368 1090 1520 1123 moxque
1552 1081 1642 1114 obli—

950 1135 1114 1166 viscatur.
1129 1134 1168 1164 »7
1187 1151 1222 1155 ——
1254 1134 1341 1173 quod
1366 1132 1459 1163 ultra
1489 1131 1544 1173 est]
1577 1128 1643 1162 «τὰ

951 1178 1099 1228 πόρῥω,
1129 1182 1278 1223 futura.»
1307 1200 1342 1203 —
1374 1181 1495 1222 Oderit]
1527 1181 1639 1220 odisse,

948 1233 1063 1274 fugere
1086 1232 1178 1273 apud
1201 1233 1323 1273 poetas
1346 1240 1411 1272 pro
1431 1229 1575 1262 «nolle».
1605 1248 1641 1253 —

950 1282 1044 1323 lento]
1063 1283 1218 1322 «quieto,
1238 1281 1440 1312 moderato»
1455 1280 1640 1322 (yelassen);

951 1340 1034 1363 nam
1064 1332 1155 1363 risus
1185 1332 1239 1362 est
1267 1331 1371 1362 etiam
1395 1329 1640 1369 contumeliae,

951 1382 1004 1413 est
1020 1380 1195 1411 interdum
1213 1379 1483 1420 desperationis,
1509 1378 1643 1411 violen-

951 1432 1017 1462 tus.
1044 1430 1098 1461 Sic
1113 1429 1207 1470 apud
1224 1430 1295 1461 Cic.
1315 1429 1358 1460 de
1377 1429 1431 1460 Or.
1452 1430 1484 1468 2,
1510 1428 1541 1469 g.
1566 1428 1639 1460 490.

950 1480 1021 1511 irae
1051 1479 1240 1519 opponitur
1271 1479 1398 1518 aliquid
1428 1478 1510 1510 lente
1540 1478 1639 1518 ferre.

950 1529 1042 1569 Virg.
1069 1527 1139 1560 Ecl.
1166 1528 1203 1567 11,
1229 1527 1266 1560 4:
1299 1528 1361 1567 Tu,
1389 1528 1512 1567 Tityre,
1539 1528 1644 1558 lentus

950 1578 984 1608 vin
999 1577 1118 1608 umbra
1137 1579 1218 1616 cet.‚
1245 1577 1304 1609 ubi
1320 1578 1493 1617 Wagner:
1521 1577 1644 1608 «lentus

951 1629 1005 1659 est
1042 1625 1264 1667 tranquillus,
1304 1635 1374 1658 non
1409 1628 1641 1658 commotus.»

952 1676 1019 1717 (lbi
1057 1685 1198 1717 quoque
1242 1676 1352 1708 Codd.
1393 1675 1472 1716 aliq.
1513 1676 1643 1717 laetus.)

952 1725 1089 1758 Consol.
1122 1725 1166 1756 ad
1197 1726 1267 1757 Liv.
1295 1727 1381 1765 Aug.
1407 1726 1487 1757 279:
1529 1725 1644 1758 Consi-

951 1779 1036 1806 seam
1051 1775 1207 1815 laetisque
1219 1775 1320 1806 oculis
1334 1775 1501 1814 lentusque
1514 1774 1645 1816 (gleich-

950 1825 1072 1866 9iae'lti9,
1096 1823 1295 1866 indifferent)
1316 1824 1429 1856 videbo
1452 1824 1569 1856 Strata
1581 1833 1645 1864 per

952 1874 1124 1906 obscoenas
1156 1883 1300 1914 corpora
1331 1875 1423 1905 nuda
1454 1875 1537 1906 vias.
1589 1875 1644 1906 Sic

953 1924 1058 1955 etiam
1089 1922 1252 1955 Martialis
1282 1924 1320 1962 2,
1346 1923 1404 1962 46,
1431 1924 1466 1955 7:
1504 1924 1549 1955 Tu
1569 1933 1644 1964 spe—

952 1976 1022 2004 ctas
1050 1973 1185 2004 hiemem
1213 1973 1368 2004 succincti
1398 1973 1501 2005 lentus
1531 1974 1640 2005 amici.

955 2022 1018 2060 Qui
1042 2030 1111 2053 non
1135 2020 1390 2062 intelligebant,
1427 2023 1644 2064 scripserunt

953 2071 1050 2110 laeto,
1076 2070 1170 2111 quod
1194 2070 1410 2103 intolerabile
1435 2073 1489 2103 est
1513 2074 1594 2113 post
1608 2081 1641 2103 v.

954 2121 1080 2151 Laetus.
1106 2119 1249 2152 Bentleii
1271 2120 1336 2152 leni
1357 2122 1438 2161 apta
1462 2123 1516 2153 est
1536 2121 1646 2153 inter-

954 2169 1119 2210 pretatio,
1156 2177 1225 2201 non
1251 2169 1460 2201 emendatio.
1506 2170 1641 2202 Anthol.

955 2217 1023 2250 Pal.
1057 2219 1080 2249 1.
1107 2227 1142 2259 p.
1168 2217 1251 2250 349:
1286 2214 1323 2250 Ὁ
1357 2216 1426 2250 τὸν
1460 2217 1645 2251 πολυστέ-

953 2276 1092 2299 νακτον
1137 2263 1348 2313 ἀνθρώπων
1384 2266 1471 2307 βίον
1509 2267 1646 2300 Γέλωτι

953 2314 1119 2363 κεράσας
1149 2314 1312 2358 Νικαεὺς
1336 2316 1533 2349 Φιλιστίων
1564 2317 1641 2349 κτλ.

996 2367 1050 2398 27.
1075 2366 1156 2398 nihil
1178 2367 1233 2408 est]
1263 2368 1297 2399 in
1326 2367 1433 2399 rebus
1462 2368 1642 2405 humanis;

955 2416 1049 2448 idem
1079 2416 1123 2448 de
1146 2416 1289 2457 singulis
1320 2416 1526 2449 mortalibus
1549 2417 1645 2448 affir-

956 2467 1028 2497 mat
1071 2466 1299 2506 Bacchylides
1346 2468 1397 2498 Fr.
1435 2468 1465 2498 ⁴.
1499 2467 1641 2508 Bergk:

950 2510 1111 2555 Ὄλβιος,
1152 2509 1257 2558 ᾧτινι
1296 2513 1386 2556 θεὸς
1423 2513 1564 2560 μοῖράν
1605 2525 1644 2548 τε

957 2562 1083 2595 καλῶν
1129 2561 1263 2609 ἔπορεν
1309 2563 1384 2597 >sim
1421 2564 1449 2596 τ’
1485 2562 1643 2607 ε’πιζάλῳ

956 2611 1052 2657 τύχᾳ
1074 2610 1234 2654 ἀφνειὸν
1256 2613 1390 2653 βιοτὰν
1412 2612 1564 2658 διάγειν·
1591 2610 1642 2646 Οὐ

955 2661 1026 2708 γάρ
1049 2673 1104 2704 τις
1127 2664 1355 2702 ἐπιχθονίων
1379 2662 1501 2697 πάντα
1523 2666 1555 2708 γ’
1581 2661 1643 2697 εὐ-

955 2711 1100 2754 δαίμων
1123 2710 1209 2753 ἔφυ.
