1997 3219
871 162 1036 193 ilOssATll
1064 165 1286 197 CARMINUM

579 263 699 303 Sensi
737 263 882 305 relicta
913 279 996 306 non
1027 266 1136 308 benc
1168 268 1381 322 parmula.
1738 269 1790 310 ἸΟ

635 344 738 385 Cum
771 344 899 386 fracta
929 345 1064 388 virtus
1095 355 1136 388 et
1159 348 1353 390 minaces

688 425 825 479 Turpe
856 424 994 467 solum
1025 426 1200 482 tetigere
1233 435 1384 469 mento.

441 543 488 573 ¹2.
519 543 641 581 Tio-pe!
665 542 770 573 solam
798 551 879 574 cum
905 544 964 575 Ge.
992 543 1149 576 Fabricio
1174 545 1215 576 Ct
1240 546 1275 576 et
1298 546 1407 577 Bentl.

350 646 451 677 nibus.
502 648 549 677 lta
582 647 676 679 enim
706 648 740 678 in
765 647 1045 688 contemplandis

347 696 452 727 variis
477 697 671 728 earundem
695 706 815 728 rerum
835 698 1044 738 imaginibus

349 744 488 777 lectoris
503 748 659 777 mentem
672 747 824 778 retinere
841 747 1042 779 studebant.

394 795 445 826 slO.
472 796 575 836 Sensi]
602 796 730 827 Sentit-e
747 804 853 837 saepe
871 797 915 828 de
936 797 1044 829 rebus

350 843 522 883 molestis,
549 847 769 878 aerumnosis
793 855 835 878 ac
856 846 1045 878 detrimen-

350 895 424 925 tum
449 894 677 927 afferentibus
696 895 830 927 dicitur.
858 897 955 928 Ovid.
980 898 1047 928 He-

350 944 438 975 roid.
458 944 488 982 9,
516 943 576 975 46:
600 945 731 976 Arbiter
749 946 951 985 Eurystheus
974 948 1045 979 irae

347 995 482 1025 Iunonis
506 995 639 1034 iniquae
655 996 802 1028 Sentitur
821 997 912 1028 nobis
928 998 1046 1036 traque

349 1043 448 1084 longa
479 1044 568 1075 deae.
604 1045 682 1076 Tac.
708 1046 788 1086 Agr.
816 1046 846 1077 6.
882 1048 968 1078 extr.
1006 1065 1041 1070 —

348 1102 411 1123 non
437 1093 523 1133 bene]
559 1103 653 1124 «non
684 1095 871 1127 honeste.»
901 1103 936 1119 —⁴
957 1106 1045 1136 par-

347 1142 440 1172 mula
462 1143 602 1183 proprie
634 1142 864 1183 gladiatorum
894 1155 1043 1186 parvum

349 1193 500 1223 scutum.
549 1192 622 1223 Hoc
654 1202 794 1234 quoque
824 1204 915 1232 voc..
950 1196 1044 1236 quod

349 1242 457 1273 totam
482 1250 558 1273 rem
583 1244 765 1281 extenuat,
799 1244 842 1275 de
872 1245 1042 1277 industria

350 1289 526 1322 delectum
562 1291 710 1323 videtur.
762 1294 836 1324 Iam
871 1303 912 1325 ex
945 1303 1045 1326 com-

352 1341 447 1371 muni
473 1341 617 1380 quidem
641 1343 864 1382 antiquorum
883 1344 1043 1384 opinione

350 1390 438 1421 scuti
471 1390 621 1421 abiectio
654 1400 814 1423 summae
847 1395 922 1424 erat
946 1393 1045 1433 igno-

351 1439 478 1470 miniae
519 1448 668 1480 eamque
712 1441 802 1472 inter
840 1442 892 1473 sui
936 1441 1044 1473 seculi

351 1497 469 1520 mores
505 1491 689 1530 corruptos
729 1492 903 1522 memorat
940 1492 1046 1523 ctiam

350 1537 491 1569 Plautus
511 1539 601 1569 Trin.
622 1538 652 1577 4,
680 1539 710 1578 4,
737 1540 795 1571 27:
822 1541 924 1571 Scuta
941 1541 1048 1572 iacere

350 1588 527 1627 quqereque
557 1589 654 1619 hostis
684 1598 775 1620 more
797 1590 914 1622 habent
945 1591 1046 1622 licen-

350 1637 441 1668 tiam.
491 1638 622 1669 Verum
644 1647 725 1670 cum
749 1640 838 1671 inter
861 1641 1046 1681 primarios

352 1687 565 1719 Graecorum
601 1690 722 1728 poetas
758 1690 846 1727 tres,
887 1689 1047 1720 Archilo-

351 1736 455 1773 chus,
482 1735 642 1775 Alcaeus,
669 1739 864 1775 Anacreon,
890 1738 984 1770 idem
1001 1739 1045 1770 dc

352 1794 389 1816 se
424 1785 478 1817 vel
516 1786 664 1818 confessi
701 1789 819 1819 essent
850 1787 906 1819 vel
939 1789 1045 1820 etiam

351 1834 636 1875 praedicassent,
675 1835 769 1868 idem
800 1838 962 1869 Horatius
986 1847 1046 1869 re-

351 1883 595 1924 prehensionis
619 1893 764 1925 prorsus
781 1894 928 1918 securus
945 1886 989 1918 de
1006 1895 1044 1918 se

352 1932 470 1963 dicere
495 1935 644 1973 poterat,
671 1935 705 1965 et
722 1934 865 1974 quidem
885 1944 954 1966 non
970 1935 1045 1967 sine

353 1981 573 2013 festivissima
604 1983 637 2014 in
661 1986 775 2015 semet
798 1984 915 2024 ipsum
939 1985 1046 2030 εἴρω-

354 2030 451 2073 νείᾳ,
479 2040 567 2071 quae
593 2034 687 2071 grata
706 2034 868 2065 accidere
893 2033 1048 2066 debebat

353 2081 523 2121 imprimis
548 2083 733 2123 Pompeio,
772 2083 830 2123 qui
861 2083 988 2116 diutius
1013 2085 1047 2116 in

351 2129 508 2170 partibus
537 2132 757 2172 Pompeianis
787 2135 1044 2173 perseverarat,

353 2180 425 2210 sive
450 2189 488 2211 re
513 2189 595 2211 vera
623 2183 726 2221 poeta
750 2190 911 2222 parmam
935 2183 1049 2223 proie-

355 2229 419 2267 cit,
447 2229 538 2266 sive,
575 2232 613 2261 ut
643 2231 758 2270 potius
783 2240 864 2262 reor
887 2241 969 2264 cum
992 2233 1047 2264 Ia-

354 2278 474 2309 cobsio
514 2279 621 2309 Lectt.
662 2279 748 2310 Vcn.
791 2281 841 2311 45,
883 2289 916 2320 p.
955 2282 1044 2321 3¹26„

352 2328 466 2366 imago
480 2327 660 2359 dumtaxat
673 2329 809 2368 poetica
821 2328 945 2362 celeris
958 2329 1046 2363 illius

355 2376 454 2416 fugae
480 2378 534 2407 est
558 2386 670 2417 aeque
695 2386 735 2408 ac
760 2378 921 2410 Mercurii
948 2381 1047 2411 auxi-

351 2424 447 2456 lium.
489 2427 600 2457 Nemo
618 2427 710 2458 enim
732 2429 940 2467 praesertim
958 2429 1048 2461 inter

354 2483 432 2511 eos,
465 2475 523 2515 qui
553 2477 694 2515 poetam
725 2478 863 2516 penitus
888 2479 1044 2517 nossent,

355 2523 483 2554 idcirco
524 2533 606 2555 eum
644 2525 903 2565 vituperaturus
950 2528 1043 2565 erat

354 2572 446 2612 quod
466 2581 507 2603 eo
526 2574 698 2614 tempore,
717 2582 786 2613 quo
805 2576 955 2607 Caesare
977 2576 1045 2607 iam

356 2621 529 2661 principe,
563 2630 708 2662 prorsus
732 2630 922 2664 oppressae
948 2626 1048 2656 erant

357 2672 472 2708 partes
489 2669 620 2702 liberae
639 2671 688 2702 rei
706 2670 878 2712 publicae,
906 2681 943 2703 sc
961 2681 1047 2712 quo-

357 2727 424 2757 quc
467 2729 545 2752 cuni
586 2722 712 2752 coieris
752 2720 927 2753 devictum
968 2731 1044 2754 csse

1094 650 1239 681 minime
1291 649 1538 683 dissimularet.
1604 653 1788 694 Exempla,

1095 707 1186 738 quae
1211 701 1353 731 secutus
1378 702 1447 738 est,
1473 701 1562 732 haec
1586 704 1686 733 sunt:
1728 705 1789 734 Ar-

1095 747 1277 780 chilochus
1294 749 1386 789 Eleg.
1404 751 1456 781 Fr.
1473 751 1526 781 511.
1547 750 1643 782 Lieb.
1662 752 1785 792 Bergk.

1093 806 1126 838 p.
1153 797 1233 830 468:
1256 794 1397 831 Ἀσπίδι
1420 799 1491 840 μὲν
1515 799 1640 830 Σαίων
1665 800 1791 841 (Thra-

1095 847 1168 878 ciae
1202 847 1350 888 populus
1383 849 1451 888 est)
1486 859 1540 889 τις
1572 844 1786 891 ἀγάλλεται,

1093 892 1141 938 ἢν
1158 893 1259 941 παρὰ
1279 895 1416 939 θάμνῳ
1431 894 1564 938 ''Evtog
1579 895 1791 941 ἀμώμητον

1093 943 1277 977 κάλλιπον
1312 943 1382 978 οὖν,
1417 946 1575 987 ἐθέλων,
1612 945 1736 989 Αὐτὸς
1759 948 1789 980 δ’

1093 993 1279 1038 ἐξέφυγον
1309 994 1482 1029 θανάτου
1511 997 1635 1038 τέλος·
1673 994 1790 1039 ἀσπὶς

1092 1044 1216 1087 ἐκείνη
1230 1041 1399 1091 Ἐρρέτω·
1426 1044 1575 1087 ἐξαῦτις
1591 1045 1786 1089 κτήσομαι

1094 1091 1138 1126 οὐ
1163 1095 1295 1126 κακίω.
1345 1096 1469 1128 Critias
1493 1097 1587 1137 apud
1603 1097 1785 1130 Aelianum

1092 1144 1132 1175 V.
1152 1144 1192 1175 H.
1212 1145 1269 1183 40,
1297 1145 1348 1176 43.
1367 1144 1474 1177 multa
1492 1145 1689 1178 Archilochi
1706 1148 1787 1179 vitia

1094 1202 1137 1224 ex
1160 1194 1269 1234 ipsius
1293 1193 1474 1226 dumtaxat
1497 1196 1668 1235 poematis
1690 1197 1790 1227 inno—

1093 1244 1201 1274 tuisse
1226 1244 1391 1282 miratur,
1417 1245 1452 1275 in
1468 1244 1538 1282 his,
1565 1240 1624 1277 ὅτι
1648 1242 1786 1301 λάγνος

1094 1302 1159 1323 και
1189 1288 1372 1337 ὑβριστὴς
1401 1293 1467 1325 καὶ
1497 1290 1541 1326 τὸ
1564 1289 1620 1325 ἑτι
1643 1292 1788 1326 τούτων

1094 1340 1315 1381 αἴσχιστον,
1352 1338 1411 1375 ὅτι
1434 1341 1504 1386 τὴν
1527 1339 1671 1375 ἀσπίδα
1694 1340 1788 1376 ἀπέ-

1092 1390 1220 1430 βαλεν.
1247 1393 1334 1424 Item
1346 1395 1529 1425 Anacreon
1543 1393 1586 1425 de
1601 1403 1639 1425 se
1653 1394 1788 1434 Fragm

1093 1442 1146 1473 ⁶26.
1174 1437 1480 1481 Be1gszorct<5a
1503 1438 1584 1487 ῥῖψ’
1607 1442 1647 1482 ἐς
1670 1451 1789 1474 ποτα-

1093 1488 1169 1532 μοῦ
1194 1488 1397 1535 καλλιρόου
1416 1489 1600 1536 προχοάς.
1638 1491 1786 1523 Alcaeus

1094 1541 1206 1580 Bergk
1230 1549 1308 1580 pag.
1335 1541 1414 1572 577:
1441 1538 1589 1586 Κᾶρυξ,
1614 1535 1792 1583 ἄγγειλον

1094 1588 1200 1630 μὲν
1187 1584 1297 1630 ἰέμοις
1313 1587 1506 1645 ἑτάροισιν
1521 1589 1561 1622 ἐν
1577 1587 1682 1621 οἷ’-ιω.
1708 1588 1791 1630 Σῶς

1090 1634 1275 1678 Ἀλκαῖος
1273 1635 1408 1683 Ἁρῃ,”
1411 1635 1535 1670 Ἐντεα
1557 1637 1586 1669 δ’
1613 1634 1684 1671 οὐκ
1701 1635 1789 1671 ἀνέ-

1095 1698 1115 1718 ι
1118 1697 1237 1725 εικον,
1262 1684 1287 1718 ἃ
1304 1685 1350 1729 δὴ
1366 1689 1500 1733 κτέρας
1516 1688 1554 1728 ἐς
1569 1686 1787 1720 Γλαυκώπω

1087 1731 1184 1782 Ιρον
1214 1733 1476 1782 ὀνεκρέιιασαν
1497 1734 1671 1769 ”Ammoc-
1720 1739 1790 1769 He-

1094 1787 1170 1819 lod.
1197 1788 1233 1825 5,
1271 1787 1328 1818 95:
1364 1783 1534 1827 Ἀλκαῖος
1570 1783 1592 1818 ὁ
1628 1785 1791 1829 ποιητὴς

1095 1833 1295 1877 συμβολῆς
1304 1837 1510 1878 γενομένης
1522 1837 1587 1868 καὶ
1600 1834 1791 1868 νικώντων

1095 1884 1169 1917 τῶν
1190 1881 1396 1927 Ἀθηναίων
1420 1883 1538 1925 αὐτὸς
1552 1885 1623 1927 μὲν
1639 1884 1790 1928 φεύγων

1095 1932 1289 1978 ἐκφεύγει,
1316 1932 1362 1966 τὰ
1385 1934 1426 1967 δέ
1444 1935 1483 1966 οἱ
1505 1930 1604 1966 ὅπλα
1634 1933 1788 1974 ἴσχουσι

1091 1981 1284 2027 Ἀθηναῖοι
1307 1986 1373 2017 καί
1396 1995 1500 2024 σφεα
1522 1981 1790 2030 ἀνεκρέμασαν

1096 2032 1189 2080 πρὸς
1213 2032 1256 2066 τὸ
1275 2031 1476 2076 Ἀθήναιον
1504 2031 1549 2065 τὸ
1575 2033 1615 2066 ἑν
1643 2034 1789 2077 Σιγείῳ·

1094 2080 1215 2116 ταῦτα
1238 2082 1278 2116 δὲ
1298 2080 1467 2124 Ἀλκαῖος
1492 2083 1532 2116 ἐν
1551 2083 1659 2125 μέλεϊ
1678 2082 1790 2126 ,τοιή-

1097 2144 1169 2174 σας
1185 2133 1348 2166 ἐπιτιθεῖ
1360 2134 1412 2173 εἰς
1429 2131 1658 2175 Μυτιλήνην,
1680 2132 1791 2175 ἑξαγ-

1095 2179 1322 2226 γελλόμενος
1344 2179 1388 2214 τὸ
1406 2180 1550 2214 ἑωυτοῦ
1577 2180 1702 2222 πάθος
1721 2182 1792 2214 Me-

1094 2231 1266 2274 ναλὶππῳ
1283 2226 1392 2276 ἀνδρὶ
1408 2230 1556 2276 ἑταίρῳ.
1583 2231 1685 2271 Apud
1702 2231 1791 2263 Liib—

1095 2282 1220 2312 kerum
1232 2281 1389 2321 reperies
1403 2288 1636 2321 quaecunque
1651 2280 1694 2311 de
1710 2289 1791 2312 con-

1095 2331 1255 2362 troverso
1272 2331 1339 2361 hoc
1361 2329 1438 2362 loco
1455 2329 1571 2361 adhuc
1588 2330 1678 2361 dicta
1696 2332 1788 2367 sunt,

1096 2380 1179 2411 satis
1210 2379 1302 2411 bene
1328 2380 1485 2420 exposita
1518 2388 1557 2410 ac
1590 2378 1787 2410 diiudicata.

1141 2429 1191 2459 Μ.
1223 2428 1337 2468 fracta
1365 2428 1482 2469 virtus]
1517 2428 1587 2460 Cic.
1620 2427 1664 2458 ad
1694 2428 1786 2458 Fam.

1096 2477 1132 2516 7,
1167 2477 1203 2516 3,
1237 2477 1274 2508 3:
1310 2487 1369 2509 nee
1396 2479 1532 2518 putavi,
1568 2485 1642 2508 cum
1670 2477 1791 2517 integri

1090 2535 1192 2566 pares
1223 2535 1288 2558 non
1318 2527 1508 2567 fuissemus,
1542 2527 1667 2567 fractos
1692 2534 1790 2565 supe-

1091 2576 1197 2606 tiores
1219 2576 1303 2616 for&
1352 2577 1531 2608 Memorne
1556 2576 1621 2607 fuit
1646 2574 1787 2606 ultimae

1095 2624 1189 2655 Bruti
1205 2625 1321 2656 vocis:
1343 2618 1388 2656 Ὦ
1404 2623 1549 2666 τλῆμον
1563 2620 1697 2668 ἀρετη,
1723 2621 1789 2655 λό-

1095 2683 1160 2715 γος
1184 2666 1243 2718 ἆρ
1262 2669 1364 2715 ἧσθ’·
1389 2673 1421 2716 ἑ)
1422 2671 1460 2704 νώ
1478 2672 1518 2705 δέ
1534 2683 1578 2705 σε
1596 2669 1695 2712 ‘sagi'
1679 2683 1788 2716 εργοι

1096 2718 1253 2763 η’σκουν.
1292 2741 1327 2746 -
1351 2725 1367 2754 ‘P
1399 2723 1478 2763 (Dio
1511 2723 1608 2754 Cass
1637 2722 1694 2755 47
1722 2722 1787 2761 49)
