1997 3219
682 142 757 172 LlB.
784 142 823 173 11.

873 142 909 172 c.
936 141 1050 172 xvui.
1520 139 1601 180 :3123

388 244 586 285 l‘rcmunt
617 243 836 285 columnas
869 243 1014 285 ultima
1047 244 1208 285 recisas

329 347 487 394 Africa,
518 361 662 404 neque
694 348 813 390 Attali

387 428 559 483 lgnotus
590 428 715 471 heres
747 429 906 485 regiani
939 430 1165 486 occupavi.

330 509 415 550 Nec
447 509 679 551 Laconicas
710 509 809 550 mihi

384 588 570 630 Trahunt
600 588 805 632 honestae
836 603 1050 645 purpuras
1082 589 1283 632 clientae:

328 694 377 735 At
408 693 515 735 tides
547 701 588 736 et
619 694 758 750 ingeni

382 774 571 829 Benigna
602 788 711 815 vena
742 781 826 821 est,
860 787 1186 830 pauperemque
1218 774 1339 816 dives

329 855 393 895 Me
425 853 549 910 petit3
583 853 683 894 nihil
716 868 847 910 supra

1552 775 1602 816 lO

244 974 274 1003 8.
300 972 429 1003 clientes
451 971 532 1009 bcd,
557 972 694 1010 clyentes
717 973 749 1003 S.
778 974 858 1013 (non
881 973 960 1013 BT.)
989 992 1023 996 —
1050 974 1112 1005 Vv.
1139 974 1271 1005 022-*22
1298 974 1425 1006 desunt
1450 975 1483 1006 in
1508 976 1543 1006 Β,

158 1080 242 1102 casu
278 1071 376 1102 dives
406 1078 484 1101 sum
517 1069 662 1102 tactus.»
709 1071 747 1102 In
771 1079 855 1112 pro—

158 1120 318 1151 xerbium
342 1119 502 1151 abierant
525 1118 627 1150 Attali
651 1128 749 1160 opes.
775 1120 851 1151 x’id.

158 1169 220 1199 Od.
252 1169 284 1206 l,
313 1169 347 1206 1¹,
375 1169 426 1199 12.
459 1169 541 1199 Livii
566 1169 653 1209 Epit.
680 1168 733 1200 58.
783 1169 852 1200 Csr.

159 1217 412 1257 Vanderburgii
445 1218 640 1250 Excursum
666 1217 739 1249 Vol.
766 1219 791 1250 Ι.
818 1227 851 1259 p.

157 1266 232 1298 380.
282 1268 388 1299 Nimis
419 1276 503 1299 vero
527 1276 614 1307 vaga
638 1267 777 1298 videtur
801 1268 855 1299 in—

157 1317 379 1356 terpretatio,
406 1326 513 1357 quam
538 1327 650 1358 nuper
674 1319 855 1359 proposuit

158 1366 256 1397 Estre
283 1366 362 1397 Hor.
391 1368 445 1398 Pr.
473 1376 506 1407 p.
533 1368 618 1401 220:
651 1368 853 1399 «Horatium

159 1416 300 1454 tangere
317 1415 479 1446 homines
497 1416 550 1447 sui
567 1417 737 1457 temporis
754 1418 854 1456 iguo-

158 1466 228 1501 tos,
266 1472 392 1495 recens
428 1464 554 1495 divites
589 1465 718 1504 factos,
759 1468 852 1497 tanta

156 1511 301 1551 luxuria,
321 1515 414 1544 tanta
432 1513 609 1554 superbia,
629 1516 677 1546 uti
693 1514 850 1554 domum,

157 1560 270 1601 qualis
294 1561 349 1593 vel
374 1561 475 1594 Attali
499 1562 634 1602 suerat,
676 1573 851 1605 occupare

157 1611 362 1643 auderent.»

200 1661 230 1692 6.
276 1662 411 1701 Iynotus
443 1662 550 1703 heres]
589 1663 724 1696 Attalus
759 1664 852 1695 enim

158 1718 239 1746 eos,
278 1720 366 1751 quos
399 1713 610 1743 testamento
642 1722 706 1746 suo
730 1714 854 1745 divites

157 1759 360 1791 redditurus
395 1763 490 1799 erat,
528 1771 571 1793 ne
598 1764 744 1794 noverat
775 1763 855 1803 qui-

158 1808 264 1846 dem,
303 1818 383 1841 cum
414 1809 496 1841 illud
529 1811 714 1843 scriberet.
760 1813 856 1843 Inest

158 1867 277 1889 amara
313 1859 493 1903 εἰρωνεία.
548 1861 598 1892 De
633 1862 851 1899 AristonicO,

161 1908 239 1947 aqui
264 1910 403 1939 mortuo
427 1918 510 1949 rege
535 1909 660 1948 Attalo,
687 1911 854 1942 mentitus

159 1957 276 1995 regiae
290 1957 406 1998 stirpis
420 1958 604 1997 originem,
620 1960 727 1991 armis
736 1960 854 1991 Asiam

159 2009 393 2046 occupaverat
410 2007 593 2047 victusque
611 2018 630 2039 a
647 2010 690 2040 M.
710 2011 857 2050 Perper-

160 2064 203 2085 na
220 2055 418 2096 ductusque
434 2057 466 2087 in
480 2057 667 2098 triumpho.
691 2058 754 2089 sed
768 2068 787 2089 a
800 2058 852 2090 Μ’.

159 2104 313 2145 Aquilio,
340 2106 453 2146 capite
477 2111 610 2146 poenas
628 2107 743 2138 dedit»
763 2107 856 2148 (Vel—

159 2153 214 2185 lei.
237 2155 272 2192 2,
298 2153 360 2193 4.),
388 2163 613 2195 nequaquam
634 2156 743 2187 verba
762 2157 852 2188 facit.

202 2204 233 2234 Τ.
270 2204 466 2244 Laconicas]
506 2206 655 2245 «Neque
682 2205 796 2237 lanam
821 2207 854 2237 in

160 2253 306 2284 Laconia
322 2262 477 2293 purpura
495 2254 639 2286 tinctam
658 2255 758 2295 (quae
776 2264 858 2296 pur-

159 2311 245 2343 pura
274 2301 452 2334 nobilioris
479 2304 616 2343 generis
645 2306 719 2335 erat
749 2306 854 2345 atque

159 2351 315 2391 lucidior)
361 2352 444 2383 mihi
480 2355 564 2384 nent
597 2352 768 2393 chemae,
819 2357 858 2386 ut

159 2400 321 2433 solebant
336 2400 389 2432 vel
408 2401 574 2433 mercede
593 2403 788 2435 conductae
802 2403 856 2435 vel

159 2450 288 2489 gratis,
315 2452 350 2481 ut
368 2452 593 2491 patronorum
619 2453 766 2491 gratiam
791 2453 857 2484 ini—

159 2501 259 2531 rent:
287 2498 396 2530 nullas
422 2501 515 2531 enim
541 2500 686 2532 clientas
704 2501 854 2533 habeo.»

160 2548 218 2580 Est
236 2549 337 2588 igitur
354 2548 489 2580 sublata
509 2551 674 2590 imagine:
714 2551 742 2590 ⁴)
770 2560 856 2582 «nec

159 2598 347 2638 purpureis
376 2598 532 2629 vestibus
561 2601 657 2637 utor,
684 2600 713 2639 2)
740 2609 855 2640 neque

161 2646 340 2678 nobilitate
383 2649 593 2689 conspicuus
639 2658 753 2681 sum.»
803 2650 852 2689 (V.

159 2696 279 2728 clienta
303 2696 489 2729 formatum
515 2700 695 2738 tamquam
720 2707 739 2730 a
755 2698 858 2731 clien-

905 1075 967 1103 tus.
1016 1072 1231 1103 Lindemann
1268 1073 1312 1104 ad
1348 1074 1486 1105 Festum
1521 1083 1598 1115 pag.

906 1122 994 1161 388.)
1037 1122 1136 1160 Quod
1165 1121 1311 1153 clientae
1335 1123 1429 1163 ipsae
1452 1123 1604 1155 honestae

905 1173 1001 1208 sunt,
1029 1180 1097 1202 non
1128 1171 1266 1202 intimae
1293 1173 1413 1210 sortis,
1440 1172 1473 1203 id
1499 1174 1603 1212 auget

905 1221 1042 1260 patroni
1068 1220 1282 1260 dignitatem.
1332 1222 1406 1252 Non
1432 1221 1603 1261 significat

906 1268 1137 1309 «pulchrae»;
1165 1269 1246 1300 nihil
1269 1270 1363 1300 enim
1387 1271 1453 1301 hoc
1475 1271 1603 1302 attine—

904 1317 982 1356 bat,
1017 1319 1134 1349 utrum
1161 1318 1328 1358 pulchrae
1353 1321 1471 1350 essent
1498 1319 1608 1351 clien-

905 1369 980 1404 tae,
1022 1376 1113 1407 quae
1150 1366 1338 1398 lanificium
1376 1371 1600 1407 exercerent,

903 1425 1027 1447 necne.
1057 1417 1248 1456 («Ostendit
1272 1419 1391 1448 votum
1417 1417 1600 1456 clientum,

904 1474 1055 1506 quorum
1072 1474 1219 1504 uxoreS,
1246 1475 1326 1497 cum
1352 1466 1528 1499 nobilibus
1553 1469 1604 1498 to—

904 1524 967 1555 gae
990 1516 1195 1555 praetextae
1221 1516 1307 1546 fiunt
1332 1516 1375 1547 ad
1402 1525 1504 1557 spem
1529 1525 1605 1547 ma-

905 1564 1112 1603 gistratuum
1138 1565 1394 1604 gerendorum,
1428 1575 1603 1606 purpuras

905 1615 1103 1654 carpentes,
1120 1614 1241 1645 iuvant
1253 1616 1465 1646 matronas.»
1480 1617 1600 1646 ScnoL.

906 1664 999 1694 llaec
1036 1664 1062 1694 si
1099 1673 1139 1695 ex
1176 1665 1326 1704 antiquis
1353 1664 1602 1705 interpretibus

906 1713 1119 1753 desumpsit7
1147 1712 1238 1744 bene
1264 1713 1394 1745 habet:
1422 1714 1485 1745 sed
1508 1714 1600 1753 vide,

906 1771 948 1793 ne
973 1762 1017 1793 sit
1041 1763 1245 1794 recentioris
1262 1762 1407 1795 alicuius
1425 1772 1605 1795 commen-

906 1811 1005 1851 tum.)
1045 1812 1187 1843 Mirifica
1221 1814 1274 1844 est
1304 1814 1371 1844 ΗΡ.
1398 1813 1606 1854 interpreta-

906 1861 969 1891 tio:
1009 1860 1198 1892 «Pulchrae
1230 1861 1377 1894 clIeutae
1411 1871 1478 1893 non
1505 1863 1601 1901 mihi,

906 1910 976 1941 mei
1001 1909 1143 1941 honoris
1169 1919 1275 1942 causa
1300 1913 1334 1943 et
1358 1913 1396 1942 ut
1419 1912 1503 1942 mihi
1527 1910 1603 1952 pla-

906 1960 1009 1990 ceant
1033 1959 1065 1990 in
1090 1959 1200 2000 longis
1227 1961 1414 2002 purpureis
1447 1960 1604 1993 vestibus

907 2008 1075 2039 incedunt
1098 2011 1133 2039 et
1157 2009 1201 2040 ad
1226 2018 1282 2041 me
1307 2011 1486 2041 veniunt.»

950 2057 1001 2087 40.
1028 2058 1177 2098 Beizifflza
1199 2059 1299 2099 vena]
1326 2061 1364 2090 ut
1386 2061 1425 2090 Α.
1453 2061 1488 2090 Ρ.
1515 2058 1601 2091 409:

906 2106 974 2137 sine
990 2107 1088 2138 divite
1101 2116 1187 2138 vena
1202 2117 1208 2145 ;
1235 2116 1341 2148 quam
1358 2109 1605 2149 metaphoram

907 2165 923 2187 a
951 2155 1080 2187 metalli
1105 2158 1202 2189 venis
1230 2157 1388 2198 plerique
1417 2158 1604 2198 repetitam

905 2207 1049 2246 putant:
1076 2205 1175 2237 aliter
1192 2206 1289 2238 Ovid.
1310 2207 1410 2238 Trist.
1429 2207 1465 2245 3,
1486 2208 1525 2238 45
1545 2206 1598 2246 (al.

907 2254 971 2294 44),
1009 2254 1067 2286 33:
1118 2256 1288 2296 Ingenium
1328 2257 1456 2296 freqere
1496 2265 1605 2287 meum

907 2305 1013 2342 mala,
1040 2306 1133 2335 cuius
1155 2309 1183 2336 ec
1207 2309 1284 2336 anile
1306 2306 1392 2337 Fons
1414 2306 1606 2346 infecundus

901 2363 1078 2394 parcaque
1106 2364 1191 2387 vena
1218 2356 1303 2396 fuit,
1342 2355 1402 2386 ubi
1438 2357 1491 2387 est
1514 2364 1603 2387 vena

907 2413 1031 2444 aquae.
1415 2426 1419 2430 -

952 2454 1003 2484 ll.
1040 2454 1094 2486 Me
1122 2454 1220 2495 petit]
1263 2463 1388 2495 «saepe
1415 2454 1458 2485 ad
1483 2463 1521 2485 se
1546 2462 1603 2486 me

906 2504 1009 2533 vocat
1040 2502 1261 2543 libenterque
1291 2505 1326 2535 et
1355 2504 1504 2535 comiter
1527 2512 1605 2535 me-

907 2560 988 2583 cum
1013 2555 1185 2583 versatur.
1234 2552 1324 2585 [ltra
1357 2553 1445 2585 haec
1483 2555 1603 2584 autem

908 2600 989 2632 nihil
1025 2612 1043 2632 a
1080 2602 1133 2633 dis
1169 2602 1328 2642 impenso
1363 2602 1478 2633 studio
1504 2603 1604 2634 effla-

908 2650 1011 2690 gito.»
1047 2651 1117 2682 Cic¹
1137 2651 1180 2681 ad
1200 2652 1292 2682 Fani.
1326 2651 1384 2690 ⁴3,
1416 2652 1453 2690 l,
1484 2652 1524 2683 4:
1551 2661 1604 2683 eos

908 2708 970 2731 non
1007 2700 1224 2739 sequebatur,
1265 2701 1321 2739 (μα’
1350 2710 1401 2733 me
1426 2701 1601 2741 polemius
