1997 3219
677 159 752 189 Lm.
784 159 820 189 ll.

384 261 449 302 Me
481 260 664 303 Colchus
695 267 737 303 et
767 261 839 317 qui

871 159 908 189 c.
937 158 1004 188 xx.
1513 153 1586 194 :3:31

871 259 1107 302 dissimulat
1137 266 1295 301 metum

385 341 548 383 Marsae
579 340 765 384 cohortis
798 342 938 383 Dacus
969 347 1011 383 et
1040 339 1172 382 ultimi

434 423 618 464 Noscent
649 421 824 468 Geloni,
857 435 924 463 me
956 421 1118 477 peritus

494 502 638 545 Discet
668 502 799 544 Hiber
829 501 1107 558 Rhodanique
1139 507 1273 557 potor.

381 606 529 649 Absint
559 607 670 649 inani
704 607 850 650 funere

882 607 1034 649 neniae

381 689 628 744 Luctusque
663 695 810 744 turpes
843 694 884 730 et
914 686 1236 743 querimoniae;

437 768 673 824 Compesce
705 766 934 810 clamorem
965 780 1015 809 ac
1045 766 1231 822 sepulcri

496 848 609 890 Mitte
642 861 934 904 supervacuos
964 847 1162 889 honores.

243 956 296 987 ⁴20.
322 955 394 986 Iber
417 956 495 986 LCt.

153 1031 404 1080 Ὑπερβορέων
428 1031 502 1066 ἀνὰ
526 1033 662 1077 δῆμον.
712 1035 850 1066 «Visam

157 1094 302 1126 campos
333 1085 407 1117 illos
437 1085 554 1116 felices
578 1094 684 1125 supra
708 1083 852 1125 Aquilo-

158 1143 239 1166 nem
275 1136 309 1165 et
347 1135 519 1175 Rhipaeos
553 1136 692 1166 montes
730 1134 849 1165 sitos.»

158 1182 253 1223 (Plin.
282 1184 320 1215 Η.
347 1185 385 1215 N.
413 1183 448 1217 4.
476 1184 541 1222 26.)

201 1233 253 1264 «¹8.
295 1234 430 1264 Marsae
463 1232 620 1272 cohortis]
659 1231 763 1263 Marsi
787 1239 851 1271 pro

158 1282 354 1314 fortissimis
387 1281 502 1313 Italiae
533 1280 670 1322 populis
695 1282 729 1312 et
751 1279 853 1321 pedi-

158 1333 249 1363 tatus
274 1332 419 1362 Romani
443 1330 572 1362 robore
606 1329 850 1366 habebantur;

158 1381 246 1411 «hoc
291 1381 394 1420 igitur
430 1379 540 1411 robur
576 1380 702 1411 metuit
738 1380 853 1410 Dacus

159 1428 320 1467 rebellis,
348 1429 411 1460 sed
433 1437 518 1470 prae
542 1428 678 1469 pudore
702 1428 799 1468 fingit
814 1436 852 1459 se

159 1478 281 1509 timore
305 1486 466 1509 vacare.»
495 1496 530 1500 —
560 1477 622 1509 Alii
648 1477 851 1517 (Dacierius‚

157 1527 389 1558 Walekenaer
411 1528 451 1558 11.
478 1536 512 1568 p.
546 1527 634 1567 208.)
670 1527 855 1567 interpun-

159 1579 241 1614 ,arunt
267 1578 347 1617 post
368 1586 402 1608 V.
421 1577 580 1616 cohortis,
605 1579 643 1608 ut
666 1577 720 1609 his
742 1585 799 1607 vv.
826 1579 855 1607 et

161 1627 218 1664 qui
233 1623 284 1649 —'—-
301 1627 440 1658 cohortis
463 1626 703 1667 significentur
725 1626 851 1658 Parthi.

159 1677 231 1707 Non
267 1675 383 1716 placet
417 1678 562 1717 propter
589 1676 854 1708 incommodum

158 1721 369 1757 ἀσύνδετον
392 1727 472 1757 ante
496 1735 528 1756 v.
556 1727 678 1757 Dacus.

208 1777 255 1806 iti.
282 1775 431 1816 Noscent]
459 1775 620 1807 «audient
639 1784 758 1807 meum
776 1784 856 1807 can-

161 1829 268 1856 tum.»
315 1825 442 1856 Statius
466 1824 574 1856 Theb.
596 1826 652 1863 te,
672 1824 757 1857 814:
783 1826 855 1856 Iam

159 1878 188 1905 te
214 1873 413 1914 (Thebaida)
445 1875 677 1914 maynanimus
699 1875 858 1915 dignatur

160 1931 312 1955 sescena·
348 1924 488 1960 Caesar,
539 1924 627 1954 Itala
654 1924 722 1955 iam
751 1924 857 1955 studio

164 1981 273 2004 Dlsclr
289 1975 513 2011 memoratque
526 1973 683 2004 iuventus.
706 1991 741 1995 -
761 1973 857 2005 Gelo-

162 2022 213 2062 ni]
238 2020 335 2052 (lons.
362 2021 424 2052 Od.
450 2021 487 2058 Ξ,
514 2021 552 2058 9,
578 2021 630 2052 ⁶23.
660 2039 695 2043 —
718 2022 855 2063 peritus]

162 2080 227 2111 per
250 2069 449 2111 prolepsin:
478 2069 558 2101 «ubi
583 2069 768 2110 aliquando
793 2072 858 2102 erit

158 2121 304 2160 peritus,
331 2119 443 2151 cultus
455 2130 488 2156 »ς
516 2118 688 2158 absolute,
714 2122 752 2151 ut
768 2120 855 2161 Epp.

166 2171 199 2203 Ξ,
228 2171 262 2206 2,
289 2170 370 2200 ¹2¹3:
398 2170 512 2200 decede
531 2170 656 2208 peritis.
695 2170 857 2210 «Hispani

164 2222 197 2250 et
215 2218 297 2250 Galli
313 2217 547 2258 Transalpini,
567 2220 625 2259 qui
644 2228 735 2250 nunc
751 2219 857 2251 rudes

164 2271 242 2299 sunt
268 2270 372 2308 atque
399 2267 533 2305 inculti,
561 2268 776 2300 humanitate
801 2268 859 2300 ali-

163 2317 304 2358 quando
337 2316 458 2348 imbuti
495 2317 621 2358 cupide
647 2326 745 2349 meos
769 2327 859 2358 quo-

164 2376 232 2407 que
259 2368 382 2397 cantus
406 2366 583 2398 audient»,

210 2417 259 2447 20.
288 2416 498 2454 Rhodanique
517 2415 633 2457 potor]
673 2415 856 2453 ‹«accola»;

165 2475 205 2496 ex
249 2465 489 2504 antiquissima
537 2466 670 2496 ratione
713 2464 858 2506 populos

164 2514 382 2552 designandi.
431 2513 524 2545 lliad.
551 2513 595 2552 β,
621 2515 702 2547 825:
731 2515 859 2546 πίνον-

165 2573 224 2603 τες
242 2558 340 2607 ὕδωρ
355 2561 474 2604 μέλαν
492 2560 691 2604 Αἰσήποιο.
721 2563 856 2595 Pindar.

165 2612 302 2654 olymp.
331 2614 368 2648 6,
388 2613 429 2643 85
446 2622 451 2642 :
485 2609 637 2653 Θήβαν,
656 2631 674 2636 -
690 2611 757 2652 τᾶς
772 2611 859 2657 ἐρα-

165 2659 286 2692 τεινὸν
341 2655 438 2703 ὕδωρ
495 2661 650 2703 Πίομαι.
725 2663 857 2694 Seneca

901 1034 1025 1066 Troad.
1053 1035 1088 1065 9:
1116 1035 1204 1073 qui-
1220 1034 1361 1073 Septena
1387 1034 1514 1065 Tanain
1537 1044 1598 1065 ora-

898 1084 1096 1123 pandentem
1112 1083 1199 1114 bibit.
1227 1101 1262 1106 —-
1290 1084 1363 1114 Hoc
1389 1092 1471 1123 ergo
1496 1084 1594 1114 dicit:

904 1135 990 1164 «Per
1024 1135 1135 1164 totum
1165 1132 1290 1164 orbem
1322 1134 1497 1164 terrarum
1530 1133 1599 1164 Ro-

902 1190 1007 1213 mano
1043 1182 1188 1222 imperio
1234 1181 1434 1213 subiectum
1469 1190 1598 1213 nomen

902 1240 1023 1263 meum
1047 1230 1332 1272 propagabitur.»

946 1281 998 1311 ⁹21¹.
1026 1281 1086 1325 ⁵2⁴2„
1112 1281 1205 1311 inani
1231 1280 1364 1321 funere]
1403 1280 1599 1320 «quoniam

903 1329 1049 1369 quidem
1073 1327 1175 1360 abest
1199 1338 1347 1370 eorpus,
1374 1329 1470 1369 quod
1494 1338 1600 1369 sepe-

902 1378 955 1410 liri
978 1379 1123 1419 possit.»
1152 1395 1188 1401 -
1212 1378 1343 1419 veniae]
1381 1387 1469 1418 quas
1493 1386 1599 1418 prae—

904 1427 991 1459 ficae
1017 1436 1145 1459 canere
1170 1427 1349 1465 solebant;
1376 1428 1601 1467 querimoniae

904 1477 1097 1509 amicorum
1135 1479 1227 1508 sunt.
1275 1478 1359 1509 Mire
1394 1477 1600 1508 Sanadonus

904 1527 1034 1558 iunxit:
1072 1530 1101 1558 et
1132 1527 1358 1566 querimoniae
1382 1526 1471 1567 (gen.
1499 1526 1599 1566 sing.)

903 1585 1067 1616 compesce
1082 1577 1269 1608 clamorem.
1293 1594 1328 1598 —
1347 1576 1468 1617 turpes]
1496 1584 1602 1616 «qua-

905 1628 1006 1658 tenus
1043 1626 1167 1657 faciem
1204 1625 1438 1657 deformant.»
1501 1624 1598 1655 ovid.

904 1678 943 1708 A.
970 1678 1008 1707 A.
1036 1676 1073 1713 4,
1101 1675 1182 1707 534:
1235 1675 1408 1707 Clamabat
1440 1674 1602 1716 flebatque

904 1725 1022 1763 simul,
1059 1725 1115 1755 sed
1137 1728 1314 1764 utrumque
1347 1724 1495 1762 decebat,
1535 1724 1602 1754 Nec

903 1775 995 1815 facta
1028 1777 1072 1805 est
1106 1774 1254 1805 lacrimis
1287 1774 1418 1813 turpior
1440 1774 1499 1804 illa
1522 1773 1598 1803 suis.

906 1824 1035 1856 Ennius
1048 1823 1142 1864 apud
1156 1824 1226 1854 Cic.
1245 1824 1346 1855 Tusc.
1367 1824 1397 1859 t,
1419 1823 1474 1854 115:
1499 1823 1602 1854 Nemo

903 1882 955 1905 me
978 1874 1135 1904 lacrumis
1159 1874 1287 1904 decoret
1309 1881 1368 1904 nec
1389 1873 1510 1912 funera
1525 1873 1601 1913 (leta

907 1923 1017 1954 Faoeit.
1055 1922 1151 1954 Car?
1192 1923 1294 1953 Volito
1327 1922 1414 1952 τίνα’
1447 1930 1508 1960 per
1541 1930 1603 1951 ora

905 1973 1026 2004 virum.
1075 1971 1208 2003 Seneca
1234 1972 1295 2012 Ep.
1327 1970 1391 2002 92:
1432 1972 1601 2002 Neminem

907 2022 945 2052 de
967 2029 1119 2060 supremo
1145 2020 1251 2060 officio
1274 2029 1367 2060 rogo.
1415 2020 1506 2051 Nulli
1529 2019 1604 2050 reli-

907 2071 1004 2109 quias
1019 2078 1109 2101 meas
1124 2070 1323 2100 commendo.
1370 2069 1499 2100 Diserte
1514 2070 1605 2100 Mae-

907 2128 1004 2150 cenas
1032 2119 1138 2157 inquit
1152 2128 1162 2149 .·
1203 2119 1290 2149 «Nec
1314 2118 1476 2149 tumulum
1498 2126 1602 2153 curo,*

907 2168 1019 2208 sepelit
1041 2169 1175 2199 Natura
1197 2167 1359 2198 relictos.»

952 2217 1004 2250 24.
1030 2226 1251 2256 supervacuos
1273 2216 1427 2256 honores]
1465 2216 1603 2256 Epicuri

910 2268 978 2298 iam
1025 2267 1136 2297 fuerat
1169 2263 1317 2308 δόγμα,
1366 2262 1432 2296 τὸν
1475 2261 1603 2304 σοφὸν

910 2312 998 2348 οὐδὲ
1011 2312 1139 2356 ταφῆς
1152 2319 1356 2360 φροντιεῖν.
1376 2315 1472 2355 Diog.
1490 2316 1600 2346 La'e'rt

911 2366 967 2403 40,
995 2366 1067 2397 4118.
1096 2365 1178 2397 Plin.
1200 2366 1284 2406 Epp.
1305 2366 1341 2403 9,
1363 2365 1419 2395 2¹9:
1454 2365 1604 2403 lmpensa

908 2416 1108 2446 monumenti
1130 2424 1339 2455 supervacua
1361 2418 1417 2446 est:
1444 2414 1603 2445 iilemaria

910 2465 1013 2496 nostri
1049 2465 1199 2504 clarabit,
1248 2466 1275 2496 si
1308 2465 1378 2495 'rita
1412 2464 1600 2495 meruimus.

911 2515 1016 2554 (Inter
1039 2515 1250 2555 scriptores,
1278 2514 1335 2553 qui
1362 2513 1462 2544 nobis
1479 2521 1604 2553 super-

910 2565 1009 2601 sunt,
1048 2564 1112 2595 hac
1143 2564 1252 2595 torma
1277 2564 1410 2604 primus
1443 2570 1526 2594 usus
1551 2564 1603 2593 est

911 2613 1094 2650 Horatius,
1133 2613 1255 2644 Cicero
1285 2621 1427 2653 semper
1452 2610 1605 2652 praefert

909 2671 1183 2702 supervacaneus.
1189 2661 1201 2701 )
