1997 3219
321 216 400 257 404

833 218 1002 250 HORATII
1027 218 1250 251 CARMINUM

490 322 552 363 Me
586 335 697 363 nunc
728 321 909 363 Thressa
939 320 1069 363 Chlo'e‘
1101 322 1233 377 regit,

544 401 700 444 Dulces
733 401 858 443 docta
889 400 1040 443 modos
1072 408 1113 443 et
1142 400 1330 444 citharae
1361 401 1526 450 sciens,
1705 400 1756 442 40

485 484 565 524 Pro
600 495 686 538 qua
716 495 800 523 non
830 488 1017 524 metuam
1048 481 1183 530 niori,

543 562 585 604 Si
617 569 793 618 parcent
822 562 988 604 animae
1019 561 1102 604 sata
1133 561 1360 617 superstiti.

484 668 549 709 Me
583 673 713 709 torret
742 667 833 709 face
863 669 1009 709 mutua

540 747 711 789 Thurini
745 746 883 790 Calais
914 746 1025 790 filius
1057 748 1236 804 Ornyti,

481 829 562 870 Pro
598 841 683 884 quo
714 827 779 870 his
811 828 948 884 patiar
976 828 1104 877 mori,

1711 828 1757 869 15

540 907 582 950 Si
613 914 789 964 parcent
817 922 954 964 puero
984 908 1067 951 fata
1100 909 1330 964 superstiti.

400 1034 430 1064 9.
472 1033 628 1064 Thraessa
650 1034 693 1071 B,
731 1033 847 1064 Cressa
876 1044 923 1074 μ,
960 1033 1023 1064 Ed.
1051 1033 1212 1065 Locheri.
1253 1049 1287 1054 —
1324 1034 1410 1074 riget
1437 1043 1491 1075 γι,
1528 1042 1580 1074 pr.
1606 1032 1643 1071 β.
1674 1051 1709 1056 —-

358 1084 408 1114 40.
434 1083 549 1114 Dulcis
571 1083 606 1114 T.
636 1099 672 1104 —
699 1081 751 1114 44.
778 1082 905 1113 ΟνηῐιΙιί
929 1083 1000 1114 LCt
1023 1091 1104 1114 cum
1127 1081 1226 1114 Aldo.
1255 1083 1307 1123 (Ut
1330 1091 1411 1122 nos,
1437 1082 1586 1121 BbSTc.)

311 1203 415 1225 mana
437 1202 501 1234 pro
519 1202 578 1232 ea,
606 1202 696 1233 quae
720 1194 863 1234 proprie
879 1193 1009 1224 Albana

313 1244 402 1281 erat,
443 1243 492 1274 sic
517 1243 623 1274 etiam
647 1242 767 1273 Ovidio
792 1243 881 1274 Fast.
909 1242 947 1281 3,
975 1242 1005 1274 9.

312 1294 367 1324 est
389 1293 541 1324 Romana
570 1293 744 1330 sacerdos,
784 1291 845 1322 ubi
880 1291 1007 1323 frustra

312 1342 475 1373 Heinsius
496 1342 658 1380 Troiana,
684 1340 853 1372 Krebsius
878 1342 1005 1381 regina.

355 1391 386 1421 9.
427 1391 478 1421 40.
523 1389 671 1430 Thressa]
708 1389 794 1421 Alii:
834 1391 888 1421 Me
921 1399 1008 1421 mmo

312 1440 427 1471 Cressa
451 1439 562 1479 Chloe,
600 1439 788 1471 durissimo
813 1448 900 1471 sono
924 1448 1008 1479 pro-

310 1490 390 1529 pter
413 1487 475 1519 litt.
495 1498 526 1527 c,
556 1497 588 1527 c,
616 1489 664 1519 ch.
688 1505 722 1510 —
749 1487 872 1529 modos]
896 1486 1004 1529 μέλη.

314 1555 349 1559 —-
375 1537 522 1568 citharae
545 1537 657 1578 sciens]
689 1537 751 1568 Od.
782 1538 820 1574 4,
851 1538 910 1576 45,
940 1536 1005 1568 24:

310 1587 415 1617 sciens
436 1587 582 1627 Puynae.
630 1585 798 1617 Alexand.
831 1585 941 1617 Aetol.
974 1587 1008 1617 in

310 1634 406 1667 Anal.
432 1636 488 1666 ΒΓ.
515 1636 539 1666 Ι.
566 1644 645 1676 pag.
673 1635 753 1667 449:
790 1631 878 1666 Ἀλλ’
910 1630 932 1666 ὅ
967 1645 1008 1678 γε

311 1681 549 1726 πευθόμενος
565 1683 692 1727 πάγχη
717 1685 914 1729 Γραικοΐσι
938 1694 1008 1726 με-

311 1733 445 1766 λέσθαι
475 1731 688 1775 Τιμόθεον,
714 1731 877 1779 κιθάρης
900 1731 1008 1775 zano-

310 1794 358 1814 να
381 1784 448 1815 καὶ
470 1782 627 1824 μελέων.

356 1832 500 1864 ‹ta-114.
533 1832 687 1873 animae]
728 1833 838 1864 «vitae
870 1832 1006 1874 puellae

311 1882 572 1920 amatissimae,
606 1891 695 1922 quae
721 1883 824 1921 mihi,
858 1891 1005 1924 precor,

311 1932 493 1971 superstes
510 1931 587 1963 sit.»
610 1949 644 1953 --
669 1932 742 1971 sace
756 1932 890 1973 mutua]
918 1934 1007 1973 «Ego

312 1988 432 2011 amore
451 1980 483 2010 in
502 1979 620 2011 Calain
637 1980 779 2012 incensa
796 1981 890 2012 feror
914 1982 1008 2013 eius-

312 2037 380 2069 que
398 2031 560 2060 mutuum
577 2038 737 2061 amorem
754 2031 950 2071 experior.»
970 2049 1005 2053 -—

313 2079 486 2117 Thasiam,
514 2079 683 2119 oppidum
700 2080 894 2119 Lucaniae,
926 2078 1008 2111 olim

312 2127 475 2167 Sybaris,
503 2127 697 2159 incolarum
714 2127 856 2160 mollitie
873 2131 1006 2160 notum.

314 2176 470 2216 (Differre
495 2186 514 2208 a
531 2177 658 2208 Thurio
682 2176 855 2209 coloniam
879 2179 1009 2210 Roma-

312 2235 395 2257 nam
420 2227 581 2267 Copiam,
611 2227 645 2258 in
669 2235 793 2267 agrum
817 2228 1009 2259 Thurinum

313 2275 524 2314 deductam,
551 2275 833 2307 demonstratum
858 2277 918 2307 ivit
933 2276 1009 2309 Mil-

312 2324 428 2365 lingen
463 2326 497 2355 in
539 2325 802 2364 Numismatique
836 2326 874 2357 de
908 2326 1006 2357 l'anc.

311 2374 405 2405 Italae
427 2383 461 2414 p.
488 2374 577 2413 ⁶228.)
628 2374 787 2405 Thurinus
822 2375 1010 2414 opponitur

316 2423 468 2454 Thressae
498 2421 542 2453 illi
567 2431 599 2453 v.
627 2422 657 2453 9.
699 2439 734 2445 -
773 2423 901 2464 Calais]
938 2425 1010 2455 De-

313 2471 396 2511 legit
429 2471 570 2502 nomina
606 2472 743 2511 poetica
779 2474 813 2503 et
857 2481 1006 2504 sonora:

314 2521 444 2559 Calais,
498 2520 547 2551 uti
593 2520 835 2560 appellabatur
875 2522 1008 2553 Boreae

315 2569 424 2608 filius,
452 2571 487 2600 et
511 2570 655 2608 Ornytus
670 2569 827 2610 Apollon.
847 2571 955 2602 Rhod.
976 2572 1007 2610 2,

316 2620 368 2650 65.
395 2619 487 2659 Vir-g.
514 2619 600 2651 Aen.
632 2619 691 2657 44,
721 2619 795 2650 677.
833 2618 1006 2651 Plutarch.

315 2668 417 2699 Thes.
437 2668 466 2699 8.
496 2668 564 2707 («In
587 2668 770 2699 hominum
794 2669 829 2699 et
851 2667 1009 2700 locorum

316 2715 607 2755 appellationibus
631 2718 728 2757 grato
752 2724 838 2748 sono
864 2719 897 2747 ct
914 2726 1011 2748 men-

316 2772 420 2796 surae
445 2765 606 2798 versibus
624 2765 912 2798 accommodatae
930 2766 1008 2807 plu-

1058 1194 1188 1224 rimum
1213 1193 1353 1226 dedisse
1379 1194 1600 1235 Propertium
1623 1196 1754 1236 patet.»

1059 1242 1252 1283 Hertzberg
1275 1244 1432 1284 Propert.
1458 1244 1484 1275 Ι.
1503 1252 1537 1284 p.
1558 1244 1631 1275 463.
1658 1244 1756 1275 Idem

1059 1300 1139 1323 cum
1171 1291 1379 1323 iamdudum
1410 1291 1592 1332 aliquoties
1624 1293 1756 1333 signifi-

1059 1349 1196 1372 cassem
1221 1342 1255 1372 in
1280 1341 1369 1373 fictis
1387 1342 1518 1373 Horatii
1539 1342 1754 1382 nominibus,

1058 1391 1211 1421 riserunt
1228 1399 1284 1422 me
1302 1391 1464 1423 homines
1481 1391 1635 1423 nonnulli
1651 1392 1757 1424 scho-

1058 1438 1187 1477 lastici,
1213 1439 1356 1471 auribus
1382 1440 1570 1480 carentes.)

1102 1488 1142 1519 45
1159 1505 1177 1510 -
1194 1488 1245 1519 48.
1294 1488 1341 1519 bis
1359 1489 1477 1528 patiar
1498 1489 1604 1530 mori]
1635 1490 1752 1530 Eurip.

1058 1537 1170 1568 Orest.
1191 1537 1298 1568 4446;
1336 1537 1410 1568 Καὶ
1435 1535 1514 1579 μὴν
1541 1535 1617 1569 τόδ’
1642 1534 1754 1583 Ξέρξας

1057 1584 1114 1625 δὶς
1154 1585 1284 1617 θανεῖν
1329 1582 1374 1618 οὐ
1414 1586 1592 1628 χάζομαι.
1655 1586 1752 1618 Plato

1057 1634 1154 1676 Apol.
1181 1636 1233 1667 30.
1265 1636 1323 1667 C.:
1357 1632 1434 1668 οὐδ’
1458 1637 1492 1668 εἰ
1512 1635 1637 1678 μέλλω
1663 1635 1756 1668 πολ-

1056 1683 1164 1724 λάκις
1198 1682 1387 1716 τεθνάναι.
1429 1703 1464 1708 --
1499 1685 1631 1726 prisca]
1661 1686 1751 1717 Raro

1058 1742 1122 1765 usu
1138 1742 1202 1774 pro
1215 1734 1369 1774 pristino,
1396 1743 1550 1775 quocum
1566 1743 1643 1766 voc.
1663 1734 1746 1766 illud

1058 1785 1247 1823 cognatum
1275 1785 1339 1815 est.
1390 1785 1531 1815 «Nonne
1559 1785 1667 1816 satius
1695 1784 1752 1822 sit,

1058 1834 1086 1864 si
1118 1833 1285 1873 pristinus
1319 1842 1418 1864 amor
1455 1834 1581 1865 redeat
1615 1841 1751 1873 nosque

1059 1890 1151 1913 nunc
1175 1881 1321 1913 discidio
1346 1882 1520 1914 diiunctos
1544 1891 1636 1914 nova
1668 1891 1755 1913 con-

1058 1931 1176 1962 cordia
1200 1930 1295 1962 velut
1318 1931 1519 1963 firmissimo
1544 1932 1624 1971 iugo
1649 1939 1756 1972 copu-

1057 1980 1155 2012 let‘2»
1173 1997 1208 2002 —
1234 1980 1409 2021 Diductos]
1434 1981 1600 2012 Deductos
1615 1981 1753 2012 etiamsi

1059 2029 1166 2061 habet
1194 2030 1312 2061 Codex
1338 2030 1520 2070 antiquiss.
1549 2030 1593 2069 B,
1634 2031 1754 2062 tamen

1058 2080 1130 2110 tam
1157 2087 1365 2119 perversam
1392 2078 1580 2110 lectionem
1600 2078 1753 2120 probare

1058 2136 1127 2159 non
1161 2127 1317 2159 debebat
1347 2127 1495 2160 Hauthal
1528 2128 1573 2159 ad
1604 2129 1700 2160 Pers.
1726 2128 1750 2159 Ι.

1056 2185 1133 2217 pag.
1155 2177 1227 2208 490.
1261 2195 1296 2200 -—
1334 2177 1576 2218 iuqo-aeizeo]
1607 2177 1657 2209 Cf.
1688 2176 1749 2209 Od.

1060 2227 1095 2264 4,
1121 2225 1180 2264 33,
1208 2227 1242 2257 44
1262 2235 1267 2256 z
1294 2226 1375 2266 iugJa
1398 2228 1514 2257 ae'nea.

1102 2275 1154 2306 49.
1191 2275 1368 2316 effutitur]
1404 2276 1540 2307 «oneris
1569 2276 1679 2308 instar
1708 2275 1751 2308 de

1058 2325 1176 2355 mente
1201 2333 1280 2356 mea
1303 2324 1460 2365 pellitur,
1495 2325 1584 2356 adeo
1615 2327 1654 2356 ut
1677 2325 1752 2357 eius

1057 2381 1202 2414 prorsus
1232 2373 1452 2406 obliviscar.»
1498 2375 1616 2414 Imago
1644 2375 1751 2415 petita

1057 2422 1196 2454 videtur
1231 2423 1274 2454 ah
1311 2432 1402 2464 equo
1432 2425 1613 2455 vectorem
1644 2432 1753 2455 excu-

1059 2472 1177 2511 tiente,
1205 2472 1409 2513 deiiciente,
1436 2482 1502 2505 nec
1527 2473 1570 2504 de
1595 2474 1674 2512 iugo
1690 2480 1751 2503 ac-

1059 2522 1277 2563 cipiendum:
1326 2523 1384 2562 qui
1427 2523 1522 2554 enim
1564 2530 1634 2553 uno
1672 2522 1750 2560 iugo

1060 2571 1165 2602 iuncti
1203 2573 1284 2602 sunt
1321 2572 1429 2610 tauri,
1477 2570 1626 2602 alterum
1664 2569 1751 2601 alter

1061 2621 1225 2652 excutere
1251 2620 1382 2660 nequit.
1424 2619 1531 2651 Aliter
1547 2620 1752 2659 interpreta-

1060 2672 1115 2701 tur
1138 2668 1313 2701 Bentleius
1337 2668 1381 2700 ad
1405 2668 1466 2700 Od.
1486 2668 1519 2707 3,
1547 2668 1603 2705 45,
1630 2667 1667 2698 9:
1696 2669 1748 2699 «Si

1061 2717 1166 2750 Chloe
1192 2727 1210 2749 e
1236 2717 1341 2749 domo
1367 2718 1517 2754 eiicitur;
1549 2717 1587 2747 ut
1609 2717 1746 2747 Terent.

1060 2767 1145 2799 Eun.
1164 2767 1201 2806 2,
1221 2766 1254 2807 3,
1282 2767 1339 2798 67:
1365 2767 1469 2798 Homo
1485 2766 1651 2806 quatietur
1666 2768 1751 2797 certe
