1997 3219
325 178 405 218 2³50
833 180 999 211 llORA'l'll
1026 180 1247 211 cummim

607 284 661 324 Te
693 297 841 324 rursus
873 282 914 322 iu
946 281 1103 324 bellum
1135 283 1364 325 resorbens
1714 282 1757 322 15

659 362 777 405 Unda
808 362 923 404 fretis
954 362 1044 403 tulit
1073 363 1296 404 aestuosis.

553 469 660 522 Ergo
692 466 920 522 obligatam
949 466 1082 509 redde
1114 467 1201 508 lovi
1233 467 1385 522 dapem

553 549 779 603 Longaque
810 548 970 589 sessum
1000 547 1146 588 militia
1175 546 1283 587 latus

602 629 780 684 Depone
812 627 891 669 sub
923 626 1046 677 lauru
1077 640 1173 668 mea
1204 640 1283 669 nec

660 709 793 751 Parce
823 707 941 750 cadis
974 706 1046 749 tibi
1078 706 1310 749 destinatis.
1711 708 1761 747 20

412 842 464 873 48.
491 839 635 874 Ultimus
660 840 762 871 huius
787 847 896 870 carm.
922 847 954 868 ν.
982 838 1016 868 in
1040 838 1075 868 B.

324 959 490 990 affectum
516 956 704 997 significat,
735 964 800 987 nec
825 954 1018 995 quidquam

325 1008 415 1039 inest
452 1007 592 1044 comici,
641 1007 680 1036 ut
722 1013 836 1045 nuper
874 1003 1019 1043 quidam

325 1058 486 1097 opinatus
518 1057 583 1087 est.
632 1055 738 1086 Recta
768 1055 927 1085 ceterum
954 1052 1020 1083 erit

324 1102 518 1143 ἀντίθεσις
565 1104 604 1135 Te
641 1103 823 1134 fortiorem
869 1103 936 1133 cet'.
980 1119 1016 1122 —

325 1156 407 1186 Post
430 1153 568 1185 cladem
592 1151 685 1184 illam
710 1151 892 1188 Horatius,
926 1150 1019 1182 Mes-

324 1203 418 1235 salae
454 1202 609 1239 Corvini,
648 1199 761 1232 Bibuli
799 1199 1018 1239 aliorumque

324 1251 526 1293 exemplum
550 1252 717 1288 imitatus,
744 1250 778 1281 in
802 1248 936 1280 Italiam
960 1257 1019 1279 re-

324 1303 396 1333 diit.
422 1301 504 1333 Aliis
529 1310 547 1331 a
568 1299 760 1331 victoribus
777 1299 934 1338 ignotum
951 1298 1016 1335 est;

325 1351 379 1382 alii
405 1351 519 1382 semet
542 1350 605 1390 ipsi
628 1348 854 1385 interfecere,
881 1347 954 1385 alii,
980 1348 1020 1377 ut

325 1400 513 1441 Pompeius
550 1400 681 1436 Varus,
727 1395 814 1428 τότε
851 1397 913 1428 ἐπὶ
949 1393 1018 1437 τὴν

324 1447 527 1481 θάλασσαν
572 1445 769 1489 διέφυγον,
815 1446 880 1477 καὶ
921 1441 1018 1487 μετὰ

325 1497 440 1531 τοῦτο
463 1494 513 1540 τῷ
531 1495 654 1539 Σέξτῳ
671 1495 917 1541 προσέθεντο.
954 1496 1017 1527 Dio

326 1551 423 1581 (lass.
452 1547 525 1579 Lib.
553 1546 605 1578 4-7.
633 1547 719 1577 extr.

371 1599 421 1629 15.
449 1598 500 1628 46,
534 1597 569 1627 in
592 1595 719 1636 bellum]
749 1596 852 1635 iunge
878 1596 911 1625 et
936 1601 1019 1625 cum

325 1658 356 1678 v,
384 1647 551 1678 resorbens
574 1646 609 1676 et
633 1653 715 1677 cum
736 1654 770 1676 v.
796 1644 880 1675 tulit.
903 1661 938 1665 -
962 1651 1019 1674 re-

324 1698 455 1729 sorbens
481 1695 583 1735 Unda]
616 1696 734 1734 Imago
759 1693 863 1724 ducta
887 1701 905 1723 a
930 1701 1019 1724 nau-

326 1747 438 1786 frago,
470 1745 546 1785 qui,
576 1752 656 1774 eum
688 1742 772 1774 inibi
797 1744 851 1773 est
873 1744 912 1772 ut
939 1740 1019 1772 litus

326 1796 486 1834 attingat,
506 1793 549 1824 ah
567 1792 682 1832 aliquo
698 1792 807 1823 fluctu
821 1791 1018 1823 decumano

326 1852 448 1876 rursus
462 1843 650 1882 corripitur
666 1843 773 1881 atque
789 1842 822 1872 in
840 1840 1019 1872 turbidum

326 1903 424 1926 mare
464 1892 630 1923 relicitur.
692 1891 859 1922 Miscetur
900 1891 1019 1921 autem

326 1941 370 1976 τὸ
393 1940 526 1987 κύριον
549 1942 583 1972 in
607 1941 724 1972 bellum
746 1949 827 1971 cum
844 1941 946 1980 tropo
962 1938 1018 1970 illo

328 1994 509 2033 (Tyrtaeus
541 1992 577 2027 9,
614 1991 671 2021 22:
712 1987 817 2030 κῦμα
845 1986 1018 2031 μάχης),

327 2044 359 2073 in
396 2050 466 2081 quo
502 2041 528 2071 si
563 2047 796 2080 perseverare
830 2037 1017 2078 voluisset,

329 2091 536 2131 usurpasset
558 2098 591 2121 v.
610 2088 750 2129 aliquod
774 2089 840 2120 alto
855 2089 944 2119 mari
959 2089 1021 2120 ho-

326 2148 546 2180 monymum.
569 2138 653 2170 Vell.
673 2139 708 2177 2,
728 2139 786 2169 72:
811 2138 861 2169 Ad
876 2138 910 2169 S.
928 2139 1021 2169 Pom-

322 2190 433 2229 peiam
463 2192 493 2219 ec
524 2197 540 2219 e
568 2188 740 2219 Brutianis
769 2187 888 2218 eastris
918 2190 948 2218 et
976 2195 1020 2218 esc

324 2239 423 2269 Italia
467 2238 605 2276 aliisque
641 2240 810 2268 terrarum
845 2236 1017 2275 partibus,

326 2297 405 2327 quos
423 2287 590 2327 praesenti
609 2286 758 2325 periculo
780 2286 917 2325 for-tana
942 2285 1018 2316 sub-

326 2338 489 2375 duxerat,
522 2335 701 2375 proscripti
732 2334 947 2375 confluebant.
980 2352 1015 2356 —

324 2386 417 2425 fretis
433 2384 598 2426 aestuosis]
617 2386 715 2415 sexto
733 2392 834 2421 casu,
861 2385 899 2414 ut
915 2383 1020 2421 Quin-

327 2435 374 2466 til.
394 2435 430 2473 6,
448 2435 484 2473 2,
504 2435 540 2466 6:
567 2437 658 2465 aesta
672 2434 789 2474 fertur.
824 2432 885 2464 Alii
902 2433 1018 2464 minus

327 2486 424 2516 recte
449 2493 534 2516 casu
558 2485 676 2522 tertio,
703 2484 741 2513 ut
764 2483 824 2514 sit:
853 2483 905 2513 «in
930 2482 1018 2513 freta

327 2536 536 2573 aestuosa»,
564 2533 659 2573 quod
683 2532 801 2565 locum
826 2541 892 2564 non
910 2532 1019 2564 habet

328 2585 472 2624 propter
495 2593 550 2614 vv.
577 2584 611 2614 ¹in
634 2582 760 2614 bellum.

371 2633 421 2663 1¹7.
459 2632 566 2673 Eryo]
599 2633 784 2672 «quoniam
816 2630 869 2662 dis
898 2632 1019 2671 patriis

330 2682 519 2713 redonatus
544 2690 616 2713 es.»
649 2700 683 2704 —
709 2680 903 2722 obligatam]
931 2682 1019 2711 «Sa—

1068 955 1160 991 visti,
1187 953 1360 993 obligatus
1385 954 1465 985 ideo
1489 955 1532 985 ad
1557 958 1679 986 votum
1695 956 1762 986 hoc

1067 1004 1285 1040 reddendum,
1312 1003 1537 1041 solvendum,
1569 1003 1674 1035 veluti
1699 1004 1763 1035 de—

1070 1052 1217 1083 bitum.»
1243 1052 1294 1084 Cn
1312 1054 1469 1093 Propert.
1485 1054 1517 1092 2,
1536 1053 1588 1091 49,
1609 1053 1665 1084 49:
1687 1054 1763 1084 red-

1069 1103 1144 1133 dere
1162 1102 1247 1141 pinu
1276 1102 1426 1141 Cornua,
1464 1111 1546 1134 cum
1574 1102 1763 1133 Hertzber-

1069 1152 1113 1191 gii
1149 1151 1285 1183 Comm.
1332 1170 1366 1173 —
1408 1151 1535 1191 dapem]
1573 1151 1616 1182 de
1652 1150 1763 1191 epulis

1069 1209 1146 1231 rem
1171 1200 1325 1232 divinam
1343 1200 1610 1241 excipientibus.
1647 1200 1763 1231 Livius

1068 1249 1289 1281 Andronicus
1313 1250 1347 1280 in
1371 1250 1486 1290 primo
1511 1248 1646 1281 Ulixeae
1669 1248 1763 1289 apud

1068 1299 1176 1330 Prisc.
1203 1299 1239 1337 7,
1266 1299 1304 1337 8,
1331 1298 1383 1331 44.
1410 1307 1444 1339 p.
1467 1298 1545 1330 31¹8:
1573 1299 1664 1338 Quae
1685 1299 1764 1329 haec

1068 1349 1150 1387 daps
1173 1351 1235 1385 est,
1261 1348 1318 1387 qui
1339 1349 1438 1388 festus
1461 1347 1551 1379 dies?
1585 1348 1700 1379 Livius
1726 1347 1761 1383 4,

1069 1398 1103 1428 7:
1130 1397 1251 1435 evenit,
1275 1414 1294 1419 —
1309 1414 1327 1418 -
1343 1400 1379 1427 ut
1400 1397 1527 1428 Pinarii
1550 1397 1635 1428 emtis
1659 1396 1764 1427 adesis

1068 1448 1112 1478 ad
1135 1450 1277 1478 ceteram
1298 1447 1445 1477 venirent
1469 1447 1597 1485 dapem.

1113 1496 1164 1527 ¹18.
1201 1496 1354 1536 Lonqa-
1371 1513 1389 1518 -
1404 1496 1535 1537 militia]
1562 1495 1764 1535 quindecim

1069 1545 1218 1577 fortasse
1243 1553 1432 1583 annorum,
1459 1545 1641 1577 ’ΠΟ-724,

1113 1595 1165 1626 49.
1222 1594 1373 1635 Depone]
1411 1595 1624 1634 «resupina,
1661 1593 1765 1625 recli-

1069 1653 1148 1675 na.»
1174 1644 1294 1675 SCHOL.
1325 1661 1360 1665 —
1387 1644 1488 1674 laura
1509 1643 1598 1684 mea]
1633 1643 1762 1681 Quodsi

1070 1694 1137 1725 hoc
1163 1702 1307 1725 carmen
1339 1702 1378 1724 re
1402 1702 1486 1724 vera
1515 1693 1686 1732 scriptum
1712 1694 1765 1723 est

1070 1743 1209 1774 circiter
1238 1751 1269 1773 a.
1296 1741 1385 1780 7242,
1418 1743 1487 1773 iam
1516 1742 1629 1782 potuit
1657 1742 1764 1781 signi-

1070 1792 1176 1824 ficare
1194 1791 1361 1822 Sabinum
1378 1800 1493 1822 suurn.
1524 1790 1592 1822 Sed
1607 1791 1658 1822 sic
1675 1798 1765 1830 quo-

1069 1850 1138 1882 que
1163 1840 1265 1872 simul
1286 1840 1425 1871 videtur
1441 1838 1643 1879 symbolum
1659 1838 1764 1871 studii

1068 1890 1214 1932 poetici,
1241 1890 1297 1920 cui
1320 1890 1390 1919 iam
1414 1889 1517 1920 unice
1532 1897 1660 1919 vacare
1679 1896 1764 1919 con-

1070 1940 1230 1971 stituerat
1244 1938 1417 1976 Horatius,
1436 1937 1601 1977 idemque
1615 1938 1653 1967 ut
1669 1938 1763 1968 iuvet

1070 1989 1224 2021 amicum
1257 1988 1412 2019 suaviter
1442 1988 1550 2027 optat.
1610 1987 1659 2017 De
1694 1995 1761 2017 una

1069 2039 1170 2071 lauru
1194 2039 1229 2069 in
1253 2036 1418 2078 impluvio
1444 2038 1519 2068 sata
1542 2035 1649 2067 nolim
1674 2036 1766 2075 cogi—

1071 2090 1163 2125 tare;
1199 2088 1315 2127 imago
1347 2086 1533 2126 desumpta
1565 2085 1681 2126 potius
1711 2085 1765 2116 est

1069 2147 1089 2170 a
1111 2137 1288 2169 viridario.
1338 2136 1476 2176 (Miram
1507 2135 1699 2180 εἰρωνείαν
1731 2134 1764 2164 in

1069 2188 1122 2219 his
1167 2195 1224 2217 vv.
1265 2185 1432 2217 odoratus
1471 2186 1527 2216 est
1565 2182 1761 2224 Gargallus,

1069 2237 1170 2277 quasi
1227 2235 1349 2267 festive
1408 2235 1542 2266 iocatus
1603 2233 1764 2265 Horatius

1069 2286 1211 2318 dixerit:
1247 2284 1544 2324 «Requiescamus
1569 2291 1632 2314 nos
1657 2282 1762 2314 ambo

1068 2335 1211 2375 fugitivi,
1230 2333 1335 2365 ambo
1352 2333 1481 2364 devicti
1498 2331 1673 2372 Philippis,
1696 2331 1762 2362 sub

1067 2384 1232 2422 victrice,
1251 2384 1279 2414 si
1297 2383 1362 2414 diis
1378 2381 1513 2423 placet,
1532 2390 1611 2413 mea
1628 2380 1761 2412 lauru.»

1111 2434 1163 2465 24.
1184 2432 1355 2473 Oblivioso]
1371 2430 1665 2463 «sollicitudinum
1679 2429 1764 2460 ohli-

1068 2483 1208 2514 vionem
1233 2481 1438 2513 afferente.»
1477 2479 1627 2512 Alcaeus
1650 2479 1761 2518 Bergk

1069 2540 1103 2572 p.
1131 2532 1212 2563 581:
1251 2528 1364 2562 Οἶνον
1398 2527 1470 2575 γὰρ
1501 2527 1667 2570 Σεμέλας
1698 2528 1760 2560 καὶ

1069 2578 1160 2620 Διὸς
1177 2576 1259 2620 υἷος
1275 2578 1481 2612 λαθικαδέα
1492 2574 1761 2622 Ἄνθρώποισιν

1068 2626 1186 2662 3ἔδωκ’·
1216 2626 1323 2672 ἔγχεε
1346 2630 1490 2674 κίρναις
1514 2623 1580 2658 ἕνα
1602 2628 1667 2658 καὶ.
1693 2625 1762 2658 δύο

1069 2679 1225 2719 Πλείαις
1247 2689 1321 2711 κακ
1344 2676 1534 2718 κεφάλας,
1560 2672 1584 2707 ἁ
1608 2672 1638 2707 δ’
1656 2676 1763 2721 ἑτέρα

329 2740 428 2762 vrum
464 2730 516 2761 sac
549 2740 629 2762 cuin
662 2730 790 2771 epulis,
829 2729 922 2769 quod
956 2738 1019 2759 το-
1071 2726 1139 2760 τὰν
1162 2729 1292 2773 ἑτέραν
1321 2726 1427 2768 κύλιξ
1447 2724 1610 2767 Ὠθὴτω·
1641 2744 1674 2747 ——
1702 2735 1762 2757 ea-
