1997 3219
685 161 761 192 ΗΒ.
784 162 839 192 Ill.

889 162 926 193 c.
953 162 1006 193 ιιι.
1484 163 1564 202 353

353 263 550 305 Mercede
583 271 704 319 pacta
736 263 996 308 Laomedon,
1032 264 1131 306 mihi

415 344 653 400 Castaeque
685 344 928 386 damnatum
962 345 1173 387 Minervae

467 424 570 466 Cum
602 424 760 480 populo
791 432 832 466 et.
862 424 971 466 duce
1003 425 1282 468 fraudulento.

355 529 439 568 lam
471 541 549 570 nec
581 529 800 571 Lacaenae
833 528 1029 585 splendet
1059 528 1277 571 adulterae

357 609 561 650 Famosus
594 608 750 665 hospes
782 622 861 651 nec
893 609 1045 651 Priami
1077 609 1230 651 domus

413 689 588 730 Periura
619 701 836 745 pugnaces
867 688 1049 731 Achivos

468 769 689 811 Hectoreis
721 767 874 824 opibus
906 768 1113 824 refringit,

224 888 274 919 023.
303 888 494 919 damnatam
520 886 672 919 malebat
696 886 806 919 Bentl.
837 905 872 910 —-
898 887 950 918 ⁶27.
976 887 1095 918 Potum
1119 888 1155 918 T.

131 992 242 1023 CLXX
262 1010 296 1014 -
317 992 485 1024 CLXXVI.
505 1017 510 1029 ‚
562 992 693 1023 Paridis
738 992 825 1023 iudi-

130 1041 221 1072 cium
247 1041 279 1072 in
304 1039 501 1081 anaglypho
526 1040 619 1081 apud
635 1041 824 1081 Inghirami

130 1090 204 1121 Gal.
232 1091 301 1120 Om.
330 1090 353 1120 l.
380 1090 416 1120 Τ.
443 1089 474 1120 9.

173 1138 311 1170 21—23.
338 1139 373 1169 ln
386 1138 566 1179 pulverem]
585 1138 678 1170 Iliad.
697 1149 722 1176 ι,
741 1137 822 1170 393:

129 1185 239 1219 πόλιν
277 1185 316 1219 δέ
355 1196 393 1218 τε
432 1187 505 1231 πῦρ
543 1183 745 1229 ἀμαθύνει.
786 1205 821 1209 —

127 1246 171 1268 ea:
191 1236 265 1277 quo]
294 1237 407 1277 Haupt
430 1236 500 1268 volt
525 1246 567 1268 ex
591 1246 676 1276 qna-3
703 1246 745 1267 ex
761 1244 824 1274 quo

128 1286 321 1326 significat:
365 1286 454 1316 «iam
486 1285 566 1317 inde
600 1295 641 1317 ex
666 1294 708 1317 eo
733 1288 824 1316 tem-

129 1343 234 1376 pore.
289 1343 358 1374 quo
393 1335 546 1374 primum
582 1334 676 1365 fraus
713 1333 766 1365 illa
805 1343 823 1364 a

131 1383 369 1415 Laomedonte
395 1383 585 1414 commissa
610 1385 682 1421 est,
709 1383 823 1422 gravis

129 1432 211 1464 ultio
235 1433 357 1464 Troiae
390 1432 613 1470 imminebat,
652 1440 742 1472 quae
768 1441 825 1463 ca-

128 1482 263 1514 lamitas
289 1481 431 1512 tandem
460 1483 540 1521 post
572 1480 729 1512 ultimam
758 1482 825 1513 Pa-

128 1531 211 1562 ridis
246 1530 385 1571 culpam
423 1538 501 1561 eam
534 1530 687 1561 afflixit.»
734 1531 824 1562 Lao—

130 1580 258 1611 medon
284 1578 418 1611 scilicet
441 1580 642 1619 Neptunum
668 1581 703 1610 et
723 1578 826 1620 Apol-

128 1628 252 1666 linem,
302 1630 360 1668 qui
396 1627 493 1659 urbis
528 1629 667 1660 moenia
704 1629 734 1660 ei
763 1637 825 1659 ex-

128 1679 349 1714 struxerant,
388 1676 507 1707 debita
539 1677 706 1709 mercede
734 1676 827 1708 frau-

129 1727 221 1758 davit
247 1735 378 1766 eosque
405 1735 513 1766 regno
538 1726 678 1767 expulit.
727 1725 822 1758 Iliad.

127 1787 157 1816 φ
173 1801 180 1813 ,
199 1775 272 1808 442.
300 1775 394 1808 Pind.
415 1775 464 1806 Ol.
484 1776 522 1813 8,
542 1775 594 1806 31.
622 1775 720 1807 Ovid.
739 1777 822 1807 Met.

133 1827 180 1863 tt,
209 1825 281 1856 199.
312 1841 347 1847 —-
373 1824 531 1864 destituit]
559 1824 666 1856 Nobis
683 1825 825 1866 proprie

129 1877 245 1906 esset:
288 1884 369 1905 «von
393 1875 463 1905 dem
489 1874 696 1914 bedunyenen
719 1874 826 1905 Lohwne

128 1923 391 1963 hinweystellte.»
419 1924 456 1955 L't
470 1923 537 1960 hic,
558 1924 628 1954 Cic.
643 1932 707 1963 pro
721 1924 822 1954 Rosc.

128 1975 204 2004 Am.
231 1971 294 2004 40:
334 1972 476 2003 homines
508 1973 746 2003 honestissimos
766 1990 784 1994 —
807 1989 826 1994 —

129 2022 273 2060 decepit,
299 2021 453 2052 destituit.
476 2039 511 2043 -
546 2021 742 2061 [ustaeque]
760 2021 825 2052 Mi-

130 2079 237 2102 nerx‘a
260 2078 403 2110 semper
428 2071 565 2109 imzupta
593 2070 687 2109 (Aen.
710 2071 738 2108 2,
757 2069 823 2108 34.)

129 2122 379 2160 praeterquam
406 2120 438 2150 in
459 2119 595 2151 arcanis
611 2118 824 2160 quibusdam

128 2167 286 2210 μύθοις,
325 2171 359 2200 ut
396 2169 428 2199 in
465 2168 520 2200 illo
553 2168 596 2200 de
630 2166 714 2213 ἱερῷ
748 2169 823 2199 eius

129 2215 238 2260 γάμῳ
275 2227 354 2249 cum
381 2217 543 2249 Hercule.
575 2217 732 2249 ‹ierhard
759 2218 824 2248 Γα-

128 2277 267 2308 serigent.
294 2268 329 2298 T.
355 2267 407 2298 36.
434 2276 468 2308 p.
489 2266 562 2299 442.

174 2316 224 2348 Ξῖ.
257 2318 337 2347 duee
358 2315 587 2356 fraudulento]
614 2315 724 2347 Nolim
742 2324 823 2347 cum

129 2365 203 2397 aliis
228 2365 402 2406 explicare
427 2365 470 2395 de
489 2366 637 2402 Priamo,
663 2373 746 2405 rege
771 2365 825 2396 in-

130 2417 230 2446 sonte
248 2425 254 2451 ,
283 2416 324 2446 ita
345 2415 438 2446 enim
457 2415 541 2445 luno
560 2414 664 2445 nimia
682 2415 824 2445 iracun-

128 2464 184 2495 dia
208 2466 313 2504 atque
339 2464 418 2494 odio
443 2463 588 2504 abrepta
614 2464 821 2503 tingeretur3

128 2513 192 2545 sed
230 2522 294 2554 per
339 2512 516 2553 quandam
564 2511 823 2557 βραχυλογίαν

128 2562 260 2594 dictum
286 2564 368 2603 puto
406 2571 468 2603 pro
505 2563 580 2593 his:
620 2561 722 2593 nilion
758 2561 822 2592 da-

129 2614 287 2643 mnatum
312 2615 440 2644 cuncto
464 2621 546 2643 cum
571 2610 716 2652 populo,
744 2611 821 2643 ideo

129 2660 222 2701 quod
248 2661 317 2692 dux
354 2662 448 2698 eius,
492 2661 713 2698 Laomedon,
751 2663 819 2692 tam

130 2709 370 2741 fraudulentus
406 2710 484 2746 suit,
523 2710 554 2741 in
581 2719 685 2750 quem
712 2718 819 2741 unum

243 2771 351 2798 nonu
388 2778 456 2798 vni..
483 2770 489 2797 Ι
541 2778 588 2799 ιῑυ,
616 2777 714 2798 minu
739 2769 771 2797 ΙΙΙ

874 991 997 1023 recidit
1021 992 1145 1024 excidii
1163 993 1331 1024 Troianae
1348 992 1446 1025 urbis
1468 993 1569 1034 culpa

875 1041 988 1072 omnis
1012 1043 1118 1082 atque
1151 1042 1372 1082 ignominia.»
1419 1043 1468 1073 Ita
1499 1043 1571 1075 sere

875 1089 943 1121 iam
968 1089 1172 1122 Lambinus.

917 1139 970 1170 ⁶25.
996 1139 1178 1181 Lacaenae]
1205 1138 1466 1180 Simplicissima
1486 1141 1572 1172 ratio

875 1189 945 1225 est,
972 1190 1009 1218 ut
1033 1190 1302 1220 construamus:
1337 1189 1450 1228 hospes
1473 1190 1571 1221 adul-

873 1240 963 1268 terae
985 1237 1158 1268 Lacaenae
1184 1237 1312 1277 (genit.)
1327 1263 1334 1274 ‚
1371 1247 1441 1269 non
1464 1247 1569 1270 vero:

873 1285 1014 1324 splendet
1030 1286 1200 1317 adulterae
1225 1286 1366 1326 (dativ.),
1394 1287 1490 1327 quod
1508 1297 1570 1319 ex-

873 1333 1025 1375 plicant,
1075 1336 1201 1367 «iactat
1235 1344 1273 1367 se
1309 1335 1496 1376 pulchrum
1532 1346 1574 1368 ac

874 1383 1021 1414 nitidum
1039 1383 1191 1416 Helenae
1208 1394 1237 1422 3»
1252 1384 1318 1422 ,vel
1334 1395 1340 1415 :
1368 1385 1573 1418 «adulterae

874 1434 1020 1473 propter
1055 1434 1213 1474 corporis
1247 1433 1397 1466 formam
1422 1434 1572 1475 placet.»

875 1481 1044 1521 Splendet,
1098 1484 1135 1513 ut
1172 1491 1236 1514 nos
1275 1483 1571 1524 interpretamur,

875 1529 1034 1562 absolute
1071 1533 1145 1563 est:
1188 1540 1277 1563 «non
1313 1533 1382 1564 iam
1414 1533 1574 1574 superbit

876 1580 1032 1621 corporis
1058 1580 1169 1612 forma
1194 1582 1323 1613 Paris.»
1380 1581 1574 1627 Τραγικώ-

874 1638 989 1660 τατον
1023 1631 1142 1660 autem
1177 1630 1220 1661 de
1262 1630 1393 1663 Paridis
1433 1633 1574 1664 interitu

874 1676 1002 1720 μῦθον
1015 1679 1064 1710 sic
1079 1681 1218 1710 enarrat
1231 1678 1395 1711 Welcker
1404 1690 1456 1721 qr.
1474 1681 1571 1722 ΤΙ-ας.

876 1726 994 1768 Suppl.
1032 1728 1072 1758 ΙΙ.
1111 1729 1164 1759 ΙΙΙ.
1202 1737 1236 1768 p.
1276 1728 1380 1760 ⁴⁴46:
1426 1731 1520 1761 Paris
1555 1739 1574 1761 a

876 1776 1066 1808 Philocteta
1101 1777 1277 1809 sauciatus
1307 1777 1351 1809 ad
1383 1778 1572 1819 Oenonen,

876 1834 984 1866 quam
1007 1827 1105 1866 prius
1129 1828 1310 1858 amaverat
1333 1836 1496 1869 quaeque
1532 1838 1575 1861 ex

876 1876 1026 1907 fatorum
1057 1875 1202 1908 decreto
1239 1875 1311 1907 sola
1342 1886 1423 1909 eum
1448 1886 1574 1910 sanare

875 1926 1032 1965 poterat,
1068 1925 1242 1965 confugit,
1277 1925 1339 1956 sed
1375 1926 1420 1958 ab
1446 1935 1487 1958 ea
1512 1936 1574 1959 su-

875 1973 986 2014 perbe
1026 1974 1179 2005 reiectus
1219 1975 1388 2013 moritum
1443 1976 1572 2009 deinde

876 2021 953 2060 illa,
990 2022 1204 2062 poenitentia
1243 2025 1355 2061 tacta,
1396 2024 1462 2055 sibi
1496 2026 1571 2066 ipsa

876 2073 1027 2102 mortem
1053 2071 1250 2102 consciscit.
1311 2072 1380 2103 Csr.
1406 2074 1569 2106 Parthen.

876 2121 973 2151 Narr.
1001 2119 1032 2151 4.
1061 2120 1206 2158 Quintus
1231 2122 1301 2151 Sm.
1330 2121 1388 2159 40,
1414 2122 1489 2153 235.

917 2168 970 2200 ⁶28.
997 2168 1168 2209 refringit]
1194 2178 1246 2209 pr.
1274 2169 1338 2199 «ita
1367 2169 1508 2210 frangit,
1535 2174 1573 2204 ut

874 2217 1002 2249 fractus
1027 2226 1206 2257 nunquam
1231 2226 1269 2249 se
1295 2217 1431 2258 colligat
1454 2228 1495 2250 ac
1511 2229 1571 2251 re-

874 2267 1014 2306 surgat3
1042 2267 1214 2307 reprimit,
1241 2266 1428 2298 retundit.»
1465 2270 1567 2310 Prop.

873 2316 908 2354 3,
935 2316 974 2354 3,
1000 2315 1064 2348 44:
1106 2316 1296 2347 Teutonicas
1320 2317 1423 2347 Roma
1447 2318 1570 2357 refrin-

871 2369 929 2405 yal
952 2374 1036 2405 opes.
1085 2366 1238 2405 Utroque
1263 2367 1381 2396 autem
1406 2366 1568 2398 membro

873 2414 994 2446 Troiae
1012 2415 1186 2447 excidium
1200 2412 1436 2460 παρατρράζει
1448 2410 1566 2456 p'o‘eta,

873 2462 1011 2495 duobus
1019 2464 1246 2495 Troianorum
1260 2464 1474 2505 principibus
1488 2474 1501 2495 x
1511 2466 1568 2497 iris

873 2513 923 2543 sic
958 2514 1183 2545 memoratis:
1232 2514 1463 2545 «oeciderunt
1499 2515 1567 2546 iam

874 2560 1048 2594 formosus
1081 2561 1134 2593 ille
1159 2563 1273 2600 Paris,
1315 2562 1395 2594 belli
1419 2564 1562 2601 auctor,

873 2610 1081 2643 fortissimus
1097 2612 1234 2649 Hector,
1255 2614 1418 2643 strenuus
1431 2613 1564 2652 patriae

872 2659 1055 2697 defensor3
1087 2663 1190 2701 atque
1217 2661 1268 2691 his
1293 2670 1311 2691 e
1338 2660 1454 2692 medio
1478 2660 1565 2692 sub-

871 2708 946 2742 latis
971 2710 1096 2741 cecidit
1119 2711 1254 2742 Troia.»

1305 2772 1336 2798 213
