1997 3219
315 110 395 152 616

824 113 993 144 HORATH
1020 113 1241 146 CARMINUM

536 217 712 258 Exercet
742 217 917 265 Auster,
950 215 1169 258 Pleiadum
1200 215 1330 259 choro

534 295 761 338 Scindente
792 295 950 345 nubes,
986 295 1164 353 impiger
1192 296 1374 339 hostium

590 378 750 418 Vexare
782 382 941 418 turmas
973 383 1013 418 et
1044 377 1290 420 frementem

647 457 808 499 Mittere
839 460 998 514 eqi'mm
1030 457 1193 499 medios
1225 470 1302 513 per
1332 457 1462 513 ignes.

534 563 603 605 Sic
634 562 888 606 tauriformis
920 561 1101 604 volvitur
1130 560 1328 605 Aufidus.
1697 564 1750 605 ⁶25

540 644 620 695 Qui
652 657 783 700 regna
812 643 950 685 Dauni
980 641 1178 699 praefluit
1208 643 1353 699 Apuli,

592 725 698 769 Cum
728 724 862 767 saevit
891 723 1236 780 horrendamque
1267 723 1388 766 cultis

395 844 448 876 24.
473 852 534 883 per
556 852 644 875 enses
667 842 821 875 malebat
844 841 1032 875 Bentleius.
1071 860 1108 865 —
1149 843 1201 874 26,
1229 843 1302 883 Qua
1332 842 1507 875 Bentleius
1550 845 1638 875 coni.
1669 862 1702 866 —

349 895 483 935 perfluit
503 896 540 927 L.
568 895 618 935 (Ut
641 903 719 935 nos,
745 893 891 933 bSTcd.)

313 1008 383 1030 non
408 1001 568 1032 amantes
600 999 834 1041 hyperbolas,
871 1000 920 1032 sio
955 998 1007 1032 lo—

313 1050 477 1088 quuntur.
510 1050 582 1080 Liv.
608 1050 645 1087 ⁶2,
671 1049 730 1080 23:
770 1049 878 1080 Turba
901 1057 1008 1088 prope

312 1098 346 1129 in
363 1099 523 1129 contionis
536 1099 671 1129 modum
685 1099 898 1138 circmnfusa.
923 1099 1009 1130 Hor-

313 1156 381 1179 MAN
410 1150 617 1179 PEERLKAMP.
658 1149 753 1180 Inest
779 1149 854 1180 veri
878 1148 1008 1188 aliquid

315 1199 349 1229 in
373 1198 439 1229 hac
463 1198 752 1238 reprehensione.
795 1198 863 1230 Cfr.
889 1200 1009 1229 tamen

314 1247 384 1278 Sat.
411 1247 448 1285 2,
485 1247 523 1285 3,
559 1247 640 1278 ⁶268:
678 1247 876 1287 tempestatis
904 1255 1009 1286 prope

309 1296 388 1327 ritu.
413 1295 584 1327 Videlicet
603 1305 708 1336 prope
731 1298 769 1328 ut
793 1297 1007 1328 Graecorum

312 1342 450 1383 σχεδὸν
474 1346 508 1377 in
532 1344 658 1378 talibus
683 1346 855 1386 significat
881 1345 1007 1377 crebro

312 1394 348 1425 id
372 1394 463 1433 fieri,
502 1403 571 1435 quo
597 1395 640 1426 de
671 1396 800 1435 agitur;
838 1396 872 1426 in
902 1403 1008 1436 prosa

311 1444 484 1475 oratione:
513 1443 645 1484 «qualis
668 1444 782 1476 undas
806 1443 896 1476 solet
919 1445 1010 1475 exci—

310 1494 385 1524 tare
409 1494 570 1525 Auster.»

355 1543 390 1573 024
413 1542 501 1574 -624,
540 1543 728 1584 Pleiadum]
765 1538 1008 1585 Ἀτλαγενέων

313 1591 454 1623 Hesiod.
480 1587 536 1622 3Έ.
556 1602 590 1622 κ.
606 1588 658 1622 Ἡ.
678 1591 752 1624 381.
772 1591 813 1622 αἳ
827 1591 1007 1632 (Pleiades)

313 1638 359 1682 δή
384 1650 443 1672 τοι
466 1640 600 1686 θέρεος
622 1641 688 1672 καὶ
704 1642 887 1681 χείματος
903 1637 1011 1683 ἄγγε-

313 1689 373 1721 λοι
391 1691 498 1725 εἰσίν,
539 1691 657 1722 Moero
679 1691 772 1730 apud
798 1691 921 1722 Athen.
953 1691 1005 1722 11.

312 1749 334 1780 p
359 1749 390 1779 g.
417 1739 513 1777 iet,
561 1740 679 1771 Latine
713 1740 873 1780 Verqiliae
912 1739 1005 1778 (Gell.

315 1789 366 1828 13,
387 1789 430 1828 9.)
445 1799 451 1820 :
480 1790 570 1828 Quae
585 1791 704 1828 septem
721 1789 801 1827 diei,
827 1798 885 1820 ser
901 1792 1009 1820 lamen

314 1847 379 1869 esse
402 1839 520 1872 solent,
548 1838 645 1869 Ovid.
672 1840 761 1870 Fast.
781 1838 819 1876 4,
848 1840 919 1870 170.
956 1838 1005 1870 Id.

313 1888 413 1919 Trist.
433 1888 446 1918 1
465 1913 470 1925 ,
499 1888 555 1926 11,
584 1887 641 1919 44:
668 1887 772 1927 Saepe
794 1889 914 1918 minax
936 1888 1009 1919 Ste-

313 1946 407 1976 ropes
437 1936 606 1976 <Pleiadis)
641 1937 745 1968 sidere
772 1940 894 1977 pontus
922 1941 1007 1969 erat.

315 1987 470 2027 propert.
498 1986 533 2024 3,
559 1987 597 2024 5,
625 1986 683 2017 36:
717 1987 886 2018 Pleiadum
909 1988 1009 2026 spisso

313 2044 374 2066 cur
385 2036 449 2066 coit
463 2035 565 2067 imbre
580 2036 708 2066 chorus.
729 2036 852 2076 Hygin.
867 2037 1006 2068 Astron.

314 2086 351 2123 2,
378 2085 413 2115 Ἥ
432 2095 437 2115 :
466 2085 608 2116 Chorion
631 2085 748 2116 ducere
770 2085 916 2116 Pleiades
940 2087 1010 2117 exi-

315 2134 493 2165 sumantur
515 2134 623 2165 stellis.
652 2134 819 2171 «Quando
837 2133 1007 2174 Vergiliae

318 2182 372 2214 vel
405 2183 603 2214 eaeorizmtur
632 2190 674 2213 Π.
701 2183 747 2213 Icl.
775 2183 923 2223 Octobr„
949 2184 1009 2215 ubi

317 2233 480 2263 Favonius
513 2235 542 2263 et
575 2232 740 2263 interdum
773 2233 903 2272 Africus
936 2242 1011 2264 cum

312 2281 431 2320 pluvia
456 2280 602 2321 (Colum.
623 2282 683 2319 11,
708 2281 745 2320 2,
772 2281 852 2322 742),
878 2282 932 2314 vel
956 2292 1010 2314 ce—

316 2331 430 2361 lantm-
455 2339 524 2361 rm.
558 2331 604 2361 Id.
635 2329 762 2369 April„
799 2331 831 2361 in
857 2340 1010 2372 sequens

317 2379 471 2410 triduum
486 2379 598 2410 Auso-t
622 2382 651 2410 et
665 2379 767 2419 Africi
792 2383 1011 2419 tempestatem

317 2429 547 2469 siqnificanles
582 2428 640 2468 (ld.
668 2428 751 2459 ibid.
779 2428 809 2468 ἓ.
836 2429 922 2469 34..)»
952 2431 1012 2462 Est

318 2478 440 2517 igitur:
484 2477 693 2509 «Pleiadum
734 2479 842 2509 choro
881 2479 1011 2511 imbres

319 2527 520 2558 effundente
545 2537 563 2558 e
589 2527 741 2559 nubibus
757 2536 775 2557 a
792 2530 897 2559 vento
922 2530 1012 2561 scis-

319 2577 383 2613 sis,
410 2577 561 2617 ruplis,»
587 2577 660 2608 sive
689 2578 725 2608 ut
750 2576 863 2608 Schol.
896 2587 1012 2610 «vcn—

321 2627 354 2655 to
385 2626 624 2665 tempestuoso
649 2627 795 2657 sac-iente
823 2626 1010 2667 pluviam.»

324 2675 412 2713 Virg.
441 2676 524 2707 Aen.
559 2676 610 2712 11,
638 2675 718 2707 518ῑ
747 2679 857 2708 lanius
870 2677 1013 2708 sonabi-

1058 999 1117 1030 bus
1149 999 1252 1030 imber
1286 1000 1449 1038 Ruperat,
1490 999 1543 1031 his
1582 999 1748 1032 discissis.

1057 1048 1120 1081 Alii
1144 1047 1333 1089 explicant:
1372 1049 1540 1088 «quando
1572 1048 1686 1081 clarae
1710 1059 1751 1081 ac

1058 1098 1264 1130 manifestae
1307 1099 1342 1129 in
1380 1098 1468 1130 sudo
1507 1098 1604 1130 caelo
1642 1108 1752 1140 appa-

1059 1149 1154 1186 rent3
1168 1160 1183 1176 »
1208 1149 1454 1179 verumtamen
1478 1149 1623 1189 propter
1638 1149 1751 1189 ipsam

1059 1198 1329 1239 comparationis
1351 1198 1424 1229 vim
1447 1199 1563 1239 potius
1587 1199 1751 1230 horridae

1058 1248 1289 1288 tempestates
1334 1247 1520 1287 significari
1564 1247 1750 1286 videntur,

1059 1305 1165 1336 quam
1199 1305 1347 1328 serenus
1385 1295 1616 1336 Vergiliarum
1648 1305 1754 1337 aspe-

1060 1347 1147 1377 ctus.
1176 1364 1212 1368 —
1238 1346 1412 1386 irnpiyer-
1431 1346 1569 1388 Veoeare]
1597 1354 1701 1377 «acer
1719 1347 1755 1377 et

1059 1395 1223 1427 strenuus
1257 1396 1292 1426 in
1326 1395 1487 1427 hostibus
1519 1395 1684 1435 urgendis
1713 1403 1754 1426 ac

1059 1444 1349 1485 persequendis.»
1381 1444 1442 1476 Od.
1469 1445 1504 1483 3,
1532 1445 1567 1483 2,
1594 1444 1632 1475 3:
1668 1446 1754 1476 Par-

1059 1495 1128 1525 thos
1159 1495 1282 1534 feroces
1316 1495 1414 1525 Vexet
1444 1503 1539 1533 eques
1564 1494 1755 1526 metuendus

1058 1544 1164 1574 hasta.
1186 1562 1222 1565 —
1240 1544 1362 1575 medios
1378 1552 1441 1582 per
1456 1543 1556 1584 iques]
1582 1552 1666 1584 «per
1681 1552 1754 1574 me-

1060 1593 1155 1624 dium
1181 1592 1374 1631 fervorem,
1408 1592 1589 1630 ardorem,
1622 1592 1754 1624 tumul-—

1059 1642 1134 1672 tum
1157 1640 1325 1681 proelii3»
1355 1649 1442 1682 «qua
1461 1650 1576 1682 pugna
1602 1643 1655 1673 est
1683 1640 1754 1672 ser-

1059 1691 1282 1729 ventissima,
1326 1691 1494 1723 audacter
1527 1699 1659 1731 equum
1690 1699 1754 1731 per

1058 1740 1212 1771 hostium
1237 1740 1395 1771 catervas
1419 1740 1597 1771 immisit.»
1622 1741 1671 1771 De
1690 1748 1754 1770 no-

1060 1789 1189 1820 cturnis
1215 1788 1442 1820 excubiarum
1468 1788 1605 1828 ignibus
1637 1789 1754 1820 minus

1060 1838 1218 1879 apposite
1243 1837 1298 1868 alii
1322 1838 1608 1878 interpretantur.
1646 1839 1751 1869 Recte

1060 1886 1246 1927 explicavit
1261 1886 1361 1918 Silius
1376 1886 1434 1926 14,
1455 1888 1534 1918 175ῑ
1556 1896 1618 1927 per
1632 1887 1755 1918 medios

1059 1938 1150 1977 ignes
1164 1937 1348 1975 mediosque
1359 1945 1422 1975 per
1437 1944 1542 1975 οπεος,
1569 1938 1604 1967 et
1620 1936 1672 1974 15,
1691 1935 1726 1968 41
1745 1945 1750 1966 ;

1058 1988 1120 2018 Per
1148 1986 1273 2017 medias
1294 1986 1433 2017 volitare
1456 1986 1542 2017 acies
1569 1986 1755 2024 mediosque

1056 2044 1118 2075 per
1151 2036 1251 2076 tanes.
1292 2035 1390 2066 Ovid.
1425 2036 1503 2067 Met.
1531 2035 1567 2073 8,
1605 2034 1666 2065 76:
1706 2035 1755 2066 ire

1055 2095 1118 2126 per
1151 2085 1258 2125 ignes,
1298 2085 1358 2116 Per
1395 2084 1522 2124 yladios
1557 2084 1675 2114 ausim.
1717 2101 1751 2105 —

1060 2134 1243 2167 Artissima
1268 2135 1385 2164 autem
1410 2135 1463 2164 est
1487 2133 1684 2164 coniunctio
1701 2133 1754 2163 in-

1062 2186 1115 2216 ter
1138 2182 1317 2223 rapidam,
1344 2184 1381 2214 ut
1405 2183 1448 2214 ita
1475 2182 1608 2220 dicam,
1639 2182 1754 2213 Austri

1061 2234 1251 2273 imaginem
1275 2234 1309 2263 et
1333 2240 1390 2270 ea,
1423 2240 1512 2272 quae
1538 2231 1755 2272 praecedunt

1062 2291 1224 2324 quaeque
1245 2282 1457 2322 sequuntur:
1486 2280 1618 2320 «qualis
1642 2280 1754 2312 undas

1062 2333 1280 2364 incessanter
1303 2331 1408 2370 agitat
1431 2332 1573 2368 Auster,
1608 2330 1755 2371 impiger

1064 2383 1184 2413 hostes
1208 2381 1347 2412 vexavit
1372 2381 1480 2418 Nero,
1507 2389 1576 2420 quo
1601 2380 1677 2420 ipso
1694 2380 1755 2410 im-

1062 2431 1144 2471 petu
1170 2431 1276 2461 ruinis
1301 2438 1363 2461 eos
1389 2429 1571 2469 fatigavit.»

1106 2480 1222 2511 25-028.
1249 2479 1466 2519 tauriformis]
1493 2479 1648 2516 taurino,
1675 2485 1754 2509 cor—

1064 2530 1147 2560 nuto
1173 2529 1304 2569 capite,
1338 2530 1376 2559 ut
1399 2527 1561 2559 solebant
1584 2527 1663 2566 tingi
1688 2526 1754 2556 ssu-

1062 2579 1130 2616 vii‚
1172 2578 1321 2617 imagine
1360 2578 1464 2618 petita
1501 2576 1545 2608 ab
1580 2575 1753 2607 undarum

1066 2627 1197 2667 mugitu
1233 2627 1337 2666 atquc
1374 2627 1517 2667 impetu.
1574 2624 1667 2656 iliad.
1701 2633 1750 2673 fp,

1065 2677 1138 2708 237.
1174 2676 1217 2708 dc
1242 2676 1396 2708 Xantho:
1437 2671 1636 2717 μεμυκώς,
1664 2668 1753 2713 vivre
