1997 3219
282 110 306 149 Ge

310 110 333 150 C!

337 110 361 151 Ν.)

788 112 955 143 flouATll
981 112 1201 145 (JARMINUM

562 215 693 256 Maius
726 214 1008 257 Echioniaeve
1039 214 1218 258 Thebae.

448 321 607 361 Merses
640 319 870 376 profundo:
908 319 1123 375 pulchrior
1153 319 1282 370 exiet3

1661 320 1712 359 δῖ’)

443 402 640 443 Luctere:
675 399 804 442 multa
834 406 1009 455 proruet
1040 400 1249 456 integrum

503 481 607 523 Cum
638 480 765 523 laude
795 481 1000 524 victorem
1034 487 1241 537 geretque

559 561 724 604 Proelia
756 561 1007 617 coniugibus
1038 561 1265 618 loquenda.

447 666 689 723 Karthagini
724 667 806 709 iam
836 681 920 709 non
952 681 1032 723 ego
1069 668 1239 710 nuntios

365 763 416 794 1335.
443 763 571 793 Mersus
586 761 654 793 Scd
671 763 706 792 et
720 760 829 792 Bentl.
848 760 1024 802 plerique,
1050 762 1180 793 Marsae
1195 763 1231 793 T.
1261 762 1313 802 (Ut
1329 770 1408 801 nos,
1434 760 1560 801 Bbffit,
1584 764 1669 794 Pottf

319 812 498 852 quinque.)
530 830 564 833 —
591 811 694 842 evenit
723 810 872 842 BbSTcd
897 812 931 842 et
955 810 1064 842 Codd.
1087 810 1229 843 Bentleii
1258 820 1299 842 ae
1325 812 1494 850 Pottierii,
1521 812 1614 844 LCtF
1639 816 1671 843 et

320 860 428 893 Bentl.
458 861 554 901 (eat-iet
576 869 594 892 e
620 869 711 891 corr.
737 860 814 892 Vat.
842 861 865 891 L
894 861 928 891 et
951 859 1024 891 aliis
1050 860 1108 900 (7)
1134 860 1228 901 apud
1250 860 1370 892 Valart
1392 862 1569 900 Meineke,
1594 864 1673 902 post

321 919 384 942 nos
415 911 520 942 etiam
555 910 664 950 Iahn.)
693 928 727 933 —-
756 910 807 941 66.
834 911 979 941 Ductore
1002 910 1037 941 T.
1072 927 1108 932 —
1135 910 1270 949 proruit
1304 907 1408 951 Τ,βξ,
1446 919 1499 951 pr.
1531 910 1553 942 d
1578 911 1673 951 (reti-

322 961 445 992 nentes
468 959 646 1001 yeretque),
676 958 784 991 Bentl.
820 977 853 981 -
884 955 937 990 67⁴.
962 959 1110 999 qerilque
1132 956 1186 999 ὄξ,
1212 959 1399 992 Bentleius.
1429 960 1554 999 (Nostri
1577 960 1671 999 non.)

324 1028 357 1031 —
384 1010 435 1041 69.
461 1010 660 1050 Karthayini
686 1009 811 1050 scripsi
836 1018 917 1040 eum
941 1008 975 1040 b.
1004 1008 1192 1049 (Cartagini
1216 1009 1266 1047 T.)

279 1092 375 1122 conis
406 1089 494 1122 illius
519 1089 683 1122 dentibus
707 1091 864 1121 ortorum
889 1097 971 1121 cum

279 1142 444 1180 quattuor
475 1139 549 1171 aliis
582 1141 662 1180 post
695 1148 850 1180 pugnam
881 1139 972 1170 inter

280 1191 404 1221 tratres
443 1191 640 1230 superstes,
682 1197 791 1229 gener
829 1188 969 1227 Cadmi,

278 1247 385 1279 quem
409 1239 442 1269 in
467 1238 595 1270 Thebis
616 1238 811 1270 condendis
829 1237 970 1275 adiuvit,

278 1291 413 1328 Agaves
456 1288 620 1327 maritus,
668 1288 814 1319 Penthei
859 1288 970 1328 pater.

281 1337 437 1378 Apollod.
458 1337 493 1375 3,
514 1337 545 1375 4,
566 1339 595 1369 4.
623 1337 719 1368 Ovid.
740 1338 820 1368 Met.
839 1337 876 1373 3,
897 1336 970 1367 426.

323 1388 375 1418 65.
413 1387 549 1428 Mei-ses]
589 1387 647 1418 «Si
672 1387 856 1424 mersaris,
892 1385 974 1417 licet

281 1445 417 1468 merses
441 1437 475 1467 in
499 1436 567 1467 alto
591 1437 696 1475 mari,
730 1435 908 1477 pulchrior
933 1444 974 1466 ac

280 1486 400 1517 tortior
424 1485 563 1517 exibit.»
589 1486 705 1517 Lectio
722 1495 847 1517 mersus
858 1484 972 1516 «nullo

281 1535 385 1566 modo
421 1534 502 1566 ferri
531 1536 657 1575 potest.
699 1536 855 1576 Oportuit
879 1535 973 1566 enim

279 1593 404 1622 'mm-sa,
432 1592 500 1615 non
522 1593 659 1619 mersus,
697 1594 778 1616 eum
802 1584 975 1615 referatur

281 1634 324 1664 ad
350 1635 434 1665 Gens
450 1635 539 1665 cet.»
566 1635 685 1665 ssmrL.
714 1634 839 1665 Contra
866 1635 899 1664 in
914 1642 970 1663 η’.

280 1685 402 1715 Marsos
419 1685 453 1714 et
471 1684 607 1714 Luctare
627 1684 728 1723 aptus
747 1685 799 1715 est
825 1681 974 1723 paralle—

281 1733 414 1765 lismus.
445 1751 480 1755 -
502 1732 684 1773 pulchrior]
710 1741 816 1773 saepe
842 1732 885 1763 de
910 1732 975 1763 he-

282 1782 417 1820 roibus,
455 1791 605 1822 quorum
640 1783 750 1813 forma
784 1783 816 1813 in
850 1782 973 1823 pugnis

282 1833 389 1864 enitet
418 1834 522 1872 atque
554 1832 742 1872 conspicua
774 1833 843 1869 est,
881 1832 973 1871 Virg.

283 1884 366 1913 Aen.
393 1882 429 1919 7,
457 1882 537 1912 656:
567 1884 658 1912 satus
680 1882 817 1912 Hercule
837 1881 975 1921 pulchro

284 1931 335 1971 (al.
363 1941 405 1962 ex
434 1930 538 1971 gloss
563 1931 655 1971 Γυνή)
684 1931 820 1962 Pulc-lter
841 1931 975 1962 Arenti-

283 1991 352 2012 nus.
395 1981 443 2012 ll).
478 1989 509 2011 v.
545 1981 629 2012 764:
670 1981 836 2020 Ilippolyli
865 1980 976 2020 proles

281 2031 505 2070 pulclwrrima-
528 2030 625 2069 bello,
656 2030 792 2061 Virbius.
823 2047 856 2051 —
878 2029 974 2070 exies]

285 2082 429 2121 Propter
455 2079 726 2120 parallelismum
751 2080 975 2111 statuendum

285 2132 338 2161 est
362 2130 558 2161 archaismo
583 2130 616 2160 h.
637 2128 657 2160 1.
678 2138 781 2161 usum
798 2138 878 2161 esse
896 2132 978 2170 po'e'-

285 2182 372 2213 taum
407 2187 486 2209 nam
515 2187 614 2218 seqq.
646 2179 758 2209 futura
785 2179 868 2210 satis
898 2187 977 2209 mu-

286 2229 426 2260 niuntur
457 2227 500 2258 ab
534 2227 674 2268 optimis
706 2227 816 2259 Codd.
844 2228 976 2259 Mature

286 2280 421 2315 autem,
449 2279 483 2307 ut
502 2276 555 2307 vel
574 2277 680 2308 nostri
699 2276 808 2307 Codd.
829 2277 978 2308 demon-

287 2329 414 2362 strant,
442 2327 664 2358 Grammatici
683 2327 768 2363 hoe,
795 2328 831 2357 ut
855 2327 978 2367 opina-

289 2376 432 2413 bantur,
459 2385 569 2406 naevo
599 2376 777 2407 Horatium
801 2375 977 2407 liberaturi

288 2424 539 2465 interpolarunt
552 2425 666 2463 evenit,
682 2425 774 2464 quod
788 2427 904 2457 tamen
914 2426 978 2457 hae

289 2475 539 2513 significatione
577 2476 634 2514 (ue
663 2474 836 2514 profundo
867 2484 980 2507 emer-

290 2525 352 2563 git,
391 2523 548 2563 exsilit»)
575 2524 669 2555 omni
695 2522 855 2564 exemplo
885 2526 977 2555 caret

291 2584 330 2603 :n—
357 2582 464 2613 prope
483 2574 590 2611 cogit,
618 2573 789 2604 utcontra
811 2571 979 2605 librorum

291 2623 533 2653 auctoritatem
552 2623 582 2653 in
600 2631 700 2663 seqq.
719 2631 859 2662 quoque
879 2631 981 2663 prae-

290 2671 398 2702 sentia
430 2672 651 2711 recipiamus.
689 2671 786 2703 Exiet
810 2673 860 2703 est
889 2671 980 2712 apud

1023 1088 1163 1120 Tertull.
1195 1089 1273 1120 adv.
1298 1090 1372 1121 Iud.
1399 1090 1472 1129 43.,
1498 1091 1603 1122 redies
1622 1091 1717 1131 apud

1021 1137 1122 1178 Apul.
1142 1139 1222 1170 Met.
1240 1147 1317 1179 pag.
1337 1139 1427 1178 449.·‚
1445 1139 1505 1171 ubi
1517 1140 1586 1171 vid.
1600 1139 1717 1172 Hilde-

1022 1187 1146 1219 brand.
1185 1188 1253 1220 Cfr.
1281 1189 1387 1220 etiam
1411 1190 1573 1221 Huschke
1598 1190 1641 1221 ad
1666 1191 1718 1221 Ti-

1022 1236 1106 1268 bull.
1124 1236 1199 1268 Vol.
1220 1238 1250 1269 2.
1268 1246 1345 1278 pag.
1365 1238 1439 1269 707.
1461 1255 1496 1261 -
1514 1243 1654 1278 proruet
1669 1240 1719 1270 ¹in-

1023 1286 1167 1327 teqrum]
1200 1288 1422 1327 «prosternet
1450 1288 1590 1320 hostem
1622 1287 1717 1320 illae-

1023 1344 1120 1373 sum,
1143 1336 1202 1376 qui
1218 1335 1337 1376 paullo
1351 1338 1430 1368 ante
1448 1338 1587 1369 iamiam
1605 1339 1718 1370 vieto-

1023 1386 1095 1416 riae
1122 1386 1239 1417 certus
1265 1387 1373 1417 erat.»

1067 1435 1119 1466 68.
1145 1435 1338 1475 coniuyibus
1359 1436 1531 1478 loquenda]
1560 1437 1623 1468 «de
1643 1438 1718 1478 qui-

1022 1485 1089 1516 bus
1114 1485 1280 1525 coniuges
1310 1486 1546 1518 Romanorum
1579 1488 1613 1517 et
1637 1495 1718 1518 eum

1024 1533 1100 1565 filiis
1125 1536 1160 1565 et
1183 1534 1273 1565 inter
1297 1543 1335 1566 se
1359 1543 1441 1566 cum
1464 1534 1639 1576 voluptate
1665 1536 1718 1566 iu-

1024 1585 1147 1623 staque
1184 1582 1385 1623 gloriatione
1414 1584 1523 1615 verba
1556 1585 1716 1616 faciant.»

1025 1632 1149 1663 Salust.
1178 1633 1229 1663 Fr.
1256 1632 1331 1664 ⁶204.
1358 1642 1391 1673 p.
1418 1633 1491 1664 257.
1519 1633 1631 1665 Gerl.:
1657 1634 1717 1665 Hi-

1023 1682 1135 1720 spanis
1164 1690 1234 1712 mos
1265 1682 1345 1721 fuit,
1380 1685 1416 1713 ut
1446 1682 1481 1713 in
1504 1682 1587 1714 bella
1610 1685 1717 1714 eunti—

1024 1731 1082 1761 bus
1115 1730 1284 1762 iuvenibus
1313 1735 1493 1770 parentum
1524 1732 1615 1772 facta
1648 1742 1718 1764 me-

1026 1783 1238 1811 morarentur
1253 1789 1275 1811 a
1286 1781 1456 1812 niati-ibus.
1482 1782 1576 1813 Haec
1590 1783 1718 1814 rectior

1026 1830 1263 1870 interpretatio
1288 1838 1393 1870 quam
1434 1831 1462 1870 4)
1490 1831 1718 1871 «coniugibus

1026 1879 1364 1919 Karthaginiensium
1396 1878 1616 1920 loquenda»;
1653 1890 1716 1922 pro

1026 1938 1094 1970 qua
1119 1929 1268 1960 afferunt
1289 1928 1410 1960 Catull.
1431 1929 1489 1968 64,
1517 1930 1596 1962 349:
1629 1931 1719 1962 Illius

1028 1978 1186 2019 (Achillis)
1217 1979 1367 2019 egregias
1394 1979 1530 2011 virtutes
1562 1980 1720 2020 claraque

1024 2029 1116 2068 sacta
1139 2028 1244 2067 Saepe
1264 2028 1455 2068 fatebzmlur
1483 2032 1662 2069 gnatorum
1684 2031 1717 2061 in

1023 2078 1139 2118 funere
1166 2081 1298 2108 macres.
1339 2077 1471 2109 Verum
1501 2079 1528 2110 si
1559 2079 1626 2110 hoe
1654 2088 1719 2110 vo-

1025 2126 1147 2158 luisset
1170 2128 1288 2167 poeta,
1331 2135 1445 2158 nonne
1477 2128 1718 2167 querimoniae

1028 2178 1061 2208 et
1084 2175 1198 2207 luctus
1223 2176 1439 2208 mentionem
1464 2177 1641 2209 iniecisset
1664 2176 1718 2209 vel

1026 2234 1095 2257 uno
1120 2225 1303 2267 ἐπιθέτῳῆ
1338 2226 1368 2265 2)
1396 2234 1434 2257 «a
1458 2225 1625 2258 militibus
1649 2227 1718 2258 Ro-

1027 2275 1140 2307 manis
1175 2275 1320 2306 domum
1351 2273 1537 2314 aliquando
1565 2277 1717 2307 reversis

1029 2324 1200 2356 narranda
1232 2325 1304 2355 suis
1334 2324 1581 2364 coniugibus»,
1618 2325 1715 2356 Ovid

1030 2375 1109 2406 Her.
1130 2376 1144 2407 1
1162 2400 1167 2411 ,
1192 2373 1246 2405 30:
1272 2374 1455 2404 Narrantis
1468 2375 1591 2405 conium
1604 2375 1720 2413 pendet

1029 2424 1069 2454 ab
1093 2431 1149 2455 ore
1170 2423 1246 2453 viri.
1287 2423 1354 2454 Sed
1373 2423 1461 2454 hauc
1479 2432 1618 2463 quoque
1637 2432 1719 2454 sen-

1030 2473 1172 2504 tentiam
1187 2473 1260 2503 sine
1274 2472 1380 2503 dubio
1393 2472 1518 2504 elarius
1531 2473 1721 2513 expressis-

1030 2524 1083 2554 set
1101 2523 1276 2560 Horatius,
1296 2524 1333 2553 ut
1350 2522 1429 2553 serit
1445 2522 1648 2553 Theocritus
1665 2522 1716 2559 46,

1030 2573 1081 2604 86.
1110 2573 1143 2603 in
1161 2572 1332 2603 contraria
1350 2573 1443 2603 sorte
1460 2572 1656 2602 Poenorum
1673 2569 1717 2601 ab

1033 2623 1179 2653 Hierone
1204 2621 1435 2652 devictorum:
1462 2618 1582 2659 φίλων
1596 2616 1718 2663 μόρον

1031 2667 1276 2713 ἁγγελεόντας
1302 2670 1453 2709 Τέκνοις
1482 2665 1537 2710 ἧδ’
1562 2664 1718 2706 ἀλόχοι-
