1997 3219
381 279 461 321 {318

491 385 729 427 Deduxisse
762 385 923 427 modos.

493 465 737 517 Quaesitam
770 465 930 507 meritis
962 472 1003 507 et
1033 464 1132 506 mihi
1165 464 1368 521 Delphica

718 283 884 314 llOllATll
911 283 1132 315 CARMINUM
1171 284 1233 314 LIB
1259 284 1311 314 lll.
1340 284 1376 315 C.
1404 284 1499 314 XXX.

985 386 1112 427 Sume
1144 385 1389 441 superbiam

1772 466 1779 508 Ι
1792 468 1816 507 5

491 547 628 587 Lauro
660 546 782 600 cinge
814 545 981 592 volens,
1015 545 1304 601 Melpomene,
1339 560 1515 589 comam.

465 679 515 709 15.
544 677 682 717 Delphia
705 675 725 707 ὅ
751 685 804 718 ap.
832 677 968 708 Kirchn,
992 670 1036 708 Ν.
1057 677 1095 714 Q.
1117 678 1198 709 Hor.
1219 686 1252 717 p.
1272 678 1324 708 56.

378 797 429 827 rst
446 796 658 827 constructio
687 804 800 836 nuper
823 804 842 826 a
864 795 983 827 nescio
1000 803 1069 835 quo

380 845 625 877 commendata
642 855 648 876 :
668 854 736 885 qua
751 845 903 886 regnavit
919 846 1072 882 Daunus,

380 904 423 926 et·
445 895 559 925 humili
577 897 695 934 potens
712 894 925 934 populorum.

424 943 476 975 44.
504 943 698 984 Deduoeisse]
726 942 979 982 «transtulisse,
1006 943 1076 984 pri—

380 1001 478 1024 mum
504 1001 630 1025 ausum
655 1001 735 1024 esse
766 993 800 1024 in
829 993 928 1033 poesi
956 993 1075 1024 Latina

380 1042 428 1072 uti
444 1040 560 1081 lyricis
575 1043 791 1074 Graecorum
808 1042 963 1073 metris.»
990 1043 1077 1073 Pau-

379 1091 529 1123 cissimis
554 1091 648 1123 enim
672 1091 704 1122 ei
727 1090 833 1122 veluti
856 1090 1077 1132 praeluserat

379 1139 546 1172 Catullus.
590 1139 675 1180 (Noli
707 1141 826 1172 autem
859 1141 979 1172 neseio
1005 1149 1073 1180 qua

378 1198 547 1229 perversa
572 1190 771 1221 inversione
790 1188 982 1230 explicare,
1007 1188 1074 1228 vel,

381 1238 477 1278 quod
507 1239 613 1270 etlam
643 1239 744 1279 peIus
770 1240 842 1278 est,
882 1238 1076 1279 transposi-

380 1288 511 1319 tionem
546 1296 746 1328 proponere
792 1288 1076 1328 (Zimmermanui

378 1337 530 1368 Zeitsehr.
569 1336 666 1369 4840.
703 1345 737 1378 p.
775 1338 907 1377 11016.);
952 1337 1078 1369 Aeolios

378 1387 492 1417 modos
514 1395 649 1418 carmen
673 1386 717 1417 acl
738 1386 869 1418 Italum.
917 1386 987 1418 Sed
1010 1388 1074 1425 est,

379 1435 508 1467 Latinis
542 1435 661 1467 verbis
706 1436 752 1466 ita
791 1436 919 1468 imitari
963 1437 1076 1467 metra

380 1486 596 1517 Graecorum
645 1484 774 1525 lyrica,
826 1487 863 1516 ut
901 1494 1076 1525 nusquam

378 1533 545 1573 violetur,
573 1534 637 1566 sed
660 1535 834 1575 perpetuo
859 1535 978 1566 Latina
1003 1534 1077 1574 syl—

379 1583 541 1615 labarum
565 1584 740 1624 quantitas
776 1592 928 1623 vocum,
971 1585 1075 1625 atque

379 1633 414 1664 in
438 1633 602 1665 omnibus
626 1634 763 1665 sincera
787 1634 928 1666 Latinae
958 1634 1076 1674 poesis

382 1684 542 1715 servetur
573 1682 730 1722 indoles,
770 1682 803 1714 id
829 1683 924 1722 quod
961 1682 1076 1715 effecit

1126 794 1313 834 Horatius.)
1353 812 1387 817 —
1425 795 1540 836 Sume]
1577 797 1765 833 «Assume,
1799 805 1818 827 o

1125 844 1223 876 Musa
1245 852 1341 883 mea,
1378 843 1608 884 (Melpomene,
1634 846 1672 876 ut
1695 844 1757 876 Od.
1785 845 1816 878 li».

1124 892 1162 931 3,
1183 892 1226 932 4.)
1251 893 1394 933 spiritus
1411 893 1540 932 iustos,
1568 893 1698 934 quippe
1724 894 1819 933 inge-

1124 942 1180 973 nio
1205 950 1285 974 meo
1309 943 1578 980 convenientes,
1607 946 1637 974 et
1658 943 1817 982 Delphica

1125 992 1237 1029 eet»,
1275 991 1309 1021 id
1345 992 1417 1030 est,
1464 991 1607 1032 dempta
1643 992 1815 1032 imagine:

1127 1040 1228 1079 «fac,
1265 1041 1303 1071 ut
1327 1048 1452 1071 omnes
1482 1039 1682 1072 facultatem
1707 1042 1820 1082 poeti-

1126 1098 1223 1127 cam,
1250 1089 1349 1120 euius
1365 1089 1449 1121 mihi
1467 1090 1628 1121 conscius
1646 1099 1744 1129 sum,
1770 1089 1820 1122 ul-

1125 1139 1178 1170 tro
1202 1139 1428 1178 agnoscant.»

1170 1188 1221 1219 45.
1249 1188 1300 1219 46.
1330 1188 1489 1228 Delphica
1505 1189 1628 1230 Lauro]
1648 1188 1820 1228 Apollina—

1124 1246 1195 1269 rem
1219 1237 1302 1269 dicit
1318 1237 1380 1268 Od.
1410 1237 1448 1277 4,
1477 1238 1516 1275 2,
1547 1238 1578 1269 9.
1619 1256 1653 1260 —
1692 1238 1818 1280 volens]

1125 1287 1283 1318 Verbum
1302 1286 1471 1322 sollemne
1486 1288 1520 1319 in
1533 1287 1712 1328 precibus.
1738 1288 1821 1319 Ser—

1125 1337 1202 1368 vius
1219 1336 1263 1368 ad
1279 1338 1365 1368 Aen.
1397 1337 1409 1368 4
1429 1362 1434 1375 ‚
1464 1336 1521 1368 734
1544 1346 1549 1367 :
1579 1337 1634 1368 Sic
1656 1337 1742 1368 enim
1765 1337 1817 1367 di-

1125 1390 1222 1417 cunt:
1273 1384 1421 1418 «Volens
1455 1386 1698 1427 propitiusque
1734 1387 1816 1418 sis.»

1128 1436 1212 1467 Cato
1248 1436 1285 1467 R.
1318 1436 1355 1467 R.
1394 1434 1472 1467 442:
1510 1436 1604 1467 Mars
1633 1438 1755 1475 pater,
1792 1439 1821 1467 te

1122 1494 1244 1524 precor
1281 1493 1483 1524 quaesoque,
1530 1485 1578 1516 uti
1617 1485 1678 1516 sies
1710 1485 1820 1516 volens

1122 1534 1288 1575 propitius
1303 1534 1400 1573 mihi,
1434 1535 1543 1573 domo,
1574 1534 1725 1575 familiae
1749 1536 1816 1566 eet.

1127 1584 1197 1616 Liv.
1229 1584 1264 1621 7,
1293 1584 1355 1614 ⁶26:
1380 1583 1537 1614 Precatzcs
1559 1584 1690 1621 deinde,
1718 1584 1744 1614 si
1768 1584 1820 1614 di—

1124 1643 1202 1671 vus,
1238 1633 1264 1663 si
1289 1633 1365 1663 diva
1389 1636 1484 1671 esset,
1516 1633 1572 1671 qui
1595 1633 1655 1663 sibi
1673 1641 1817 1672 praepe—

1126 1686 1189 1714 tem
1204 1682 1357 1719 misisset,
1382 1681 1493 1712 volens
1505 1682 1668 1721 propitius
1683 1683 1816 1714 adesset,
