1997 3219
324 168 405 209 ‹57ss

871 168 1038 199 llORATll
1064 168 1233 199 EPoDON

606 272 725 315 Dulci
759 286 914 328 sopore
945 271 1199 327 languidae.

550 357 726 403 Senem,
759 352 877 410 quod
910 366 1057 394 omnes
1089 351 1275 399 rideant,
1311 352 1548 394 adulterum

604 435 774 477 Latrent
805 433 1056 476 Suburanae
1088 446 1217 475 canes

549 514 690 557 Nardo
722 520 997 570 perunctum,
1031 513 1157 570 quale
1191 527 1273 555 non
1306 513 1533 570 perfectius

604 596 723 638 Meae
755 594 987 637 laborarint
1018 608 1180 636 manus.
1218 620 1273 624 —
1712 594 1764 632 60

549 676 661 727 Quid
693 674 881 718 accidit?
921 674 1006 717 Cur
1035 673 1128 716 dira
1158 673 1366 716 barbarae
1400 674 1537 715 minus

606 758 778 799 Venena
808 755 985 797 Medeae
1016 754 1193 797 valent?

411 891 491 922 Post
520 899 552 920 v.
580 889 633 920 57.
661 887 779 919 deficit
812 887 931 919 Codex
956 886 979 918 d
1002 894 1116 926 usque
1148 885 1193 917 ad
1221 886 1330 927 Epod.
1356 887 1392 922 8,
1420 887 1450 917 2.
1492 905 1526 908 -
1565 886 1618 917 59.
1646 888 1719 927 non]

369 948 425 971 nec
449 940 484 970 L.
514 957 549 961 —
576 938 628 969 60.
656 937 842 968 laborarint
865 936 949 973 hSc‚
980 935 1099 967 Bland.
1127 937 1334 977 antiquiss.⁷
1368 935 1502 974 Bentl.,
1535 937 1592 968 FJ:
1629 936 1722 966 labo-

369 991 490 1019 rarunt
514 988 671 1026 B‚LCtM.

324 1107 436 1138 bonas
461 1105 568 1137 habet
592 1104 819 1136 auctoritates
850 1106 884 1135 et
914 1112 1020 1145 prae·
1043 1119 1046 1122 ⁴

323 1158 434 1189 sertui·
458 1165 476 1187 a
500 1155 742 1194 Bernhardyo.

367 1206 420 1237 57.
446 1205 499 1236 58.
535 1205 640 1235 Totus
669 1203 767 1235 locus
793 1212 873 1235 eum
896 1203 1019 1235 Bothio

324 1256 373 1287 sic
391 1253 635 1295 explicandus:
656 1253 848 1293 «Principio
860 1252 1018 1296 venetica

324 1306 436 1346 optat,
455 1305 493 1334 ut
509 1311 631 1334 senem
648 1304 753 1334 noctu
768 1303 1019 1343 properantem

323 1355 369 1386 ad
385 1354 536 1385 amicam
561 1351 713 1392 aliquam
730 1351 951 1383 Suburanam
968 1350 1020 1382 al-

321 1404 449 1436 latrent
469 1401 761 1442 absterreantque
779 1410 799 1432 a
816 1401 947 1433 foribus
965 1410 1020 1432 ca-

324 1462 386 1485 nes
426 1453 500 1483 eius
538 1451 625 1489 vici⁷
667 1459 736 1491 quo
776 1451 866 1482 facto
901 1450 943 1481 ad
980 1459 1018 1481 se

322 1503 436 1543 ipsam
471 1500 669 1531 rediturum
699 1508 782 1531 eum
811 1500 930 1540 sperat
957 1508 1020 1530 cu-

322 1551 441 1593 pidine
466 1550 665 1590 abreptum.
715 1549 783 1580 Sed
814 1550 931 1580 tacent
959 1557 1020 1580 ca-

323 1610 398 1633 nes.
446 1599 496 1631 Ibi
522 1598 648 1630 mulier
670 1607 703 1629 v.
731 1599 788 1629 64:
826 1598 934 1636 «Quid
959 1607 1019 1629 ae-

323 1650 430 1682 cidit‘?
465 1658 528 1680 cur
551 1657 621 1681 non
644 1649 740 1679 venit
763 1648 894 1685 Varus3
929 1656 1019 1687 quo-

322 1699 429 1731 modo
475 1698 545 1729 mei
590 1705 659 1728 non
702 1697 878 1734 meminit,
927 1704 1017 1736 quae

323 1747 438 1780 cubile
469 1747 543 1778 eius
573 1754 614 1777 eo
651 1746 910 1777 medicamento
942 1754 1019 1776 ma—

322 1799 398 1838 gico
432 1795 612 1833 unxerim,
655 1794 751 1835 quod
790 1794 1018 1825 meretricum

323 1847 499 1883 onmium,
538 1845 709 1884 quotquot
736 1844 834 1881 sunt,
872 1842 1020 1874 oblivio-

323 1904 406 1927 nem
443 1893 610 1925 inducere
645 1892 846 1923 videretur‘?
884 1892 1020 1923 Dormit

322 1948 459 1981 tamen,
499 1952 567 1974 nou
592 1942 718 1982 surgit,
756 1950 871 1981 neque
905 1940 1020 1972 Subu-

322 2003 399 2026 ram
433 2002 499 2024 nec
533 2000 590 2023 me
627 1991 752 2032 petit.»
805 1991 899 2021 Haec
934 1990 1019 2021 dum

324 2044 423 2082 dicit,
461 2042 657 2084 propinqua
686 2040 800 2080 aliqua
825 2040 946 2079 domo,
983 2041 1021 2071 ut

324 2094 500 2125 coniicere
528 2091 627 2128 licet,
665 2092 854 2121 exeuntem
880 2090 1021 2130 conspi-

325 2143 371 2174 cit
405 2149 529 2174 senem
557 2141 591 2172 et
621 2140 665 2171 ad
696 2141 811 2171 scorta
836 2148 874 2170 se
900 2138 1022 2170 confe-

323 2193 463 2223 rentem
487 2199 572 2221 cane
597 2188 744 2220 latrante
766 2187 870 2219 nullo.
921 2188 1020 2226 Quod

324 2241 480 2273 sentiens
501 2238 673 2271 exclamat
690 2248 722 2268 v.
738 2238 790 2269 71.
809 2238 874 2276 Ali,
893 2237 935 2268 ah
952 2238 1018 2268 cet.

326 2290 463 2321 «Video
477 2301 512 2326 n,
548 2288 658 2328 inquit
692 2295 814 2327 maga,
858 2287 917 2318 «vi
942 2295 1020 2318 mea

325 2339 458 2372 solutus
476 2338 566 2376 abit,
593 2346 699 2378 quam
716 2337 849 2367 irritam
867 2345 930 2368 suo
948 2345 1023 2368 car-

326 2390 419 2420 mine
448 2387 599 2419 reddidit
623 2386 686 2418 alia
714 2385 888 2426 quaedam
910 2386 1023 2417 scien-

327 2440 393 2470 tior
417 2447 474 2469 me
495 2437 664 2468 venefica.
692 2435 843 2467 Festinat
867 2434 910 2465 ad
928 2443 1022 2466 amo-

327 2497 395 2519 res.
445 2487 513 2519 Sed
539 2486 581 2517 ad
607 2494 664 2517 me
693 2493 875 2520 recurres,
908 2484 1019 2521 Vareg

327 2536 482 2569 insolitas
507 2544 622 2576 neque
646 2534 838 2566 vincendas
862 2534 1021 2573 potiones
1046 2546 1048 2557 ι

328 2586 475 2627 parabo,
505 2584 632 2626 quibus
658 2586 749 2615 totus
767 2591 887 2613 amore
906 2583 1023 2614 incen-

328 2636 421 2667 deris
446 2636 636 2674 menteque
667 2631 901 2664 alienabere.»
942 2632 1022 2671 (Re-
1047 2645 1048 2654 κ

327 2684 403 2721 ,aelii
433 2684 758 2725 interpretationem
783 2681 862 2712 vide
889 2682 921 2712 in
955 2682 1021 2712 Ex-

330 2742 432 2764 ‹·ursu
465 2734 500 2763 Li

608 2734 721 2764 Senem
739 2749 754 2753 -
772 2748 788 2752 —
808 2729 951 2770 Lan-ent]
986 2731 1021 2760 ut
1047 2753 1049 2762 ,

1070 1104 1156 1144 Epp.
1184 1104 1220 1142 1,
1246 1104 1283 1142 2,
1310 1104 1370 1134 65:
1402 1103 1602 1134 venaticus-
1619 1103 1766 1142 -pellem

1069 1153 1205 1184 latravit
1217 1170 1235 1175 -
1249 1170 1268 1175 -
1279 1153 1423 1183 calidas.-
1438 1151 1547 1184 Plaut.
1566 1151 1708 1184 Poenul.
1728 1153 1763 1189 5,

1070 1201 1106 1241 4,
1126 1201 1184 1233 64:
1210 1202 1322 1232 Etiam
1338 1211 1388 1233 me
1404 1210 1493 1233 meae
1513 1202 1640 1233 latrant
1656 1209 1763 1233 canes

1073 1270 1106 1274 —
1134 1250 1344 1292 Suburanae]
1376 1250 1512 1281 Subura
1541 1251 1638 1282 vicus
1668 1250 1766 1282 urbis

1070 1301 1218 1338 Romae,
1245 1299 1305 1331 ubi
1331 1299 1537 1331 habitabant
1558 1298 1763 1340 prostibula.

1070 1351 1165 1381 Pers.
1193 1350 1262 1380 Sat.
1289 1350 1326 1388 5,
1364 1350 1416 1380 32.
1459 1348 1603 1381 Martial.
1631 1349 1666 1387 6.
1705 1349 1762 1380 66:

1068 1400 1193 1430 Famae
1215 1408 1281 1429 aon
1304 1399 1442 1430 nimiam
1466 1398 1568 1429 bonae
1589 1399 1760 1438 puellam,

1071 1449 1190 1488 Quales
1212 1449 1243 1479 in
1270 1448 1378 1479 media
1402 1449 1510 1479 sedent
1538 1447 1671 1479 Subura
1695 1449 1761 1479 cet.

1073 1515 1107 1520 —
1126 1498 1256 1528 Veram
1281 1498 1493 1538 scripturam
1517 1497 1649 1528 Sabura
1664 1507 1766 1538 prae-

1068 1546 1154 1578 bent
1181 1547 1372 1586 Inscriptt.;
1398 1545 1500 1586 volgo
1534 1547 1702 1585 Saburra.
1730 1549 1767 1578 ut

1070 1605 1106 1627 re
1130 1604 1215 1627 vera
1240 1598 1292 1627 est
1317 1596 1351 1626 in
1375 1596 1467 1627 Sexti
1490 1596 1565 1627 Ruti
1587 1597 1760 1637 Descript.

1069 1644 1166 1676 urbis
1202 1646 1330 1676 Romae.
1366 1645 1459 1684 apud
1495 1645 1625 1676 Canina
1663 1647 1764 1677 Roma

1069 1695 1181 1725 antica
1210 1703 1241 1734 p.
1268 1693 1319 1725 34..
1362 1694 1444 1725 Erat
1478 1695 1595 1725 aulem
1631 1695 1695 1726 sita
1730 1695 1763 1726 in

1071 1742 1169 1776 L'rhis
1194 1743 1377 1782 regionum
1407 1743 1530 1774 tertiae
1556 1745 1589 1774 et
1620 1745 1764 1783 quartae

1071 1792 1232 1824 confinio.
1275 1791 1362 1823 lbid.
1388 1801 1422 1833 p.
1450 1793 1502 1824 77.

1115 1842 1166 1872 59.
1194 1841 1246 1872 60.
1272 1841 1399 1880 Nardo]
1428 1843 1627 1882 «unguento
1645 1842 1766 1873 nardi-

1072 1899 1158 1928 no‚»
1199 1890 1242 1921 de
1272 1890 1370 1921 cuius
1398 1890 1542 1922 mistura
1574 1891 1644 1922 vid.
1679 1890 1762 1923 Plin.

1072 1940 1111 1971 H.
1131 1941 1170 1970 N.
1192 1938 1243 1977 43,
1266 1940 1295 1970 si.
1328 1955 1362 1960 ——
1396 1939 1603 1980 perunctum]
1629 1941 1667 1971 ut
1694 1941 1767 1971 Sta-

1070 1987 1139 2020 lino
1158 1988 1314 2019 comicus
1331 1996 1440 2020 senex
1465 1989 1497 2020 in
1519 1988 1627 2020 Plauti
1646 1990 1761 2021 Casin.

1071 2038 1111 2077 ⁶2,
1149 2038 1185 2075 3,
1222 2037 1255 2068 9:
1292 2041 1468 2076 poslquam
1502 2047 1576 2070 amo
1611 2038 1764 2070 Casinam

1070 2087 1177 2127 7ιηαῃὶε
1199 2087 1292 2118 initio
1308 2087 1477 2118 mimantis
1492 2088 1691 2119 liszendiciam
1706 2097 1766 2118 an-

1071 2137 1154 2168 tideo
1162 2145 1172 2173 ‚·
1189 2136 1382 2176 Myropolas
1397 2145 1507 2168 omnes
1519 2137 1656 2168 sollicito
1665 2146 1676 2175 ,·
1691 2136 1765 2168 ubi-

1069 2195 1197 2225 cunque
1221 2189 1419 2226 unquentum
1443 2189 1488 2217 est
1510 2186 1670 2226 lepidum,
1700 2195 1765 2216 un-

1070 2244 1150 2275 ῃον,
1187 2236 1224 2266 Ul.
1247 2236 1294 2266 illi
1323 2236 1488 2274 placeam.
1519 2253 1553 2257 —
1580 2235 1677 2275 quale
1698 2244 1762 2266 non

1066 2284 1252 2325 perfectius]
1272 2284 1404 2316 Eadem
1415 2284 1675 2328 constructione
1692 2284 1762 2315 Sat.

1073 2334 1110 2372 st,
1147 2335 1185 2371 ὅ,
1224 2333 1283 2365 ti:
1327 2334 1478 2373 animae,
1519 2334 1632 2372 quales
1663 2341 1767 2373 neque

1071 2383 1277 2414 camlicliores
1304 2383 1403 2414 Terra
1426 2384 1500 2414 tulit
1523 2385 1589 2414 eet.
1618 2401 1653 2406 —
1673 2382 1766 2414 labo-

1073 2432 1197 2474 rarint]
1233 2441 1346 2473 «quo,
1373 2433 1400 2465 si
1424 2431 1478 2464 vel
1503 2432 1654 2463 maxime
1690 2431 1765 2463 vel-

1072 2482 1158 2519 lem,
1197 2481 1373 2514 odoratius
1399 2483 1433 2513 et
1468 2481 1644 2513 efficacius
1672 2480 1764 2512 aliud

1073 2540 1283 2573 praeparare
1330 2539 1397 2562 non
1437 2539 1613 2571 possein„
1673 2531 1765 2561 Haec

1073 2580 1174 2612 lectio
1206 2579 1436 2621 praeferenda
1460 2579 1646 2610 videbatur
1668 2577 1765 2609 alteri

1072 2630 1286 2661 laborarunt:
1327 2629 1541 2670 «perfectius
1576 2626 1763 2665 omnibus,

1074 2688 1162 2720 quae
1188 2688 1342 2719 unquam
1368 2678 1608 2720 praeparavi.»
1639 2692 1673 2697 ——
1702 2677 1764 2719 Ca-

1074 2729 1165 2760 nidia
1196 2728 1330 2759 deridet
1362 2736 1483 2759 senem
1507 2734 1635 2758 vanum
1660 2727 1763 2765 atque
