1997 3219
695 183 771 214 ΗΒ.
799 183 852 214 IV.

903 184 940 213 C.
967 183 1004 214 X.

227 286 372 334 Dices,
405 285 508 330 heu.
543 285 740 342 quotiens
772 293 810 328 te
842 285 1017 342 speculo
1050 285 1207 328 videris
1239 285 1441 328 alterum:

227 366 346 416 Quae
376 379 495 408 mens
527 373 591 408 est
621 365 770 414 hodie,
804 379 880 408 cur
911 366 1062 408 eadem
1094 380 1176 408 non
1208 380 1342 422 puero
1374 367 1473 411 suit.

227 445 298 488 Vel
330 459 406 488 eur
440 445 505 488 his
537 446 686 488 animis
718 445 952 489 incolumes
983 460 1066 489 non
1097 446 1277 489 redeunt
1307 447 1478 503 genae?

256 601 287 632 6.
314 604 343 632 te
365 602 396 632 in
414 601 542 641 speculo
557 602 600 639 Β,
627 601 696 633 duo
713 601 883 640 Blandin.,

215 651 263 686 (t’t
288 659 368 684 nos,
395 650 504 689 bScd,
532 652 618 682 Pott.
646 652 777 687 ceteri.)

169 793 341 832 praestat,
369 801 412 823 ne
437 791 584 824 elidatur
607 796 657 831 le,
692 792 862 825 ablativus

169 841 391 872 instrumenti
415 841 489 873 sine
513 842 789 883 praepositione,
822 850 862 874 ac

170 898 315 931 prorsus
333 891 437 923 distat
454 891 544 931 Virg.
564 891 634 923 Ecl.
654 892 693 930 ⁶2,
715 892 774 923 ⁶25:
803 901 864 923 nu—

165 948 228 979 per
247 949 297 972 me
312 941 342 971 in
361 941 454 973 litore
472 942 556 980 victi,
580 940 640 973 ubi
658 941 776 973 dicere
793 950 861 973 non

168 991 327 1030 poterat:
354 999 404 1022 me
419 990 523 1022 litore.
550 990 714 1031 Calpurn.
739 990 808 1022 Ecl.
828 991 860 1029 9,

169 1037 227 1070 74:
271 1039 353 1078 Quin
392 1040 488 1071 eliam
518 1040 618 1079 fontis
654 1040 781 1079 speculo
812 1049 864 1071 me

167 1096 266 1119 'nane
291 1089 422 1125 notavi:
458 1107 476 1112 -
493 1107 512 1112 -
534 1090 626 1129 Quod
656 1090 740 1125 vidi,
770 1090 863 1121 nulla

168 1138 310 1176 tegyimur
354 1138 510 1179 Ianuyine
563 1139 694 1170 malas:
750 1140 863 1170 Pasci-

167 1195 241 1217 mus
262 1190 292 1217 et
314 1187 447 1218 crinem.
476 1188 586 1219 Minus
609 1190 704 1219 recte
723 1188 861 1220 Monich

168 1244 200 1266 v.
233 1236 361 1275 speculo
390 1245 468 1268 esse
495 1237 650 1268 dativum
679 1239 788 1278 putat.
822 1255 857 1259 —

168 1285 325 1324 alterum]
389 1285 513 1317 «alium
560 1286 706 1325 sactum,
758 1295 861 1327 pror-

910 613 972 644 γκ,
999 602 1069 633 duo
1087 602 1256 640 Pottierii,
1284 603 1306 633 L
1325 604 1359 634 et
1374 602 1560 634 Bentleius.

915 801 974 824 sus
1002 792 1181 824 diversum
1213 792 1256 824 ab
1292 793 1379 832 hoe,

915 850 987 874 es.»

958 891 988 922 7.
1025 891 1056 923 8.
1093 891 1199 932 mens]
1241 892 1337 923 «iam
1369 891 1413 923 ad
1445 900 1604 924 amorem

915 942 1076 981 prompta
1112 942 1147 972 et
1181 939 1310 979 facilis,
1357 941 1421 972 sed
1455 940 1603 979 frustra,

914 990 994 1030 quia
1031 998 1154 1021 omnes
1190 998 1283 1021 nunc
1317 997 1374 1021 me
1413 998 1608 1031 aspernan-

914 1041 1003 1070 tur.»
1024 1057 1059 1061 -
1085 1039 1272 1080 incolumes]
1299 1039 1429 1071 «barba
1456 1048 1524 1071 non
1543 1040 1607 1071 de-

915 1087 1223 1131 s01·nmtae,.leves
1240 1097 1281 1120 ae
1298 1088 1462 1120 nitidae.»
1500 1089 1607 1120 Com-

913 1139 1037 1178 parant,
1085 1139 1153 1169 iam
1203 1137 1416 1169 scholiastae
1465 1139 1604 1169 Terent.

913 1188 1039 1227 lleeyr.
1063 1188 1074 1218 ,1
1091 1212 1098 1225 ,
1118 1187 1130 1218 4
1147 1211 1153 1225 ‚
1173 1187 1229 1218 ⁴7:
1255 1187 1345 1219 Eheu
1366 1196 1417 1218 me
1436 1187 1604 1226 miseram,

911 1246 972 1267 cur
1007 1246 1068 1267 ηοη
1105 1239 1163 1267 auc
1198 1236 1297 1267 istaec
1329 1237 1409 1267 milti
1442 1236 1539 1267 Aetas
1576 1240 1605 1268 et

909 1287 1065 1326 formast,
1092 1289 1150 1317 au!
1167 1285 1223 1316 tibi
1238 1286 1317 1318 haec
1332 1286 1491 1318 sententia
1502 1285 1519 1317 ἴ)

1425 793 1482 834 qui
1515 801 1607 825 nunc
