1997 3219
350 204 402 244 32
861 205 1025 235 nonArn
1055 190 1276 236 (maximini

799 309 915 350 Luna
948 308 1147 350 minores.

632 413 777 455 Gentis
810 413 1020 455 humanae
1051 421 1172 469 pater
1202 419 1330 470 atque
1361 419 1506 455 custos

634 496 736 536 Orte
769 494 970 543 Saturno,
1005 493 1077 536 tibi
1109 508 1213 536 cura
1243 494 1382 550 magni
1740 494 1793 533 350

632 568 828 617 Caesaris
858 575 952 617 fatis
983 574 1100 617 data:
1134 580 1176 616 tu
1209 574 1400 617 secundo

804 656 989 698 Caesare
1023 669 1189 712 regnes.

633 754 724 801 Ille,
759 769 836 797 seu
867 755 1045 797 Parthos
1077 755 1195 797 Latio
1227 754 1493 796 imminentes

629 835 770 891 Egerit
800 835 910 877 iusto
942 835 1125 878 domitos
1157 835 1391 891 triumpho.

392 1045 444 1075 51¹.
473 1044 521 1074 «A
545 1042 621 1073 satis
647 1041 884 1086 (εἱμαρμένῃ)
910 1041 972 1072 tihi
989 1050 1048 1072 cu-

350 1093 462 1126 stodia
496 1091 656 1123 Caesaris
689 1091 880 1122 commissa
904 1092 975 1122 est:
1011 1092 1047 1121 tu

348 1144 394 1174 ita
427 1150 528 1181 regas
560 1140 753 1177 mundum,
790 1141 974 1180 optamus,
1010 1141 1049 1170 ut

350 1193 429 1234 post.
452 1193 486 1222 te
510 1189 566 1221 ille
592 1189 769 1221 secundus
794 1190 837 1221 sit
861 1189 956 1221 orbis
981 1190 1050 1220 ter—

348 1250 469 1273 rarum
493 1241 643 1271 rector.»
670 1239 766 1270 ovid.
786 1240 866 1271 Met.
888 1240 940 1278 ¹15,
959 1240 1022 1270 858
1039 1248 1045 1268 z

350 1292 497 1331 Iuppiter
520 1298 614 1321 arces
638 1290 808 1328 Temperat
829 1289 998 1320 aethereas
1021 1291 1051 1319 et

349 1341 465 1372 mundi
497 1348 603 1379 regna
639 1339 818 1378 triformis:
857 1339 959 1369 Terra
991 1338 1049 1368 sub

350 1390 514 1430 Augyusto:
534 1392 634 1427 pater
657 1391 702 1419 est
725 1391 754 1418 et
776 1391 885 1418 rector
899 1390 1046 1426 uterque.

351 1437 543 1471 Archelaus
567 1438 601 1468 in
625 1437 727 1468 Anth.
754 1436 823 1468 Pal.
850 1438 890 1467 11.
917 1446 950 1476 p.
972 1436 1046 1467 661.

352 1487 549 1519 Alexandro
579 1487 622 1518 M.
654 1486 743 1517 haee
773 1485 882 1517 verba
906 1485 1047 1516 tribuit:

352 1537 428 1569 Γᾶν
461 1534 522 1569 ὑπ’
555 1536 643 1578 ἐμοὶ
673 1536 843 1577 τίθεμαι,
876 1533 967 1574 Ζεῦ,
1001 1532 1048 1566 σὺ

351 1586 381 1618 δ’
397 1582 599 1627 3Ὀλυμ-ιον
623 1581 700 1623 ἔχε.

396 1636 450 1668 54.
494 1636 753 1675 «Triumphans
782 1636 861 1666 ante
886 1643 924 1666 sc
950 1635 1052 1675 egerit

353 1687 544 1727 captivos.»
584 1686 691 1716 Iustus
719 1685 839 1715 autem
868 1685 1052 1723 triumphus

353 1745 396 1766 ex
414 1731 822 1766 formularum'sermone
842 1733 1048 1773 «legitimus,

353 1785 542 1816 meritus.»
592 1784 661 1815 Cfr.
689 1782 864 1814 Markland
897 1783 942 1814 ad
967 1784 1049 1814 Stat.

355 1833 434 1864 Silv.
463 1834 493 1871 1,
519 1833 550 1871 4,
578 1832 630 1864 84.
680 1833 793 1870 Quare
823 1833 890 1865 1100
919 1830 1052 1876 κύριον

354 1893 386 1913 v.
407 1881 514 1913 nolim
531 1881 722 1922 explicare:
751 1890 846 1922 «quo
870 1882 1053 1914 vindicen—

355 1933 411 1963 tur
427 1932 572 1963 iniuriae
597 1931 641 1962 ab
667 1932 707 1963 iis
733 1932 880 1972 imperio
898 1933 1052 1963 Romano

357 1981 512 2012 illatae.»

400 2031 452 2061 55.
480 2030 532 2061 56.
575 2029 666 2070 orae]
693 2030 747 2060 Sic
772 2030 899 2066 nostri,
931 2038 1054 2061 omnes

359 2079 502 2119 Cruquii
527 2079 562 2109 et
585 2078 741 2116 Bentleii,
776 2079 835 2119 qui
867 2079 911 2110 ob
935 2088 1056 2109 κακο-

359 2129 507 2168 φωνίαν
531 2128 761 2168 reprehendit
784 2127 946 2160 Aldinum
974 2128 1056 2160 illud

361 2179 428 2210 oris
465 2179 617 2209 incertae
657 2178 887 2217 auctoritatis,
933 2178 1057 2210 collato

366 2228 427 2259 Od.
456 2228 486 2266 1,
505 2227 558 2258 26.
579 2226 609 2258 4.
632 2246 667 2249 -
686 2227 795 2268 Seras]
821 2228 1056 2266 subiacentes,

366 2277 563 2308 habitantes
580 2276 625 2308 ad
641 2276 780 2308 ultimas
797 2278 944 2309 Orientis
962 2286 1058 2309 oras:

368 2325 566 2358 incolebant
600 2327 718 2357 autem
753 2327 961 2358 Buchariam
999 2327 1063 2358 mi—

364 2384 500 2406 norem.
541 2375 606 2405 Vid
631 2375 686 2406 ad.
714 2376 776 2407 Od.
803 2376 834 2414 3,
861 2377 913 2412 ⁵29,
940 2377 992 2407 27.
1023 2395 1057 2399 -—

362 2425 468 2465 Indos]
494 2424 559 2455 Vid
585 2424 640 2455 ad.
669 2425 730 2455 Od.
759 2424 789 2463 4,
817 2425 868 2463 44,
895 2425 948 2457 4⁶2.

407 2475 460 2505 57.
489 2474 529 2504 Te
543 2473 662 2514 mium]
690 2483 854 2514 «semper
867 2483 1060 2513 agnoscens

365 2532 402 2555 se
438 2522 500 2553 tibi
534 2523 734 2554 inferiorem
774 2532 852 2554 esse
893 2525 1059 2563 tuamque

365 2571 511 2603 tutelam
549 2571 615 2603 sibi
654 2573 932 2604 necessariam.»
995 2572 1057 2603 Od.

366 2622 396 2659 3,
435 2621 465 2659 6,
503 2622 542 2652 5:
579 2622 742 2660 Romane,
775 2622 880 2653 diste
901 2623 1061 2653 ‘tumorem

367 2671 453 2709 quod
486 2671 589 2711 (scria,
626 2671 780 2710 impera&
821 2690 855 2694 —
890 2673 968 2712 lpse
1000 2672 1061 2703 ἑν-

367 2716 611 2761 θουσιασμὸς
628 2720 786 2761 poeticus
804 2721 925 2759 eflicit,
952 2721 985 2752 111
1003 2730 1059 2752 1110

369 2767 509 2807 saltem,
559 2772 597 2800 ut
634 2768 870 2802 adulationem
908 2771 964 2802 vix
1003 2773 1062 2801 aut

1098 1042 1239 1072 omnino
1264 1049 1334 1072 non
1354 1041 1654 1081 persentiscamus
1679 1051 1795 1082 neque

1098 1091 1142 1121 ab
1168 1099 1209 1122 ea
1234 1090 1501 1129 abhorreamus.
1530 1092 1588 1123 His
1605 1100 1646 1122 ac
1670 1091 1796 1123 talibus

1098 1142 1217 1171 tamen
1240 1140 1347 1171 veluti
1370 1140 1538 1181 praelusit
1554 1140 1715 1172 Plinianis
1733 1140 1797 1172 illis

1100 1191 1225 1229 paneg.
1252 1189 1289 1221 4:
1330 1190 1436 1228 Saepe
1463 1199 1521 1230 esso
1543 1199 1671 1221 mecum
1698 1192 1732 1222 P.
1760 1191 1794 1222 C.

1098 1239 1217 1269 tacitus
1240 1239 1367 1279 agitari
1383 1264 1390 1277 ,
1417 1240 1548 1278 qualem
1572 1243 1798 1279 quantmnquc

1098 1297 1164 1319 csse
1186 1292 1364 1328 oporteret,
1391 1289 1484 1320 cuius
1506 1290 1631 1320 dicione
1654 1292 1800 1329 nutuque

1098 1338 1211 1368 ‘maria
1234 1341 1360 1373 terrac,
1385 1347 1461 1377 pax
1484 1338 1567 1370 bella
1590 1342 1796 1378 ream-entur,

1099 1395 1172 1417 cum
1189 1387 1314 1418 interca
1328 1388 1464 1427 fingenti
1479 1388 1703 1427 sarmentique
1717 1388 1797 1418 mim

1094 1437 1291 1475 principe-m,
1317 1446 1411 1475 quem
1435 1440 1580 1476 aequata
1596 1438 1645 1467 clis
1662 1438 1799 1468 immor—

1099 1486 1218 1516 talibus
1228 1489 1373 1525 potestas
1382 1487 1519 1525 deceret,
1533 1495 1706 1525 nunquam
1720 1490 1795 1517 voto

1099 1537 1214 1567 sallem
1251 1536 1420 1575 concipere
1457 1537 1623 1567 succurrit
1659 1537 1798 1567 similem

1099 1586 1185 1625 huic,
1212 1594 1307 1625 quem
1328 1586 1485 1616 videmus.
1515 1603 1550 1608 —
1569 1586 1688 1626 latum]
1717 1595 1799 1617 «Ya-

1101 1636 1228 1673 stum»,
1246 1636 1478 1672 in]n1011sum;
1498 1636 1611 1676 aptius
1628 1636 1663 1666 h.
1683 1634 1703 1666 1.
1723 1634 1800 1667 ἐπί-

1104 1684 1216 1715 θετοι]
1251 1693 1358 1724 quam
1389 1684 1527 1723 laetum,
1565 1684 1659 1725 quod
1689 1684 1799 1725 expli-

1102 1735 1197 1765 cant:
1238 1743 1305 1765 «eo
1341 1735 1416 1774 ipso
1453 1733 1600 1773 laetum,
1635 1735 1730 1775 quod
1762 1736 1798 1765 tu

1103 1792 1185 1815 eum
1209 1784 1300 1822 regis
1317 1792 1357 1814 ac
1374 1783 1585 1823 gubernas.»
1608 1802 1643 1806 —
1662 1784 1797 1824 aequus]

1102 1835 1178 1865 Non
1213 1834 1285 1864 tam
1322 1833 1561 1874 «propitius»,
1601 1834 1640 1864 ut
1674 1833 1801 1864 dicitur

1101 1884 1175 1914 Iove
1209 1892 1336 1921 aequo,
1378 1890 1485 1922 quam
1523 1883 1660 1914 «iustus
1696 1882 1798 1914 simul

1104 1934 1208 1972 atque
1233 1931 1424 1963 clemens.»

1148 1981 1200 2012 58.
1242 1981 1356 2021 {Ji-avis
1387 1990 1506 2011 currus
1535 1982 1589 2012 est
1612 1982 1713 2020 Iovis,
1739 1980 1800 2012 ubi

1105 2030 1263 2062 fulminat
1287 2033 1322 2061 et
1344 2031 1451 2062 tonat.
1493 2031 1622 2061 Contra
1651 2039 1716 2071 per
1739 2040 1801 2063 su-

1106 2080 1206 2111 dum:
1243 2080 1391 2119 Iuppiter
1417 2080 1485 2119 ipse
1514 2081 1575 2111 levi
1603 2084 1713 2112 vectus
1739 2090 1802 2121 per

1106 2129 1223 2160 inania
1246 2138 1360 2160 cur-ru.
1394 2128 1515 2162 Tibull.
1542 2129 1574 2168 4,
1602 2130 1631 2160 1.
1659 2130 1732 2161 130.

1151 2179 1203 2210 59.
1238 2179 1372 2219 parum]
1408 2188 1471 2219 pro
1504 2180 1688 2219 negatione
1720 2188 1802 2219 gra-

1107 2229 1203 2259 tiore
1238 2229 1270 2259 11.
1304 2227 1325 2259 l.
1362 2228 1468 2259 habet
1497 2229 1596 2260 Hand
1620 2230 1717 2260 Turs.
1744 2229 1798 2259 IV.

1109 2288 1143 2319 p.
1170 2278 1245 2309 400.
1276 2296 1309 2300 *-
1340 2277 1448 2318 castis]
1484 2277 1659 2317 religionis
1694 2286 1801 2309 voca-

1109 2326 1247 2358 bulum:
1285 2330 1411 2358 eastum
1443 2327 1569 2358 Cereris
1593 2336 1658 2367 pro
1692 2335 1798 2358 sacro.

1112 2378 1231 2408 Festus
1253 2376 1289 2406 *in
1314 2385 1345 2407 v.
1371 2377 1545 2408 Minuilur.
1578 2377 1659 2408 Luci
1677 2385 1802 2415 parum

1109 2426 1190 2457 casti
1214 2427 1294 2457 sunt
1317 2425 1360 2456 ab
1386 2426 1499 2466 impiis
1516 2425 1635 2466 polluti
1653 2434 1693 2456 ac
1718 2434 1802 2466 pro—

1111 2475 1214 2507 sanati
1239 2475 1374 2506 incestu
1398 2476 1432 2506 et
1455 2474 1662 2506 homicidiis.
1700 2475 1802 2506 Teste

1110 2527 1245 2556 Acrone
1294 2533 1336 2555 ex
1374 2523 1543 2555 librorum
1586 2522 1803 2563 auguralium

1111 2573 1266 2605 doctrina
1307 2572 1374 2604 luci
1412 2573 1547 2604 nonnisi
1592 2572 1713 2613 polluti
1759 2572 1803 2603 (le

1111 2622 1208 2655 caclo
1248 2622 1490 2661 tangebantur.
1551 2622 1650 2654 Tales
1685 2623 1803 2653 autem

1111 2672 1177 2704 luci
1203 2672 1433 2712 expiabantur
1455 2679 1474 2702 a
1500 2671 1675 2703 Fratribus
1699 2673 1805 2702 Arva-

1111 2721 1213 2753 libus.
1256 2721 1324 2752 Cfr.
1351 2721 1471 2753 Marini
1494 2721 1561 2752 Atti
1586 2722 1662 2752 Tav.
1689 2720 1741 2753 43.
1768 2728 1801 2760 p.

1113 2771 1270 2802 CLXVII:
1314 2770 1406 2809 Quod
1434 2770 1467 2800 ri
1505 2770 1701 2810 tempestatis
1738 2770 1805 2800 ictu
