1997 3219
258 134 338 175 604

760 137 930 168 llORATll
954 137 1176 170 CARMINUM

430 237 652 295 Impellunt
683 239 848 281 animae
880 238 1007 281 lintea
1038 232 1259 289 Thraciae,

423 319 511 361 Iam
542 332 621 361 nec
652 325 771 374 prata
802 319 939 375 rigent
969 332 1047 361 nec
1078 318 1192 361 fluvii
1224 326 1416 376 strepunt

537 398 724 441 Hiberna
755 399 852 442 nive
883 399 1050 456 turgidi.

428 503 582 546 Nidum
612 503 751 560 ponit,
786 505 878 561 Ityn
912 503 1107 547 flebiliter
1137 518 1338 561 gemens,

1668 506 1692 544 Q!

424 583 569 626 Infelix
599 584 688 626 avis
720 591 762 627 et
794 585 1028 641 Cecropiae
1060 584 1212 628 domus

426 665 657 708 Aeternum
686 665 982 722 opprobrium,
1015 664 1132 721 quod
1162 664 1272 708 male
1302 664 1507 707 barbaras

536 747 698 802 Regum
727 752 793 788 est
821 745 907 788 ulta
936 745 1146 788 libidines.

343 884 373 915 2.
400 883 560 923 Inpellant
583 883 618 914 T.
655 901 683 905 —
709 884 739 915 5.
766 883 862 914 hithis
884 884 919 914 T.
950 902 985 907 —-
1012 883 1043 914 7.
1070 883 1166 924 quod]
1193 892 1277 923 quae
1300 882 1331 914 λ.

259 1023 302 1046 ex
319 1022 393 1054 seq.
413 1021 524 1052 vers.‚
552 1021 660 1053 quam
675 1012 800 1045 altera:
828 1011 954 1045 «modo

262 1064 434 1102 excitant,
461 1063 584 1102 modo,
611 1072 692 1095 cum
710 1064 859 1102 cessant,
878 1062 955 1104 pla—

261 1115 378 1145 catum
403 1114 555 1144 sinunt.»
575 1131 611 1135 —
635 1113 821 1152 Impellimc]
849 1112 954 1143 «dum

261 1162 338 1195 vela
362 1163 562 1202 intendunt,
596 1171 638 1194 eo
665 1161 864 1203 propellunt
890 1171 955 1193 na—

262 1221 358 1244 ves.»
380 1231 415 1235 -
442 1213 574 1244 animae
592 1212 760 1253 Thraciae]
787 1212 953 1243 Graeciae

262 1261 306 1293 ab
330 1261 519 1302 Aquilone,
557 1262 616 1301 qui
643 1262 739 1292 venti
766 1270 832 1292 ver
854 1262 955 1292 ante-

263 1311 404 1343 cedunt.
451 1311 556 1352 Soph.
586 1311 698 1350 Antig.
729 1310 820 1342 586:
857 1305 954 1341 ὥστε

260 1361 432 1399 ποντίαις
466 1357 588 1401 Οἱδμα
621 1357 827 1400 δυσπνόοις
861 1354 954 1390 ὅταν

260 1407 500 1455 Θρῄσσαισιν
535 1405 669 1454 ἔρεβος
699 1404 850 1449 ὕφαλον
873 1409 954 1441 ἐπι-

258 1457 384 1504 δράμῃ
428 1461 574 1499 πνοαῖς.
626 1458 797 1499 (Animae,
839 1459 953 1491 omnis

261 1513 323 1540 aer
345 1510 481 1546 motus,
512 1510 550 1540 ut
572 1509 664 1549 Virg.
689 1510 775 1540 Aen,
802 1509 838 1547 8,
865 1508 949 1541 403:

262 1560 352 1599 iynes
374 1557 598 1599 animaeque.)

304 1608 385 1639 5-8.
416 1607 655 1647 Nidzimponit]
683 1607 870 1645 «Hirundo,
889 1616 954 1638 ve-

260 1658 307 1689 ris
325 1657 457 1695 nuntia,
477 1657 545 1689 lam
563 1656 750 1688 nidificat.»
769 1656 953 1688 Pandionis

260 1705 327 1737 filia
346 1708 495 1744 Procne,
522 1705 733 1737 Philomelae
755 1714 866 1744 soror,
893 1706 956 1737 Te-

260 1764 321 1787 reo
347 1756 488 1791 marito,
515 1755 681 1786 Thraciae
709 1763 809 1795 rege,
840 1754 953 1795 gladio

261 1814 340 1836 eam
376 1805 631 1844 persequente,
668 1804 703 1835 in
731 1804 953 1835 hirundinem

262 1856 315 1885 est
349 1855 500 1892 mutata,
552 1855 739 1893 postquam
770 1862 953 1891 sororem

262 1903 317 1934 cui
351 1901 405 1933 ille
439 1903 511 1934 vim
546 1902 708 1933 Intulerat
730 1901 955 1942 linguamque

262 1953 484 1987 exsecuerat,
523 1951 635 1982 ultura
673 1952 748 1991 Ityn
781 1951 890 1983 filium
925 1952 956 1983 ei

263 2000 476 2042 epulandum
502 2003 724 2042 apposuerat.
757 2001 854 2032 Ovid.
873 2002 953 2033 Met.

262 2051 293 2086 6,
315 2050 377 2082 424
391 2059 443 2090 sq.
464 2052 657 2082 etPausan.
679 2051 708 2089 1,
727 2051 757 2088 5,
778 2050 807 2082 li.
829 2051 956 2082 Contra

262 2099 463 2140 Apollonius
510 2100 663 2131 Rhodius
709 2101 742 2131 in
781 2097 956 2132 Κταύνου

263 2150 383 2180 κτίσει
407 2149 499 2189 apud
525 2149 686 2181 Parthen.
721 2150 777 2181 111
819 2148 958 2181 Κλαῖεν

266 2195 477 2240 άηόονίὸων
504 2196 780 2240 θαμινώτερον,
806 2197 877 2230 αἵτ’
902 2198 957 2231 ἑνὶ

265 2245 418 2292 βήσσῃς
441 2247 604 2290 Σιθονίῳ
629 2245 754 2292 κούρῳ
780 2258 861 2293 περι
884 2259 958 2290 μυ-

265 2298 347 2341 ρίον
368 2294 578 2337 αἰάζουσιν.
619 2298 706 2328 Item
726 2297 875 2329 Achilles
892 2299 958 2330 Ta-

265 2348 329 2379 tius
346 2348 382 2381 5
402 2348 432 2377 5.
460 2356 493 2387 p.
515 2347 587 2378 106.
614 2346 737 2377 Iacohs
754 2356 759 2377 :
778 2342 911 2387 Ἔποψ

264 2393 372 2441 ἀνήρ,
397 2396 439 2427 αἱ
459 2394 528 2428 δύο
552 2399 737 2438 γυναῖκες,
763 2395 959 2439 Φιλομήλα

264 2444 431 2483 χελιδών,
446 2446 510 2477 καὶ
522 2444 675 2491 Πρόκνη
689 2442 826 2487 ἀηδών,
843 2447 956 2479 Seliol.

264 2497 372 2527 vatic.
400 2496 443 2527 ad
468 2496 622 2527 Rhesum
647 2495 730 2527 547:
756 2495 911 2537 Λέγε-ται
935 2493 958 2538 ἡ

264 2543 418 2601 ·1[('(3⁷3¹²⁷7
462 2542 557 2585 uere).
604 2542 646 2576 τὸ
691 2544 959 2589 κρεανοιιηῖἦ-

267 2605 324 2625 ιαι
352 2590 449 2626 Ἰτυν
486 2591 550 2625 rot
588 2591 669 2626 ιῐὸι
703 2591 765 2626 διὰ
797 2604 866 2635 την
896 2593 959 2627 λύ-

267 2652 340 2683 ,7271
363 2643 535 2685 naastan
540 2641 653 2685 9²71ch
671 2644 723 2683 εἰς
749 2638 869 2688 ‹⁷f¹·›‘()itz
896 2645 956 2675 καὶ

270 2690 327 2733 ἧι
347 2693 384 2724 ἑ]
416 2692 569 2736 ΙΙοόκιη
595 2694 646 2732 cic
675 2690 796 2734 σηόοι
799 2704 821 2724 (1
856 2705 892 2724 ιι
888 2702 959 2725 τε·

936 2346 957 2379 ὁ
1008 2349 1113 2387 ⁶240ss
1142 2344 1159 2355 ³'

1003 1009 1152 1054 βλήθη,
1189 1008 1242 1053 ὦς
1271 1013 1335 1045 καὶ
1366 1009 1390 1055 ἦ
1423 1011 1620 1056 Φιλομήλα
1643 1015 1696 1055 εἰς

1003 1060 1190 1100 χελιδόνα.
1231 1063 1304 1094 Iam
1337 1064 1416 1103 quia
1448 1062 1503 1094 alii
1538 1065 1695 1096 Procnen

1003 1112 1037 1143 in
1060 1111 1254 1150 lusciniam,
1282 1111 1508 1144 Philomelam
1524 1113 1557 1144 in
1575 1113 1697 1146 hirun-

1005 1161 1123 1192 dinem
1148 1162 1318 1192 mutatam
1343 1158 1500 1200 narrant,
1538 1162 1694 1201 fuerunt,

1004 1211 1063 1251 qui
1087 1210 1122 1241 h.
1141 1209 1162 1242 l.
1182 1210 1225 1241 de
1251 1209 1396 1242 luscinia
1420 1211 1698 1252 interpretaren-

1004 1261 1060 1290 tur
1084 1268 1165 1291 cum
1190 1260 1329 1300 Sappho
1365 1260 1418 1291 Fr
1450 1260 1697 1293 1950111]θί-

1004 1309 1112 1341 (lewa
1145 1302 1255 1353 Ηρος
1289 1304 1468 1352 ἄγγελος,
1505 1308 1698 1356 ἱμερόφω-

1003 1368 1068 1398 νος
1092 1353 1232 1400 ἀηδών.
1258 1359 1370 1390 Minus
1394 1361 1490 1391 recte
1515 1360 1560 1391 ad
1587 1369 1699 1402 popu-

1002 1407 1114 1440 larem
1138 1409 1233 1439 certe
1256 1408 1475 1448 opinionem,
1503 1417 1593 1449 quae
1617 1409 1697 1441 inde

1003 1457 1047 1489 ab
1065 1454 1273 1503 Εἱρεσιώνῃ
1288 1458 1476 1489 Homerica
1501 1457 1601 1498 longe
1619 1468 1698 1491 sae-

1002 1508 1080 1548 pius
1115 1507 1340 1539 hirundinem
1373 1507 1482 1539 habet
1512 1516 1576 1548 pro
1604 1509 1697 1540 veris

1003 1557 1121 1588 nuntia
1133 1583 1140 1595 ,
1165 1566 1197 1588 v.
1218 1558 1252 1588 11
1270 1566 1275 1587 :
1302 1553 1451 1598 Νεῦμαί
1466 1566 1544 1595 τοι,
1562 1556 1695 1598 νεῦμαι

1002 1604 1197 1645 ἐνιαύσιος
1227 1600 1325 1637 ὥστε
1347 1604 1515 1643 χελιδών.
1549 1602 1697 1649 ‘'Eam-s:

1002 1654 1041 1687 ἐν
1077 1652 1300 1700 προθύροις,
1336 1653 1434 1697 ψιλή
1459 1653 1589 1696 πόδας.
1630 1658 1698 1688 lle-

1005 1705 1094 1736 siod.
1117 1701 1167 1736 E.
1194 1705 1260 1736 καὶ
1278 1701 1333 1736 ’.Η
1359 1705 1439 1737 5681
1467 1703 1542 1737 Τὸν
1561 1704 1601 1738 δὲ
1616 1716 1684 1748 μετ

1005 1751 1139 1810 ορθρο)
1141 1752 1200 1796 (377
1231 1753 1434 1795 Πανδιονὶς
1464 1749 1563 1800 ω’ρτο
1598 1754 1699 1793 χελι-

1003 1802 1077 1835 δών
1108 1799 1169 1843 Ες
1202 1801 1305 1843 φάος
1339 1799 1558 1849 ἀνθρώτοις
1586 1800 1699 1850 ῗέαρος

1004 1855 1090 1886 νέοι
1109 1854 1342 1894 ἱσταμένοιο.
1361 1854 1547 1886 SlmOnldls
1561 1855 1694 1895 F1a0m

1006 1905 1078 1936 121.
1118 1903 1352 1935 Schneidew.:
1392 1899 1539 1946 Άγγελε
1582 1901 1698 1936 κλυτὰ

1004 1950 1117 2000 ἔαρος
1148 1949 1344 1994 ἁδυόόμου
1369 1953 1520 1985 Κυανέα
1543 1952 1696 1991 χελιδοῖ.

1006 2005 1046 2036 Et
1068 2000 1317 2044 χελιδόνισμα
1340 2003 1433 2043 apud
1458 2002 1697 2035 Schneidewin

1005 2053 1122 2094 Del.p.
1135 2052 1208 2085 465.
1218 2053 1330 2093 Bergk
1344 2061 1377 2093 p.
1391 2045 1699 2095 8821³Hv19323v195

1006 2099 1180 2141 χελιδών,
1225 2098 1354 2141 Καλὰς
1391 2096 1492 2147 ὧρας
1528 2098 1696 2144 ἄγουσα,

1006 2149 1159 2191 Καλοὺς
1182 2149 1379 2190 ἐνιαυτοὺς
1402 2150 1480 2182 κτλ.
1503 2170 1536 2174 -
1557 2153 1698 2184 Nativae

1007 2200 1235 2242 simplicitatis
1271 2201 1453 2241 antiquum
1488 2202 1541 2232 est
1571 2209 1698 2232 monu-

1008 2252 1165 2282 mentum
1190 2249 1362 2281 Volcense
1378 2250 1461 2281 Ami.
1485 2250 1586 2281 Iustis.
1604 2250 1695 2281 arch.

1006 2299 1080 2331 Vol.
1108 2300 1147 2330 ΙΙ.
1175 2300 1210 2330 T.
1238 2298 1290 2330 ¹24..
1323 2299 1435 2337 (Text.
1467 2298 1539 2330 Vol.
1567 2299 1635 2330 vll.
1661 2308 1695 2339 p.

1157 2347 1329 2390 Εφηβος.
1358 2347 1436 2379 [AO
1467 2347 1696 2379 XEAIAON.

1004 2394 1122 2443 Ἀνήρ.
1185 2398 1250 2429 ΝΕ
1296 2398 1392 2429 ΤΟΝ
1430 2396 1696 2429 ΗΕΡΑΚΛΕΑ.

1008 2447 1116 2486 Παῖς.
1145 2446 1327 2478 ΗΛΤΤΕΙ.
1347 2443 1466 2492 Ἀνήρ.
1486 2445 1578 2478 ΕΑΙ)
1591 2445 1696 2477 ΕΔΕ.

1008 2497 1063 2529 Bis
1089 2497 1211 2528 Cicero
1236 2495 1327 2527 illam
1351 2497 1443 2528 veris
1461 2497 1616 2528 nuntiam
1632 2494 1699 2526 λα-

1009 2545 1078 2588 λαγ
1072 2544 1196 2578 εὗσαν
1221 2547 1319 2577 vocal
1343 2546 1385 2577 ad
1390 2547 1466 2625 {m
1483 2546 1513 2583 9,
1530 2546 1580 2576 ⁴8
1597 2545 1695 2576 eth.

1008 2596 1363 2636 z.1lonat.Epp.i,
1421 2595 1511 2634 13·
1546 2594 1697 2626 CimiZe—

1004 2645 1144 2684 phyris-
1151 2648 1201 2675 -el
1216 2645 1268 2675 hir
1272 2645 1389 2676 midine
1400 2644 1523 2683 prima.
1538 2642 1697 2673 —Tertia

1010 2694 1160 2734 denique
1187 2696 1237 2725 ost
1270 2693 1405 2725 fabulae
1437 2693 1545 2725 fornia
1572 2691 1694 2732 (Ἰὼ-ες,
