1997 3219
653 208 730 239 rin.
759 209 780 239 ι.
831 208 868 239 c.
896 208 1023 239 xxxv.
1524 208 1596 249 197

167 316 298 347 reli-ices
319 318 349 346 ec
369 314 473 354 fucati
496 313 595 343 amici
617 321 688 344 eam
713 312 951 352 derelinquunt.
999 314 1125 345 Contra
1152 314 1269 344 autem
1300 312 1421 344 dicunt
1444 312 1518 351 alii,
1545 314 1597 344 in-

168 369 288 401 tidcies
320 369 451 400 amicos
485 368 653 399 Fortunae
686 369 832 399 comites
867 378 964 407 csse;
1002 377 1123 400 veram
1155 369 1273 399 autem
1307 367 1425 399 Fidem
1454 369 1596 400 minime

166 408 351 458 'FBiiunam
375 425 484 465 sequi.
536 423 676 456 Ovidius
700 425 796 455 Pont.
822 425 862 455 ΙΙ.
888 424 918 462 3,
945 425 975 454 7.
1003 423 1045 455 de
1073 423 1222 455 amicitia
1246 424 1281 454 et
1310 423 1377 454 fide
1404 423 1534 455 fucata:

361 487 465 525 Turpe
487 486 614 525 quidem
640 486 745 519 dit-lu.
771 486 825 516 sed
848 484 887 525 (si
910 486 1006 516 modo
1028 494 1110 516 vera
1131 484 1288 524 fatemur)

407 541 522 581 i'olyus
545 541 709 571 (iiiiicilias
733 540 871 572 ulilitate
889 541 1020 580 probat.

359 597 446 628 Cura
471 597 550 635 quid
573 597 727 635 erpedial
747 597 842 635 prius
865 600 909 627 est
933 605 1033 636 quam
1057 597 1134 635 quid
1156 597 1197 627 sit
1219 597 1403 628 honestum:

401 652 440 682 Et
464 660 537 682 rum
561 652 753 683 Fonrzrxa
775 655 902 691 statque
924 652 1076 691 caditque
1098 652 1212 683 Fines.

165 717 199 745 at
226 722 303 745 mox
329 712 459 744 ibidem
486 714 527 752 (v.
554 712 619 751 55.)
646 712 689 743 (le
714 712 784 744 fido
811 713 966 756 amico:-

358 774 486 805 Scilicet
510 774 699 814 indigyiium.
726 774 850 805 iuvenis
872 775 1061 813 rarissime,
1087 774 1178 805 ducis

403 829 441 860 Te
461 830 534 870 fieri
558 837 747 861 contrait
767 829 883 860 stantis
906 829 939 860 in
962 829 1038 861 orbe
1059 837 1157 861 DEAE.

163 895 195 923 et
222 893 316 924 Ponl.
345 893 368 923 1.
395 893 432 929 9,
465 893 516 923 ¹5:

356 954 467 993 Adfui!
491 953 542 984 ille
566 953 660 991 mim,
685 961 760 984 cum
777 962 861 992 pars
882 962 933 984 me
954 961 1080 994 magna
1102 953 1251 993 reliquit,

400 1009 566 1047 Maxime,
592 1009 767 1040 Fonwxffi
789 1017 846 1040 uec
867 1008 930 1048 fuit
953 1009 1006 1040 ille
1029 1016 1145 1041 cosffls.

165 1074 198 1102 et
226 1072 351 1102 iterum
375 1071 472 1101 Pont.
499 1070 553 1101 IV.
582 1070 641 1108 10,
668 1069 726 1101 73:

360 1132 524 1171 Quemque
547 1132 666 1171 refers,
693 1133 824 1163 imitare
845 1133 974 1163 virum:
998 1135 1086 1163 vetat
1109 1133 1162 1164 ille
1178 1133 1326 1173 profecto

402 1187 582 1226 Tranquilli
605 1195 750 1219 commit
774 1188 928 1227 temporis
948 1196 1014 1219 esse
1036 1188 1155 1219 Fmfflt.

164 1247 334 1280 luvenalis
358 1249 426 1280 Sat.
453 1248 492 1279 X.
519 1247 576 1279 73:
1113 1238 1118 1244 ⁷

1096 1306 1151 1345 secl
1175 1306 1254 1344 quid

361 1358 467 1389 Turba
490 1358 607 1390 Remi?
628 1367 788 1397 suornm
809 1367 984 1391 femmam
1005 1368 1150 1399 semper,
1176 1363 1205 1391 et
1228 1361 1295 1391 odit

354 1414 547 1444 Damnatos.

247 1476 334 1514 Quid
359 1477 460 1516 igitur
483 1476 562 1508 fiet?
594 1477 652 1506 aut
677 1484 746 1516 quo
778 1475 920 1507 tandem
943 1478 1046 1517 pacto
1073 1478 1145 1508 tam
1169 1476 1308 1509 diversa
1333 1477 1421 1509 haee
1444 1478 1534 1510 inter
1557 1488 1594 1511 se

160 1531 334 1564 conciliari
359 1533 544 1572 poterunt?
568 1532 657 1562 Sane
683 1539 764 1562 cum
789 1531 929 1563 Ovidius
953 1533 988 1562 et
1010 1530 1184 1564 Iuvenalis
1202 1533 1386 1565 Fortunam
1402 1534 1594 1572 nominant,

158 1589 333 1619 secundam
357 1589 491 1619 tantum
517 1585 708 1627 intelligunt
732 1595 773 1617 ex
796 1588 939 1627 recepto
955 1585 1121 1627 loquendi
1138 1596 1256 1619 more:
1283 1590 1318 1619 et
1332 1589 1480 1629 proinde
1497 1591 1594 1621 recte

160 1643 295 1681 dicunt,
322 1643 474 1675 abeunte
499 1643 648 1674 Fortuna
673 1650 817 1673 manere
843 1644 961 1673 tamen
992 1642 1082 1674 fidos
1105 1644 1256 1681 amicos,
1283 1653 1399 1684 neque
1424 1644 1594 1676 Fortunae

160 1699 306 1730 comites
331 1707 421 1730 esse.
468 1698 594 1729 Noster
617 1699 734 1729 autem
760 1696 863 1728 aliam
887 1696 989 1738 plane
1014 1698 1202 1738 imaginem
1227 1700 1389 1740 concepit
1405 1701 1440 1731 et
1455 1708 1597 1740 reprae-

159 1754 323 1791 sentavit3
360 1753 426 1785 sub
458 1754 627 1784 Fortunae
659 1753 751 1784 enim
779 1753 918 1784 nomine
944 1753 1094 1784 eandem
1120 1755 1154 1785 et
1176 1763 1385 1795 prosperam
1409 1756 1444 1786 et
1467 1755 1595 1787 adver-

158 1818 252 1846 sam,
282 1811 411 1840 mutata
437 1810 571 1839 tantum
594 1809 711 1845 veste,
738 1807 909 1848 intelligit:
938 1808 1032 1840 unde
1057 1817 1279 1849 consequens
1304 1811 1394 1848 erat,
1427 1812 1465 1841 ut
1489 1811 1593 1843 etiam

161 1866 313 1896 mutatae
347 1865 516 1895 Fortunae
548 1864 672 1904 Spem,
709 1863 827 1895 Fidem
863 1865 898 1895 et
926 1864 1057 1896 amicos
1088 1865 1203 1895 certos
1234 1864 1349 1897 adhuc
1381 1866 1527 1899 comites
1560 1869 1595 1898 et

159 1918 310 1951 cultores
346 1928 423 1951 esse
459 1919 608 1957 diceret,
645 1920 851 1951 meretrices
886 1921 1005 1951 autem
1036 1920 1071 1951 et
1099 1920 1271 1960 parasitos
1301 1921 1527 1954 retrocedere
1558 1924 1594 1954 et

161 1974 339 2014 diffugere.
388 1975 427 2006 Et
452 1974 542 2006 bene
573 1974 715 2015 quidem
740 1975 806 2006 hoc
830 1975 970 2006 Horatio
995 1975 1176 2014 cessisset,
1203 1976 1268 2007 nisi
1292 1976 1486 2009 addidisset
1510 1986 1594 2009 ver-

160 2029 262 2063 bum.
290 2029 401 2069 quod,
433 2031 470 2060 ut
494 2030 577 2061 mihi
601 2030 745 2069 quidem
767 2029 924 2069 videtur,
955 2031 1063 2062 totam
1088 2030 1179 2062 hane
1203 2039 1347 2063 scenam
1372 2032 1536 2073 deturpat
1559 2034 1594 2064 et

161 2093 302 2125 prorsus
327 2085 536 2125 corrumpit:

718 2148 774 2171 nee
797 2141 945 2172 comitem
968 2140 1127 2182 abnegat,

591 2194 756 2234 Utcunque
778 2198 907 2226 mutata
925 2198 1073 2235 potentes

636 2250 722 2281 Veste
745 2251 857 2282 domos
879 2251 1014 2282 inimica
1037 2258 1179 2290 Lm'oins.

159 2312 293 2352 Quippe
318 2312 345 2342 si
372 2311 518 2343 Fortuna
549 2311 666 2351 linquit
696 2311 820 2344 domos
851 2311 1013 2350 afflictas,
1050 2321 1190 2353 unaque
1219 2313 1430 2345 comitantur
1452 2312 1592 2347 abeun-

159 2369 230 2399 tem
262 2368 348 2408 Spes
378 2368 412 2398 ct
442 2366 556 2406 Fides,
597 2369 670 2399 tum
699 2367 856 2408 profecto
883 2376 1007 2399 omnes
1031 2369 1172 2400 omnino
1197 2368 1399 2410 diffugiunt,
1436 2370 1507 2400 tam
1532 2369 1590 2400 fidi

159 2422 259 2454 amici
285 2430 392 2462 quam
417 2420 590 2457 infideles:
617 2431 687 2462 quo
718 2422 799 2455 nihii
824 2422 1011 2455 absurdius
1035 2423 1115 2464 fingi
1139 2425 1264 2465 potest.
1314 2425 1435 2461 Certe,
1462 2424 1591 2464 siquid

159 2477 278 2513 video,
306 2477 358 2509 xei
385 2477 450 2508 hoc
476 2476 528 2508 sel
554 2486 620 2509 non
645 2478 801 2510 dissimili
826 2478 936 2510 verbo
960 2479 1092 2511 dictum
1116 2480 1283 2520 oportuit:

593 2534 756 2573 Utcunque
777 2537 906 2565 mutata
925 2537 1071 2573 potentes

637 2589 722 2620 Veste
744 2590 854 2620 aornos
877 2589 1011 2621 inimica
1035 2597 1166 2623 rizans:

158 2644 223 2675 hoc
248 2646 318 2680 est,
355 2646 517 2678 conculis,
553 2644 685 2685 affliqis.
734 2645 838 2685 Spes,
875 2645 1001 2685 inquit,
1039 2647 1073 2677 ct
1103 2645 1202 2677 Fides
1229 2653 1372 2686 semper
1396 2646 1429 2676 te
1455 2644 1587 2683 colunt,

159 2699 323 2736 Fortuna.
351 2708 465 2740 neque
491 2701 523 2730 tc
549 2699 732 2734 deserunt.
767 2700 829 2731 sed
855 2700 958 2731 etiam
984 2701 1016 2732 in
1041 2699 1165 2733 afflicta
1191 2700 1314 2738 domo,
1349 2709 1429 2732 cum
1455 2702 1589 2732 vestem

159 2755 362 2791 mutaveris,
401 2756 516 2787 tecum
558 2757 715 2788 manicon
753 2753 872 2796 volgus
909 2756 1027 2788 autem
1063 2756 1207 2789 infidum
1243 2756 1359 2788 statim
1395 2756 1586 2798 diffugiunt.
