1997 3219
703 201 780 232 ΠΒ.
808 201 861 232 111.
911 201 947 231 C.
975 201 1013 231 x.
1524 197 1604 239 407

392 303 521 345 Audis
552 316 637 359 quo
669 303 844 359 strepitu
877 304 1022 351 ianua,
1056 316 1141 359 quo
1173 316 1322 345 nemus
1578 303 1602 342 5

394 384 505 425 Inter
535 383 709 440 pulchra
741 390 878 425 satum
908 389 1017 425 tecta
1047 383 1255 439 remugiat

393 464 555 511 Ventis,
589 470 631 506 et
661 464 821 520 positas
853 470 897 505 ut
926 463 1078 519 glaciet
1108 463 1225 505 nives

504 545 615 586 Puro
647 544 818 586 numine
850 543 1066 599 Iuppiter?

391 649 601 704 Ingratam
632 649 781 691 Veneri
813 661 924 704 pone
957 647 1223 704 superbiam,

393 730 453 771 Nc
486 736 681 771 currente
714 735 826 771 retro
858 728 966 770 funis
999 734 1068 770 eat
1098 734 1202 769 rota.
1555 728 1605 769 ¹lO

253 861 283 891 6.
309 861 406 890 sitnm
429 858 473 891 cd
497 861 531 890 et
561 867 651 890 corr.
679 858 742 897 bs,
779 859 862 889 item
889 858 1068 898 (quattuor
1097 860 1215 889 tamen
1246 858 1417 898 exceptis)
1449 858 1559 890 Codd.

211 909 373 940 Pottierii.
403 909 453 948 (Ut
468 917 531 940 nos
544 933 552 947 ‚
577 905 705 950 ΒΤ,γξι
729 909 764 939 et
780 916 870 939 corr.
888 905 932 945 β,
958 906 1078 938 Bland.
1105 906 1202 946 tres.)
1223 924 1258 929 —-
1277 907 1308 938 6.
1327 907 1359 939 7.
1376 907 1564 947 remugiat?

209 958 315 989 Sentis
345 961 373 990 et
404 957 578 989 Bentleius
606 958 696 989 coni.
726 974 761 979 —
787 958 818 989 8.
844 958 940 988 Duro
970 956 1145 989 Bentleius
1176 957 1265 988 coni.
1294 973 1329 979 —
1358 957 1409 988 40.
1435 957 1502 988 Nec
1524 956 1560 988 b.

213 1025 247 1029 —
274 1010 349 1038 rota
370 1007 460 1047 funis
481 1010 536 1039 eat
556 1011 633 1039 rota
654 1004 717 1048 μξ,
743 1005 853 1038 Bentl.
882 1007 933 1047 (Ut
956 1014 1038 1044 nos,
1065 1006 1175 1038 nostri
1192 1006 1227 1037 et
1242 1006 1395 1038 Pottierii
1411 1006 1561 1045 omnes.)

165 1132 234 1163 que
260 1123 406 1154 humum
437 1125 604 1164 contegit,
642 1132 735 1155 nunc
762 1123 859 1156 caclo

165 1172 254 1203 sudo
289 1174 324 1203 et
355 1181 483 1204 sereno
518 1174 552 1205 in
587 1172 737 1214 glaciem
773 1182 860 1205 con-

165 1223 361 1253 vertatur.»
413 1222 552 1254 Serenis
589 1224 708 1254 autem
747 1223 860 1254 nocti-

164 1269 231 1302 bus
255 1269 383 1310 glacies
408 1270 540 1303 facilius
557 1280 788 1303 concrescere
805 1279 861 1302 so-

165 1318 211 1350 let
227 1328 334 1359 quam
359 1319 538 1351 nubilosis.
555 1339 590 1344 —
617 1322 704 1352 Puro
727 1321 860 1351 numine

163 1369 320 1409 Iuppiter]
351 1369 441 1400 Cum
469 1368 607 1401 caelum
637 1370 753 1410 ipsum
779 1370 860 1409 Iup-

160 1419 248 1457 piter
282 1417 434 1456 dicatur,
474 1419 521 1458 (ut
556 1418 619 1450 Od.
647 1419 682 1456 4,
721 1419 757 1457 4,
794 1419 855 1449 25:

165 1470 274 1498 manet
296 1466 354 1497 sub
377 1467 452 1498 Iove
472 1468 606 1507 friyido.
646 1467 708 1498 Od.
735 1467 771 1505 ’1,
797 1467 856 1506 Ἡ,

165 1518 216 1548 -20,
255 1516 364 1557 Epod.
403 1517 460 1555 ⁴3,
498 1518 560 1557 2),
597 1517 715 1549 dicere
751 1518 857 1549 etiam

167 1568 321 1608 poterat:
350 1569 407 1598 «ut
419 1576 506 1606 puro
523 1576 587 1599 suo
602 1568 736 1599 numine
762 1567 859 1607 (nutu

164 1625 205 1648 ac
251 1616 423 1656 potentia)
472 1615 667 1656 conglaciet
717 1617 857 1648 nives.»

164 1665 394 1704 «Neutiquam
428 1674 549 1697 numen
580 1666 614 1697 h.
640 1664 661 1697 l.
689 1665 860 1706 significat

164 1714 253 1745 lovis
290 1714 479 1754 imaginem
514 1715 753 1755 formamque,
794 1714 857 1746 sed

164 1771 244 1794 eam
294 1764 468 1803 potentiae
522 1764 856 1802 manifestationem,

164 1820 254 1852 quae
287 1811 373 1843 caeli
405 1814 634 1845 serenitatem
669 1812 786 1851 efficit,
825 1814 859 1844 et

163 1869 254 1901 quae
291 1869 370 1892 eam
404 1861 449 1893 ob
485 1870 627 1894 causam
663 1863 738 1903 ipsa
768 1871 861 1901 pura

163 1908 392 1950 appellatur.»
421 1911 502 1942 mm
526 1911 572 1942 ad
593 1912 687 1951 Virg.
713 1913 799 1943 Aen.
826 1912 857 1950 ’1,

164 1958 195 1989 8.
243 1958 387 1990 Bentleii
423 1960 526 1999 duro,
568 1961 715 1999 nemini,
763 1959 860 2000 quod

165 2008 292 2045 sciam,
328 2007 534 2048 probatum,
569 2009 764 2041 sententiae
788 2010 860 2040 vim

164 2058 268 2097 atque
294 2056 505 2088 evidentiam
530 2058 715 2089 imminuit.

206 2106 238 2137 9.
264 2106 448 2147 Inyratam]
474 2106 638 2146 Agathias
659 2107 762 2138 Anth.
787 2105 857 2138 Pal.

164 2157 186 2186 1.
225 2164 259 2196 p.
297 2156 378 2186 4711:
418 2152 562 2200 Κύπρις
599 2153 672 2201 γὰρ
708 2153 756 2187 τὰ
789 2155 860 2197 μὲν

162 2200 261 2236 ἄλλα
283 2203 529 2247 παλίγκοτος·
556 2201 596 2236 ἓν
619 2204 660 2238 δέ
683 2215 718 2237 τι
741 2203 859 2237 καλὸν

165 2251 361 2292 Ἐλλαχεν,
402 2254 596 2300 ἐχθαίρειν
635 2252 703 2295 τὰς
737 2254 859 2294 σοβα-

164 2304 384 2347 (ιευομένας.

209 2354 261 2384 40.
276 2354 324 2384 Ne
335 2357 486 2385 currente
497 2353 578 2395 cet.]
591 2354 782 2385 Construo:
801 2363 860 2386 «ne

164 2406 252 2433 retro
282 2406 434 2433 currente
462 2406 537 2434 rota
565 2403 670 2434 ctiam
693 2403 782 2443 funis
806 2407 859 2434 eat

164 2454 257 2482 retro
269 2461 302 2488 ·›;
341 2452 384 2481 ita
418 2453 455 2482 ut
486 2456 574 2483 retro
598 2452 640 2483 ad
666 2455 856 2493 utrumque

164 2500 314 2532 verbum
339 2501 528 2541 pertineat:
556 2510 636 2532 nam
653 2501 858 2542 simpliciter

163 2551 274 2588 sunem
299 2550 363 2587 ire,
389 2558 452 2590 pro
478 2554 566 2581 retro
591 2551 638 2581 ire
662 2551 714 2580 vix
738 2550 856 2582 (licere

166 2600 313 2638 poterat.
363 2600 450 2630 (jum
490 2599 626 2639 pondus
664 2598 857 2638 qualecun—

165 2656 233 2687 que
259 2647 338 2678 sune
364 2657 470 2688 super
494 2650 607 2679 rotam
636 2650 716 2688 apto
745 2648 777 2678 in
806 2648 856 2679 al-

166 2699 239 2727 tum
257 2696 437 2734 attollitur,
465 2697 639 2728 interdum
657 2697 794 2734 accidit,
821 2698 855 2728 ut

167 2747 267 2786 rupto
293 2746 371 2777 fune
398 2745 449 2777 vel
477 2755 518 2777 cx
543 2746 674 2786 opilicis
694 2745 855 2777 manibus

911 1122 1030 1164 elapso
1064 1122 1249 1154 machinae
1283 1122 1489 1161 manubrio,
1530 1124 1605 1155 rota

910 1181 979 1204 una
1003 1180 1085 1204 cum
1109 1172 1191 1204 fune
1215 1173 1310 1203 retro
1328 1173 1451 1212 agatur
1465 1173 1499 1203 vi
1515 1181 1606 1213 pon-

911 1221 1022 1260 deris,
1049 1221 1144 1261 quod
1168 1222 1201 1252 in
1219 1229 1391 1262 praeceps
1408 1221 1602 1259 descendit;

910 1271 960 1303 sic
990 1271 1024 1302 in
1053 1272 1201 1310 puteum
1231 1269 1341 1302 sitella
1365 1279 1478 1311 aquae
1501 1269 1605 1312 plena

908 1319 964 1351 vel
988 1318 1111 1360 lapidis
1136 1318 1248 1351 moles
1272 1320 1306 1350 in
1329 1319 1443 1351 solum
1462 1319 1603 1351 decidit.

908 1370 956 1400 Ita
989 1369 1104 1400 omnis
1132 1367 1233 1399 labor
1261 1368 1389 1400 frustra
1420 1369 1606 1400 insumitur

910 1420 945 1450 et
960 1426 1067 1458 saepe
1085 1417 1224 1458 pondus
1241 1416 1335 1456 illud,
1355 1418 1450 1458 quod
1463 1426 1605 1450 rursum

909 1466 1114 1505 tollebatur,
1155 1467 1405 1499 comminuitur
1441 1466 1498 1498 vel
1528 1468 1604 1508 ipsa

908 1516 1070 1548 machina
1085 1516 1264 1556 frangitur.
1280 1516 1512 1547 Proverbium
1529 1518 1605 1548 erat

908 1565 977 1597 hoc
1011 1566 1243 1603 Graecorum;
1280 1565 1420 1597 Aristid.
1457 1566 1601 1597 Panath.

908 1622 986 1654 pag.
1029 1614 1102 1645 448.
1144 1613 1264 1645 Iebb.:
1313 1611 1487 1646 ἐντεῦθεν
1530 1608 1604 1656 ἤδη

909 1661 1052 1701 πάντα,
1087 1658 1215 1708 ὥσπερ
1250 1661 1370 1696 κάλου
1405 1660 1602 1709 ῥαγέντος,

909 1710 1105 1758 ἐχώρησεν
1152 1710 1276 1745 ὀπίσω
1313 1714 1379 1745 καὶ
1415 1712 1605 1746 διελέλυτο

906 1759 1105 1804 Ἀμαζόσιν
1134 1758 1158 1804 ἡ
1187 1758 1302 1807 ἀρχή.
1350 1764 1490 1794 Lucian.
1517 1763 1603 1795 Dial.

910 1812 1049 1844 Meretr.
1076 1811 1107 1843 3.
1135 1813 1242 1843 extr.:
1268 1809 1322 1844 Σὺ
1346 1810 1386 1843 δὲ
1410 1809 1509 1844 πάνυ
1533 1822 1606 1851 χα-

910 1858 1004 1902 λεπὴ
1029 1858 1089 1892 ἀεὶ
1109 1858 1160 1903 τῷ
1177 1856 1367 1906 ἀνθρώπῳ
1390 1862 1604 1904 γεγένησαι,

910 1910 975 1941 καὶ
999 1905 1092 1954 ὅρα,
1117 1907 1172 1952 μὴ
1196 1909 1295 1941 κατὰ
1310 1907 1380 1952 τὴν
1396 1913 1606 1955 παροιμίαν

910 1956 1188 2004 ἀποῤῥήξωμεν
1225 1957 1324 1991 πάνυ
1359 1961 1529 1992 τείνασαι
1560 1958 1605 1993 τὸ

910 2007 1112 2040 καλώδιον.
1160 2008 1282 2049 Adagii
1306 2010 1479 2041 sententia
1503 2011 1607 2050 igitur

911 2058 999 2089 haec
1024 2060 1094 2089 est:
1123 2066 1187 2089 «ne
1213 2059 1248 2088 et
1272 2058 1385 2090 omnis
1409 2067 1517 2099 opera
1533 2068 1553 2090 a
1570 2061 1605 2091 te

911 2107 1086 2147 insumpta
1111 2107 1144 2137 in
1168 2105 1389 2138 ludificandis
1406 2107 1605 2140 amantibus

910 2157 943 2187 in
980 2163 1121 2188 cassum
1155 2156 1366 2196 suscipiatur
1402 2157 1437 2187 et
1466 2158 1503 2188 tu
1531 2157 1605 2197 ipsa

910 2214 1042 2246 poenas
1067 2205 1253 2246 superbiae
1277 2207 1356 2236 tuae
1380 2204 1490 2237 luas.»
1523 2207 1605 2245 (Nu-

910 2263 973 2295 per
1003 2254 1147 2294 quidam
1181 2254 1342 2295 probavit
1373 2253 1487 2286 Scliol.
1517 2255 1603 2287 Cod.

911 2304 948 2334 V.
997 2303 1271 2343 Vanderburgii:
1328 2304 1474 2335 «Potest
1525 2312 1604 2336 esse

911 2354 1059 2384 tractum
1085 2362 1104 2384 a
1129 2352 1218 2385 ludis
1234 2347 1449 2394 puerorum,'
1475 2353 1534 2393 qui
1552 2362 1607 2383 ro-

909 2400 978 2433 tula
992 2402 1147 2442 quadam
1164 2401 1298 2440 ludunt,
1315 2402 1494 2433 trahentes
1507 2401 1550 2432 ad
1565 2410 1602 2433 se

908 2450 962 2482 vel
987 2452 1131 2492 corrigia
1157 2450 1211 2483 vel
1237 2450 1311 2489 filo,
1338 2450 1432 2491 quod
1450 2450 1603 2482 relaxata

910 2509 1013 2532 manu
1039 2509 1057 2531 a
1083 2502 1177 2532 retro
1204 2501 1365 2532 volvente
1391 2501 1464 2531 rota
1490 2502 1605 2531 retra·

909 2549 1034 2581 bitur.»
1082 2550 1149 2581 Sed
1174 2550 1254 2580 huic
1280 2548 1498 2588 explicationi
1523 2551 1603 2579 ante

909 2600 1022 2629 omnia
1049 2598 1166 2630 obstat
1192 2607 1225 2629 ν.
1247 2599 1353 2638 funis,
1381 2606 1450 2638 quo
1476 2598 1508 2628 in
1537 2598 1604 2628 hoc

908 2646 989 2678 ludo
1000 2648 1105 2679 etiam
1124 2647 1214 2688 apud
1230 2656 1294 2678 nos
1311 2647 1491 2678 notissimo
1504 2648 1602 2686 pueri

909 2705 974 2728 non
1001 2698 1110 2737 magis
1136 2698 1264 2728 lloratii
1301 2696 1518 2736 temporibus
1555 2697 1602 2726 uti

906 2747 1084 2785 poterant,
1112 2755 1218 2786 quani
1244 2754 1335 2776 nunc
1357 2745 1526 2785 possunt)
