1997 3219
362 204 443 245 ‘298
613 235 615 237 ,
881 207 1048 238 nomm
1072 206 1292 239 CARM1NUM

699 309 848 351 Sidera
878 309 1014 351 nautis
1033 324 1041 359 3

590 414 733 456 Otium
764 413 875 455 bello
908 414 1066 455 furiosa
1097 413 1274 461 Thrace,
1770 414 1793 451 ’ὅ

586 495 729 537 Otium
758 494 868 537 Medi
901 493 1099 550 pharetra
1129 493 1298 543 decori,

584 574 802 631 Gmsphe,
836 565 919 616 non
950 575 1128 630 gemmis
1160 588 1301 631 neque
1332 589 1522 631 purpura
1553 589 1625 617 ve—

700 655 792 698 nale
822 668 963 711 neque
980 668 1111 696 auro.

581 761 673 801 Non
704 759 817 802 enim
849 774 979 815 gazae
1009 773 1149 815 neque
1181 759 1416 802 consularis

583 840 829 882 Summovet
858 839 979 882 lictor
1008 840 1189 882 miseros
1220 839 1421 881 tumultus
1744 841 1794 882 lo

444 998 475 1028 8.
500 1005 557 1028 aec
581 1005 665 1027 auro
690 996 756 1027 CtF
781 998 816 1027 et
838 995 947 1027 Bentl.
976 996 1099 1036 (Nostri
1123 1004 1248 1028 omnes
1270 996 1399 1037 neque.)

359 1141 492 1173 pernox
526 1133 596 1170 est,
633 1141 758 1164 secure
794 1131 904 1163 fidere
935 1133 1052 1173 potest

358 1184 532 1214 mercator
544 1183 744 1223 navigans»,
764 1183 968 1214 nominatim
984 1183 1051 1214 He-

358 1232 420 1264 lice
438 1234 473 1263 et
486 1233 679 1271 Cynosura.
707 1232 778 1263 Cic.
797 1233 889 1263 Arat.
909 1232 949 1263 37
968 1240 1046 1272 sqq.

356 1281 470 1313 Manil,
491 1282 503 1312 4
522 1306 528 1320 ,
555 1280 634 1312 467:
660 1282 839 1320 Praecipue
854 1281 958 1312 medio
975 1290 1050 1312 cam

356 1332 437 1362 lana
470 1329 657 1370 implebitur
691 1331 785 1368 orbe,
823 1331 920 1361 Certa
947 1331 1049 1361 nitent

356 1381 478 1411 mundo
495 1379 623 1411 sidera.
648 1378 768 1411 Tibull.
786 1381 798 1410 4
815 1405 820 1417 ,
840 1380 877 1419 9,
897 1380 953 1411 40:
979 1380 1050 1411 Du—

356 1433 433 1461 cunt
456 1429 621 1460 instabiles
643 1430 752 1460 sidera
775 1432 865 1460 certa
889 1432 987 1460 rates

401 1481 432 1511 5.
461 1479 491 1510 6.
518 1479 597 1510 bello
619 1479 758 1520 furiosa]
782 1479 937 1519 «asperis
951 1478 1050 1510 bellis

357 1537 501 1569 semper
524 1527 730 1568 implicata.»
761 1525 838 1569 Τὴν
861 1524 1047 1573 ἀρειμανῆ

355 1577 411 1608 vel
450 1575 636 1621 δοριμανῆ
676 1577 871 1618 significare
909 1577 1048 1609 videtur

355 1626 532 1658 intellectu
555 1628 667 1658 activo
692 1627 866 1659 LobeckIO
891 1627 935 1658 ad
951 1628 1044 1659 Aiac.

358 1677 429 1709 143.
456 1676 616 1717 Sophocl.
642 1677 754 1717 Antig.
781 1678 860 1708 970:
888 1674 1046 1722 Θρῃκῶν

384 1723 633 1768 -ἆγχίπτολις
650 1720 773 1771 Ἄρης
814 1727 931 1767 Eurip.
959 1727 1043 1758 Hec.

357 1777 455 1807 1088:
483 1776 635 1820 Θοιίκης
658 1773 934 1821 Λογχοφόρον,
959 1771 1046 1808 ’ένο-

356 1825 460 1864 πύον,
487 1823 659 1864 εὕιττον
676 1822 772 1871 Ἀοει
795 1823 963 1863 κάτοχον
983 1827 1045 1868 γε’-

356 1885 419 1915 νος
423 1877 549 1916 ..Virg
568 1879 652 1907 Aen
672 1876 708 1913 3,
729 1876 785 1907 43:
816 1877 1047 1915 Jerrwaprocul

355 1899 454 1956 vassis
469 1926 587 1956 colitur
602 1926 770 1957 Mavortia
785 1926 926 1965 campis·
946 1926 1047 1956 Τὴνα-

354 1984 404 2006 ces
435 1978 546 2006 arant.
594 1974 708 2007 Manil.
735 1974 773 2013 4,
806 1975 885 2007 686;
926 1975 1046 2006 Thrace

354 2026 496 2056 Martem
528 2025 645 2055 sortita
679 2024 839 2055 colonum.
877 2042 912 2046 —
945 2024 1043 2065 Medi]

357 2075 487 2112 Parthi‚
516 2075 554 2105 ut
577 2082 695 2114 saepe.

397 2124 426 2154 9.
452 2124 526 2154 Non
549 2124 634 2155 enim
656 2123 773 2165 yazae]
798 2123 907 2155 Varro
924 2124 958 2154 in
973 2124 1045 2155 An-

355 2172 436 2204 thol.
464 2173 536 2204 Lat.
562 2174 682 2204 Burm.
709 2174 733 2204 1.
759 2181 837 2213 pag.
864 2173 946 2204 542:
970 2174 1046 2204 Νοη

350 2224 387 2262 fic
410 2222 590 2261 thesauris,
621 2231 686 2253 ozon
710 2231 795 2253 auro
819 2223 926 2261 pecta·
954 2222 1045 2253 solu-

353 2275 438 2308 tum;
473 2272 548 2302 Νοη
579 2271 698 2302 animis
722 2272 853 2302 demunt
876 2280 975 2302 curas
1004 2281 1044 2303 ac

353 2321 524 2361 reliqiones
534 2321 710 2351 Persarum
721 2324 856 2360 montes,
874 2330 939 2352 non
955 2322 1046 2352 atria

353 2370 454 2400 claviti'
481 2370 602 2401 Crassi.

398 2420 449 2450 40.
476 2419 672 2460 Summovet]
699 2418 847 2450 verbum
863 2420 1044 2460 proprium

352 2468 396 2499 de
438 2467 630 2499 lictoribus.
690 2468 825 2499 Festus:
870 2469 1045 2499 Matronae

353 2528 417 2549 non
439 2518 726 2549 summovebantur
747 2526 769 2548 a
784 2518 1041 2558 magistratibus.

352 2567 430 2598 Sine
456 2567 623 2607 imagine:
652 2576 738 2598 «nec
763 2566 903 2597 divitiae
929 2576 1043 2608 neque

353 2617 479 2648 summi
497 2618 648 2648 honores
666 2617 758 2647 curis
776 2625 839 2648 nos
860 2615 1042 2649 liberant.»

356 2684 389 2687 κ-
417 2666 582 2707 tumultus]
603 2675 709 2707 saepe
727 2666 771 2697 de
788 2666 892 2697 animi
910 2669 1045 2707 pertur-

353 2713 550 2746 bationibus
575 2724 617 2747 ex
637 2714 904 2755 cogitationibus
929 2716 962 2746 in
990 2716 1043 2747 di—

353 2772 454 2795 versa
479 2764 707 2796 trahentibus.
745 2765 814 2795 Sat.
840 2765 877 2802 2,
904 2764 938 2795 3.
965 2765 1039 2796 ⁹208.

1145 1133 1197 1163 Η.
1231 1132 1510 1174 laqueathecta]
1545 1135 1662 1164 «tecta
1687 1133 1793 1165 tricli-

1100 1182 1237 1213 niorum
1268 1181 1492 1222 laquearibus
1517 1182 1589 1213 sive
1620 1182 1792 1214 lacunari-

1099 1230 1166 1262 bus
1190 1230 1398 1272 plerumque
1430 1240 1514 1262 auro
1547 1233 1651 1272 atque
1684 1232 1792 1263 ebore

1098 1280 1152 1312 vel
1178 1289 1286 1321 opere
1311 1281 1447 1325 musixffo
1474 1281 1662 1321 picturisve
1687 1291 1791 1313 orna—

1099 1330 1141 1361 tis
1165 1330 1348 1371 magnifice
1372 1331 1664 1370 variegatorum.»
1704 1333 1791 1362 Pro-

1097 1382 1213 1422 prium
1237 1381 1355 1411 autem
1380 1382 1434 1411 est
1455 1379 1679 1412 vocabulum.
1718 1382 1788 1413 Cie..

1098 1431 1141 1462 de
1166 1431 1269 1469 Legg.
1296 1430 1333 1467 2,
1361 1430 1397 1460 1¹:
1426 1430 1620 1468 pavimenta
1641 1439 1791 1462 marmo-

1097 1489 1156 1511 rea
1179 1482 1209 1510 et
1223 1479 1381 1518 laqueata
1397 1482 1481 1510 tecta
1496 1482 1676 1510 contemno.
1704 1481 1788 1511 Stat.

1097 1528 1206 1560 Theb.
1228 1529 1240 1559 ι1
1256 1553 1262 1567 ,
1283 1527 1363 1560 444:
1389 1537 1500 1559 crasso
1517 1528 1693 1566 laquearia
1707 1529 1792 1568 fulta

1096 1578 1238 1609 metallo.
1268 1595 1304 1599 —
1330 1577 1435 1608 Caras
1458 1586 1539 1608 cum
1564 1576 1703 1609 alitibus
1737 1578 1791 1609 fu—

1097 1628 1205 1659 nestis
1244 1627 1289 1657 ita
1328 1628 1527 1667 comparat,
1574 1628 1611 1658 ut
1652 1626 1790 1659 volatus

1096 1677 1284 1716 imaginem
1307 1675 1445 1714 leviter,
1484 1676 1788 1716 quemadmodum

1097 1735 1160 1767 par
1184 1727 1270 1763 erat,
1297 1725 1480 1765 significet.
1528 1726 1596 1758 Csr.
1623 1727 1738 1758 statim
1755 1735 1786 1757 v.

1096 1777 1148 1807 22¹.
1184 1776 1354 1815 Theognis
1386 1776 1459 1806 7⁵29.
1493 1776 1551 1806 B.:
1592 1774 1788 1821 Φροντίδες

1096 1821 1307 1869 ἀνθρώπιον
1331 1821 1472 1862 ἔλαχον
1504 1822 1620 1870 πτερὰ
1652 1825 1786 1858 ποικίλ’

1096 1870 1259 1912 ἔχουσαι
1276 1873 1354 1905 κτλ.

1140 1923 1190 1955 l13.
1232 1924 1357 1954 Vivitur
1381 1932 1490 1963 parvo
1519 1923 1610 1964 bene]
1638 1923 1787 1955 «beate—

1096 1983 1163 2014 que
1189 1974 1220 2004 ei
1246 1973 1300 2014 (ab
1319 1974 1385 2014 eo),
1412 1974 1466 2004 cui
1483 1972 1565 2004 nihil
1582 1974 1697 2011 deest,
1723 1976 1786 2005 etsi

1095 2023 1230 2054 divitias
1255 2031 1324 2053 non
1347 2022 1538 2063 possidet.»
1575 2023 1637 2061 Qui
1663 2022 1786 2055 distin-

1094 2081 1195 2103 xere:
1225 2072 1469 2111 Vivitur-parvo
1486 2071 1572 2103 bene.
1600 2072 1787 2113 Cuipater-

1094 2130 1173 2153 num
1185 2124 1266 2159 cet„
1286 2130 1355 2153 non
1371 2120 1533 2152 viderunt
1545 2122 1660 2161 priora
1676 2122 1784 2153 verba

1094 2173 1176 2203 tunc
1193 2170 1274 2202 nihil
1289 2171 1465 2202 continere
1484 2171 1546 2202 nisi
1562 2170 1678 2202 locum
1691 2180 1787 2203 com-

1094 2230 1238 2252 munem
1253 2229 1405 2260 eumque
1420 2220 1611 2251 admodum
1628 2221 1782 2259 tenuem,

1095 2272 1130 2302 et
1161 2279 1223 2311 pro
1254 2271 1320 2301 Nec
1353 2271 1434 2301 tunc
1464 2270 1593 2309 requiri
1625 2270 1710 2301 Non.
1747 2288 1782 2292 »-

1094 2320 1269 2352 Pedestris
1299 2319 1463 2350 orationis
1493 2321 1588 2350 esset
1611 2320 1650 2350 H.
1678 2321 1711 2350 P.
1730 2319 1785 2350 ubi

1093 2378 1156 2411 pro
1180 2370 1243 2401 cui.
1273 2387 1308 2391 -
1322 2372 1500 2408 paternum
1516 2385 1534 2390 —
1549 2369 1701 2410 salinum]
1722 2377 1783 2400 «ex

1093 2420 1203 2460 patria
1227 2419 1421 2450 hereditate
1450 2420 1634 2459 acceptum
1646 2430 1681 2456 n,
1713 2426 1783 2458 quo

1094 2469 1307 2509 significatur
1329 2469 1436 2509 patris
1460 2468 1528 2498 iam
1552 2468 1688 2499 modica
1713 2467 1784 2498 tor-

1094 2520 1175 2549 tuna
1201 2527 1220 2549 a
1245 2517 1313 2549 silio
1337 2526 1453 2558 neque
1473 2518 1572 2549 aucta
1590 2525 1704 2557 neque
1721 2517 1784 2547 im—

1094 2568 1237 2599 minuta.
1269 2568 1341 2599 Hoc
1368 2569 1486 2599 autem
1503 2574 1630 2597 aureae
1648 2565 1783 2597 medio-

1095 2617 1225 2649 critatis
1242 2618 1317 2648 erat
1333 2616 1427 2658 apud
1443 2617 1631 2653 Romanos,
1651 2615 1781 2647 habere

1094 2666 1242 2698 salinum
1271 2675 1314 2698 ex
1345 2667 1488 2707 argento
1511 2664 1616 2697 veluti
1640 2674 1701 2696 vas
1725 2674 1782 2696 sa-

1094 2724 1204 2747 crum.
1252 2718 1348 2747 Pers.
1374 2716 1411 2754 3,
1443 2716 1500 2747 25:
1538 2722 1616 2745 rure
1641 2717 1782 2754 paterno

1095 2766 1151 2796 Est
1173 2765 1229 2796 tibi
1250 2765 1308 2804 far
1322 2765 1502 2804 modicum,
1523 2772 1648 2803 purum
1670 2767 1699 2795 et
1715 2764 1782 2795 sine
