1997 3219
288 168 370 208 366
803 168 970 199 HORATH
996 167 1216 200 minimum

571 271 707 312 l'ierio
740 270 945 312 recreatis
978 276 1110 311 antro.
1673 268 1726 308 40

458 376 539 417 Vos
571 375 665 417 lene
698 374 923 416 consilium
954 380 995 415 et
1025 373 1133 415 datis
1166 380 1206 414 et
1237 372 1333 414 dato

458 455 678 500 Gaudetis,
713 454 860 496 almae.
923 454 1106 502 Scimus,
1140 460 1184 494 ut
1215 453 1366 508 impios

516 536 682 576 Titanas
713 535 1029 590 immanemque
1060 540 1241 575 turmam

571 614 763 656 Fulmine
797 613 1014 673 sustulerit
1045 613 1236 661 caduco,

457 720 538 771 Qui
569 726 724 761 terram
756 719 956 765 inertem,
990 719 1062 774 qui
1095 731 1212 760 mare
1244 724 1453 774 temperat
1678 717 1730 756 455

379 888 430 920 4-3.
457 887 588 918 turbam
611 886 673 918 bT.

292 1042 391 1079 bant,
423 1041 682 1072 substituerunt
705 1039 788 1071 falsa
813 1039 868 1070 vel
892 1039 988 1070 abdi-

292 1091 354 1128 dit,
388 1089 442 1121 vel
473 1089 629 1127 reddidit,
656 1088 700 1120 ad
728 1088 822 1128 quod
850 1090 989 1128 postre-

292 1149 391 1171 mum
415 1139 566 1170 verbum
592 1137 743 1169 conferri
768 1139 884 1178 potest
905 1138 985 1168 Tac.

292 1191 379 1220 Ann.
402 1189 436 1226 4,
465 1189 524 1219 47:
545 1187 737 1226 praetorias
752 1187 914 1225 cohortes,
938 1204 956 1208 -
971 1203 990 1208 -

293 1247 379 1277 quae
389 1241 463 1276 post
474 1237 610 1268 sedecim
624 1245 729 1267 amcos
740 1235 913 1275 penatibus
924 1235 991 1266 suis

294 1287 492 1323 reddantur,
512 1287 578 1316 cet.
606 1284 675 1316 Sed
691 1286 867 1324 Augustus
882 1285 986 1324 (Suet.

296 1337 367 1366 oct.
382 1336 393 1366 4
403 1335 445 1375 3.)
456 1338 627 1366 veteranos
638 1333 890 1372 municipalibus
899 1333 992 1373 (tyris

296 1384 496 1421 collocavit,
535 1385 570 1414 et
605 1385 692 1414 teste
728 1383 838 1414 Dione
870 1383 989 1414 Cassio

295 1434 347 1470 53,
378 1434 427 1464 25.
448 1441 539 1464 anno
557 1432 630 1463 729.
651 1432 818 1472 optimam
837 1432 910 1471 agri
928 1432 991 1462 Sa-

296 1482 470 1514 lassorum
494 1483 631 1522 partem
656 1480 870 1520 quibusdam
886 1489 991 1520 prae-

297 1533 513 1563 torianorum
527 1530 634 1568 dedit,
651 1529 710 1560 ubi
724 1529 864 1561 condIta
877 1531 993 1569 Augu-

297 1582 348 1612 sta
375 1580 552 1611 Praetoria
571 1579 614 1619 (h.
633 1578 757 1619 Aosca),
783 1579 868 1610 item
895 1578 988 1618 (ibid.

298 1631 335 1661 C.
354 1629 420 1669 026.)
446 1627 612 1659 militibus
641 1628 794 1659 dimissis
821 1627 991 1667 oppidum

298 1680 331 1710 ln
356 1679 547 1716 Lusitania,
574 1679 766 1717 Augustam
790 1677 991 1708 Emeritiam

300 1729 343 1768 th.
358 1727 516 1767 Merida),
539 1726 765 1758 condendum
784 1726 896 1763 dedit,
923 1735 991 1757 non

298 1778 401 1817 igitur
432 1785 495 1807 suo
527 1776 675 1815 quisque
709 1775 838 1815 oppido
862 1775 993 1806 redde-

300 1826 421 1859 batur;
440 1824 504 1855 alia
519 1825 679 1856 condicio
693 1826 788 1855 certe
803 1826 878 1855 erat
894 1832 995 1864 prae-

301 1875 529 1907 torianorum.
564 1874 614 1904 De
640 1872 876 1904 hibernaculis
895 1873 994 1904 deni-

301 1932 369 1964 que
384 1921 474 1954 male
492 1922 647 1953 nonnulli
664 1923 745 1954 sunt
762 1922 992 1962 interpretati,

301 1982 391 2013 quae
416 1971 652 2003 desideratam
676 1973 755 2012 post
776 1971 916 2011 longam
934 1971 997 2002 mi-

302 2023 408 2054 litiam
438 2030 479 2052 ac
508 2023 718 2061 perpetuam
748 2021 904 2060 quietem
928 2021 995 2051 mi-

303 2073 395 2103 nime
421 2070 680 2111 praebuissent.
708 2069 745 2100 ld
763 2078 904 2109 quoque
923 2078 998 2100 mo-

303 2121 477 2157 nendum,
514 2118 592 2150 lect.
620 2119 744 2149 abdidit
773 2118 816 2150 de
849 2118 997 2151 tortissi-

303 2171 401 2203 simis
425 2167 593 2200 militibus
611 2176 807 2207 eorumque
830 2169 996 2208 praemiis

304 2219 513 2258 usurpatum
539 2217 657 2248 nescio
682 2217 765 2256 quid
799 2216 933 2255 inglorii
956 2226 996 2248 ac

304 2276 412 2310 prope
437 2266 655 2305 ignominiosi
679 2265 824 2296 habere.

347 2317 400 2348 40.
436 2314 695 2354 Pierio-antro]
734 2314 793 2345 ubi
818 2315 997 2346 Musarum

306 2373 479 2397 recessus.
519 2363 614 2394 Pind.
652 2364 751 2403 Pyth.
790 2364 824 2400 6,
863 2363 914 2395 48.
953 2364 997 2395 de

306 2412 546 2453 Thrasybulo:
572 2411 716 2457 δρέπων
733 2412 882 2451 Σοφίαν
906 2411 935 2443 δ’
959 2412 998 2444 ἐν

305 2466 466 2505 μυχοῖσι
503 2459 698 2506 Πιερίδων.
757 2461 998 2501 Eloquentiam

307 2514 427 2543 autem
465 2510 650 2550 studiaque
689 2509 842 2541 liberalia
881 2512 1000 2550 Augu-

309 2564 402 2591 stum
431 2560 557 2600 cupide
582 2568 623 2591 ac
647 2559 918 2591 laboriosissime
944 2569 1002 2590 ex-

310 2609 482 2647 ercuisse,
519 2609 693 2648 poeticam
727 2616 867 2648 quoque
903 2617 1002 2640 sum-

313 2658 433 2688 matim
472 2658 623 2697 attigisse
671 2656 771 2689 tradit
816 2658 1000 2688 Suetonius

312 2705 364 2737 84.
403 2706 454 2736 85.

703 904 737 908 —
763 885 816 917 44.
843 885 980 925 caduco]
1006 894 1139 916 corusco
1163 884 1273 916 Bentl.
1301 886 1389 915 coni.

1082 1037 1134 1069 411.
1171 1038 1239 1068 lene
1272 1037 1458 1077 consilium]
1497 1037 1733 1069 «moderatio-

1040 1095 1121 1118 nem
1160 1088 1195 1118 et
1233 1085 1499 1124 clementiam»,
1541 1095 1609 1126 qua
1649 1096 1733 1118 sane

1039 1137 1249 1167 octavianus
1275 1144 1358 1167 usus
1376 1137 1429 1166 est
1452 1137 1531 1175 post
1546 1137 1735 1167 Antonium

1040 1193 1262 1225 oppressum.
1282 1184 1362 1224 (Cfr.
1384 1184 1480 1216 Pind.
1500 1186 1604 1225 Pyth.
1623 1186 1655 1223 5,
1674 1186 1708 1215 61
1727 1195 1732 1214 ;

1042 1232 1182 1273 (Apollo)
1213 1231 1346 1265 δίδωσί
1369 1243 1407 1264 τε
1432 1234 1581 1265 Μοῖσαν
1605 1230 1662 1273 οἷς
1686 1229 1735 1264 (ἲν

1040 1281 1151 1327 ἐθέλῃ
1171 1279 1377 1323 Ἀπόλεμον
1402 1279 1554 1325 ἀγαγών
1567 1278 1628 1322 Ἐς
1646 1292 1738 1327 πρα-

1040 1330 1149 1371 πίδας
1173 1328 1381 1373 εὐνομίαν.)
1409 1350 1444 1354 -
1473 1333 1650 1364 Consilium
1672 1341 1738 1362 au—

1041 1382 1113 1412 tem
1144 1381 1177 1411 h.
1210 1380 1230 1412 l.
1265 1380 1485 1421 trisyllabum
1510 1390 1575 1422 per
1605 1390 1736 1412 συνεκ-

1040 1428 1238 1471 φώνησιν,
1274 1434 1312 1462 ut
1346 1430 1408 1462 Od.
1432 1431 1467 1469 3,
1499 1432 1535 1469 6,
1568 1431 1599 1462 6.
1635 1431 1735 1469 prin-

1039 1480 1172 1518 cipium.
1216 1480 1314 1511 Cons.
1334 1480 1402 1510 Sat.
1429 1480 1465 1517 sl,
1491 1480 1526 1517 8,
1552 1479 1605 1511 43.
1632 1480 1667 1517 2,
1696 1480 1735 1511 ⁹2.

1042 1530 1094 1560 211.
1122 1529 1158 1567 2,
1184 1530 1219 1567 8,
1248 1530 1277 1559 4.
1304 1529 1396 1568 Virg.
1423 1530 1508 1560 Aen.
1537 1529 1572 1566 2,
1599 1528 1673 1560 442.

1085 1602 1137 1635 42.
1165 1602 1331 1643 Gaudetis]
1359 1603 1460 1642 «quia
1486 1601 1668 1634 consilium
1691 1602 1735 1633 ab

1042 1653 1196 1691 Augusto
1220 1651 1398 1692 sapienter
1414 1652 1601 1692 acceptum
1625 1650 1738 1683 bonos

1042 1700 1111 1731 iam
1135 1700 1243 1731 habet
1266 1701 1448 1731 eventus.»
1477 1718 1512 1722 —
1531 1701 1603 1731 Iam
1628 1698 1737 1740 lyrica

1042 1749 1181 1781 licentia
1210 1749 1305 1779 varia
1337 1751 1578 1781 monstrorum
1609 1758 1738 1789 genera

1043 1799 1098 1829 hic
1116 1798 1392 1836 confunduntur,
1419 1807 1459 1829 ac
1477 1798 1505 1829 si
1526 1799 1596 1829 Iovi
1613 1798 1738 1838 disque

1044 1847 1171 1878 ceteris
1195 1846 1327 1877 bellum
1344 1855 1412 1877 una
1431 1845 1628 1877 intulissent
1646 1847 1740 1877 Cen—

1044 1897 1180 1935 timani‚
1206 1897 1363 1934 Titanes,
1391 1896 1552 1935 Gigantes
1570 1896 1741 1936 anguipe-

1046 1946 1125 1983 des‚
1152 1945 1340 1986 Typhoeus
1364 1945 1418 1975 his
1436 1945 1626 1985 posterior,
1652 1943 1739 1976 Aloi-

1046 1995 1127 2031 dae,
1156 1994 1331 2025 Centauri.
1359 1993 1429 2026 Csr.
1450 1993 1590 2025 llesiod.
1609 1994 1738 2033 Theog.

1046 2045 1119 2075 680.
1157 2042 1316 2083 Apollod.
1344 2044 1378 2081 ’1,
1407 2043 1442 2080 l,
1477 2043 1507 2074 6.
1544 2043 1741 2074 Antimachi

1047 2094 1099 2124 Fr.
1116 2092 1167 2124 43.
1184 2092 1342 2123 Diibner:
1365 2092 1548 2134 Γηγενέας
1570 2101 1610 2123 τε
1627 2090 1742 2132 θεοὺς

1047 2142 1406 2186 προτερηγενέας
1436 2151 1474 2172 τε
1502 2137 1674 2182 Τιτῆνας.
1704 2160 1739 2164 -

1048 2192 1215 2223 Ceterum
1251 2191 1293 2222 de
1326 2190 1528 2222 discrimine
1561 2192 1651 2222 inter
1684 2191 1742 2222 Gi-

1048 2240 1308 2280 gantomachias
1320 2242 1352 2270 et
1361 2240 1640 2271 Titanomaeliias
1649 2239 1741 2280 apud

1048 2290 1169 2330 poetas
1194 2290 1228 2319 et
1251 2288 1404 2319 artifices
1422 2288 1484 2319 cfr.
1505 2289 1662 2320 Gerhard
1684 2290 1743 2320 Γα-

1048 2346 1185 2378 εθηῃωη.
1213 2338 1309 2369 Tom.
1335 2338 1360 2368 l.
1387 2346 1420 2378 p.
1447 2337 1522 2370 ⁶204.

1092 2410 1145 2443 43.
1165 2409 1217 2442 44.
1244 2411 1485 2450 immane-mque
1508 2412 1663 2452 turmam]
1685 2413 1742 2443 Ti-

1050 2463 1170 2492 tanum
1194 2458 1490 2502 ἑπεξηγητικώς,
1517 2463 1554 2492 ut
1571 2470 1602 2491 v.
1623 2460 1653 2492 4.
1669 2462 1743 2501 fidi-

1050 2510 1108 2541 bus
1141 2510 1336 2549 citharaque
1369 2510 1494 2541 Phoebi.
1534 2526 1568 2531 —-
1605 2510 1740 2550 caduco]

1054 2558 1256 2590 «celerrime
1281 2559 1435 2600 desuper
1458 2560 1643 2590 irruente.»
1677 2559 1742 2590 Ca—

1051 2610 1127 2639 dere
1151 2608 1244 2639 haud
1269 2617 1347 2639 raro
1372 2609 1476 2640 ctiam
1499 2608 1543 2639 de
1568 2608 1607 2638 iis
1632 2607 1743 2638 t'ulnii-

1052 2656 1167 2695 nibus,
1184 2666 1274 2696 quae
1289 2657 1434 2694 seriuut3
1453 2656 1596 2688 Bentleii
1608 2665 1742 2687 corusco

1053 2707 1145 2737 esset
1162 2705 1335 2738 ἐπίθετον
1352 2715 1449 2738 merc
1466 2714 1611 2743 ornans,
1635 2706 1741 2736 immo
