1997 3219
348 236 369 275 (ι

376 236 404 275 (ι

406 236 424 274 *N

860 239 1025 269 llORATll
1053 239 1272 271 CARMINUM

570 342 709 383 Latius
742 355 893 396 regnes
925 341 1094 383 avidum
1127 342 1342 389 domando

569 422 791 477 Spiritum,
825 435 952 478 quam
984 423 1017 463 si
1051 422 1227 479 Libyam
1258 423 1430 465 remotis
1733 422 1777 463 10

569 501 756 543 Gadibus
789 502 936 558 iungas
967 509 1009 544 et
1038 509 1221 559 uicique
1255 504 1423 545 Poenus

791 582 953 624 Serviat
990 583 1072 624 uni.

569 687 730 730 Crescit
760 686 982 744 indulgens
1014 688 1092 730 sibi
1124 688 1242 730 dirus
1274 688 1481 746 hydrops,

570 769 655 811 Nec
685 769 796 810 sitim
826 768 964 823 pellit,
998 769 1076 811 nisi
1108 783 1237 812 causa
1269 769 1405 812 morbi

433 901 463 931 9.
480 901 610 931 Latium
622 901 657 931 T.
674 918 708 922 —
721 901 756 931 11
767 925 772 931 .
785 901 906 931 Pontus
917 900 1102 932 Schrader.
1122 918 1156 922 —
1173 900 1225 931 13.
1238 901 1341 931 durus
1355 900 1440 932 Cod.
1454 899 1573 931 Bland.
1588 903 1621 932 et
1635 900 1734 933 Mald.

346 1019 450 1059 tanJi

346 1067 377 1104 4
396 1068 427 1103 5,
446 1068 504 1098 ⁶20:
524 1067 791 1106 Culpatimetuit
803 1068 893 1107 fides,
914 1075 1038 1098 «nemo

346 1118 418 1155 est,
442 1117 501 1157 qui
519 1126 598 1148 eam
614 1115 743 1148 molare
759 1116 875 1147 velit.»
902 1106 986 1156 Epp.
1007 1117 1036 1153 1,

347 1166 399 1201 16,
423 1166 480 1197 60:
503 1169 648 1197 metuens
667 1166 789 1196 audiri.
816 1165 907 1205 Virg.
931 1166 989 1196 Ge
1007 1165 1037 1202 1

345 1215 426 1247 246:
444 1215 558 1247 Arctos
575 1216 695 1246 Oceani
707 1218 882 1246 metuentes
898 1223 1040 1254 aequore

345 1265 439 1305 tingi,
466 1274 508 1295 ex
523 1265 617 1295 Arati
632 1264 689 1296 46:
716 1259 851 1308 ἄρκτοι
874 1264 1038 1295 κυανέου

348 1312 634 1356 πεφυλαγμέναι
665 1309 878 1345 Ὠκεανοῖο.
927 1312 1036 1344 Gloss.

345 1366 499 1394 renuente
521 1362 631 1394 verbo
651 1366 810 1394 metuente
826 1362 1038 1394 substituere

347 1411 487 1443 volebat
503 1413 718 1444 Sanadonus.
766 1413 886 1453 (Fama
905 1412 971 1442 dea
988 1413 1041 1444 est

347 1462 441 1502 apud
453 1463 587 1502 poetas,
603 1471 794 1503 nunquam,
810 1461 905 1502 quod
915 1461 1037 1499 sciam7

347 1511 391 1542 ab
435 1511 626 1543 artificibus
669 1512 819 1552 antiquis
859 1519 1037 1551 expressa.

348 1561 416 1592 Csr.
454 1562 629 1601 Boettiger
662 1562 704 1592 kl.
738 1562 900 1601 Schriften
931 1561 970 1591 II.
1003 1560 1037 1590 S.

349 1610 436 1649 374.)

392 1660 443 1690 10.
470 1659 642 1701 Spiritum]
674 1660 848 1698 animum⁷
885 1656 928 1690 τὸ
960 1658 1041 1690 ἑπι-

347 1706 573 1750 θυμητικόν,
599 1711 636 1740 ut
659 1708 762 1740 simili
790 1708 1040 1749 significatione

347 1756 474 1799 θυμοῦ
505 1756 625 1798 πνοάς
657 1758 741 1789 dixit
764 1759 881 1799 Eurip.
907 1759 1038 1790 Phoen.

347 1807 423 1839 454.
457 1807 575 1839 Herm.
614 1809 649 1839 et
683 1808 896 1848 posteriores
932 1808 1042 1839 Latini

347 1858 457 1897 slatus.
506 1858 588 1888 Stat.
616 1857 724 1888 Theb.
750 1858 787 1895 1,
814 1857 894 1888 321ῑ
920 1857 1043 1888 Attollat

347 1907 447 1947 flatus
468 1907 570 1937 ducis.
620 1907 703 1944 «Qui
722 1907 894 1946 pecuniae
912 1907 1044 1947 cupidi-

349 1955 469 1986 ‹latem
505 1955 625 1986 domat
661 1955 821 1995 adeoque
860 1964 879 1986 a
915 1955 1042 1988 divitiis

351 2004 600 2036 coacervandis
646 2004 824 2045 sapienter
869 2004 1039 2043 abstinet⁷

350 2054 450 2085 latius
480 2056 614 2093 regnat,
652 2054 762 2093 magis
792 2054 883 2093 regis
912 2063 1042 2086 nomen

351 2104 528 2141 meretur,
569 2103 775 2143 beatiorque
812 2104 894 2143 erit,
936 2112 1042 2144 quam

352 2153 378 2183 si
403 2151 579 2183 latifundia
604 2160 668 2192 per
691 2152 842 2184 Africam
859 2147 901 2184 'et
918 2154 1043 2193 Hispa-

353 2202 444 2232 niam
484 2202 680 2239 continuet,
727 2202 854 2242 quibus
894 2202 1044 2234 admini-

352 2250 502 2283 strandis
532 2250 656 2282 multas
688 2253 722 2282 et
750 2251 915 2282 molestas
941 2261 1042 2283 curas

353 2300 531 2340 impendat
543 2309 690 2331 necesse
705 2303 767 2331 est.
794 2301 948 2341 (lllagynas
962 2302 1045 2332 inter

352 2358 425 2388 opes
447 2350 540 2388 inops
563 2349 624 2379 (ni.
651 2349 690 2387 3,
717 2350 776 2387 16,
804 2351 890 2390 ’28.)υ
930 2351 1044 2381 llomi-

354 2407 414 2429 nes
438 2397 631 2438 locupletes
648 2407 753 2439 saepe
774 2408 865 2439 reyes
881 2399 1043 2431 dicuntur

353 2449 387 2478 ut
412 2447 474 2478 Od.
505 2448 539 2484 1,
567 2446 602 2484 4,
632 2447 687 2479 tt:
715 2449 900 2487 Romamque
922 2452 1040 2479 turres.

396 2497 447 2527 11.
491 2500 623 2535 uterque
660 2497 798 2537 Poenus]
836 2499 950 2529 «Cum
985 2499 1042 2537 qui

354 2546 596 2585 Karthaginem
633 2548 668 2577 et
703 2548 833 2579 Uticam
869 2546 973 2577 habet
1011 2548 1042 2578 in

353 2594 482 2632 Africa,
521 2597 594 2626 tum
630 2595 688 2635 qui
723 2595 835 2627 Gades
869 2596 1041 2627 condidit:

355 2644 510 2675 coloniae
534 2645 870 2684 Karthaginiensium
900 2644 985 2676 aliae
1011 2647 1043 2676 in

359 2694 517 2733 Hispania
549 2703 616 2725 non
641 2693 904 2725 excluduntur.»
945 2697 1042 2725 (znsx.

360 2743 452 2773 lianc
476 2751 580 2774 unam
603 2744 735 2775 rectam
753 2751 831 2775 esse
849 2743 1046 2784 explicatio-

358 2800 435 2821 nem
464 2791 557 2829 trion:
593 2794 644 2822 net
671 2792 908 2832 Syrophoenix
936 2795 967 2823 et
996 2794 1045 2824 Li-

478 1019 590 1057 ‹tangi
613 1026 651 1049 se
677 1026 746 1048 non
770 1018 932 1058 patitui.»

973 1017 1036 1049 Od
1062 1020 1065 1042 l

1089 1017 1357 1058 byphoenixzn)
1397 1017 1616 1049 demonstrat
1655 1017 1782 1059 copula

1088 1070 1129 1100 et.
1156 1075 1246 1107 quae
1272 1066 1388 1097 verbis
1412 1067 1524 1107 ipsam
1551 1067 1782 1107 sequentibus

1090 1115 1237 1156 explicat
1259 1115 1527 1156 praecedentia,
1556 1117 1654 1156 quasi
1679 1116 1784 1147 dixis-

1089 1167 1158 1197 set:
1200 1174 1332 1206 «quain
1361 1166 1390 1197 si
1420 1165 1566 1206 Libyam
1594 1167 1727 1197 remotis
1750 1167 1780 1206 (a

1090 1216 1206 1255 Roma)
1233 1215 1386 1247 Gadibus
1410 1216 1550 1256 iungas,
1576 1217 1621 1247 ita
1639 1217 1676 1246 ut
1690 1217 1784 1247 uter—

1089 1274 1157 1305 que
1175 1266 1313 1297 Poenus
1329 1266 1459 1297 serviat
1474 1265 1536 1296 tibi
1552 1266 1644 1296 uni.»
1682 1265 1781 1296 Haud

1089 1323 1168 1346 raro
1193 1316 1311 1346 autem
1342 1316 1377 1346 et
1400 1315 1557 1346 Gaditani
1586 1316 1620 1346 et
1644 1316 1782 1346 ceterae

1090 1364 1428 1403 Karthaginiensium
1462 1363 1617 1396 coloniae
1653 1364 1686 1395 in
1725 1365 1780 1395 Hi-

1090 1414 1248 1454 spaniam
1282 1414 1432 1445 maxime
1462 1414 1640 1445 Baeticam
1671 1413 1784 1445 dedu-

1090 1464 1165 1494 ctae
1201 1464 1399 1494 Poenorum
1433 1463 1574 1494 nomine
1605 1461 1785 1503 appellan-

1090 1514 1157 1544 tur.
1204 1513 1254 1543 De
1285 1512 1460 1543 Gaditanis
1485 1513 1555 1543 Cic.
1582 1521 1646 1553 pro
1676 1511 1784 1544 Balbo

1091 1561 1148 1593 114:
1178 1562 1311 1601 Ignosco
1335 1561 1402 1600 tibi,
1428 1562 1455 1591 si
1477 1571 1579 1601 neque
1601 1563 1784 1593 Poenorum

1089 1611 1167 1642 iura
1190 1610 1297 1641 calles.
1331 1611 1443 1641 Livius
1467 1610 1528 1648 28,
1555 1610 1607 1641 37.
1648 1611 1784 1651 Suffetes

1090 1669 1220 1699 eorum,
1247 1660 1301 1699 qui
1324 1668 1469 1690 smmnus
1492 1663 1537 1691 est
1551 1661 1663 1691 Poenis
1677 1661 1784 1701 magst-

1091 1713 1223 1741 stratus.
1251 1710 1301 1740 De
1327 1710 1454 1740 ceteris
1479 1708 1623 1741 coloniis
1647 1709 1731 1741 Plin.
1751 1710 1783 1748 3,

1094 1760 1126 1797 1,
1156 1759 1194 1789 3;
1223 1758 1325 1789 Oram
1348 1767 1421 1789 eam
1441 1759 1631 1790 universam
1647 1759 1786 1799 originis

1090 1809 1272 1839 Poenorum
1305 1808 1507 1838 existimavit
1539 1809 1585 1839 M.
1622 1808 1782 1849 Agrippa.

1093 1859 1226 1889 Seneca
1259 1856 1397 1889 Consol.
1425 1857 1469 1888 ad
1499 1856 1596 1889 Helv.
1623 1858 1659 1889 6:
1698 1858 1786 1897 Tyrii

1090 1907 1238 1947 Africam
1262 1907 1426 1943 incolunt;
1457 1907 1554 1938 Poeni
1575 1907 1782 1946 Hispaniam,

1092 1955 1179 1988 Nihil
1215 1957 1334 1986 autem
1369 1955 1530 1996 impedit⁷
1568 1964 1637 1995 quo
1671 1957 1785 1987 minus

1093 2006 1254 2036 Horatius
1277 2005 1582 2045 Karthaginienses
1600 2007 1634 2036 et
1650 2007 1786 2037 Poenos

1093 2056 1341 2095 Hispanienses
1366 2059 1540 2094 utrumque
1561 2056 1704 2086 Poenum
1727 2063 1787 2096 ap-

1092 2104 1238 2146 pellarit.
1267 2106 1330 2136 etsi
1355 2105 1494 2145 proprie
1512 2113 1582 2136 non
1600 2104 1661 2136 suit
1678 2104 1787 2136 Phoe-

1092 2155 1169 2185 nice
1201 2155 1312 2185 maior
1343 2156 1377 2185 et
1408 2154 1537 2193 minor,
1574 2156 1611 2185 ut
1642 2155 1786 2195 propter

1093 2205 1160 2235 hoc
1184 2204 1309 2235 (licitur
1332 2207 1474 2243 atraque
1495 2204 1656 2244 Phrygia,
1687 2207 1785 2235 utra-

1066 2256 1154 2292 {que
1175 2253 1350 2291 Armenia,
1386 2257 1522 2292 uterque
1556 2254 1715 2291 Maurus,
1753 2254 1786 2283 et

1094 2302 1254 2334 Paulinus
1280 2304 1397 2334 Po‘e'm.
1419 2303 1476 2333 47:
1502 2306 1638 2342 ulerque
1660 2303 1782 2333 Dacus.

1093 2351 1277 2383 Schraderi
1314 2355 1450 2392 uterque
1486 2353 1605 2383 Pontus
1638 2352 1784 2383 nimium

1093 2403 1145 2432 est,
1174 2410 1239 2432 nec
1269 2400 1366 2432 facile
1399 2401 1468 2433 dici
1491 2402 1627 2442 poterat
1651 2401 1715 2432 nisi
1740 2400 1783 2431 de

1092 2458 1161 2482 uno
1186 2451 1352 2489 Auguste,
1377 2451 1415 2481 ut
1438 2449 1482 2481 de
1505 2450 1572 2481 hoc
1593 2450 1667 2490 ipso
1685 2449 1781 2480 Ovid.

1094 2500 1172 2531 Met.
1204 2500 1257 2532 15,
1284 2500 1365 2530 829:
1394 2499 1479 2538 Quid
1502 2498 1558 2530 tibi
1582 2498 1782 2535 barbariem,

1092 2552 1200 2589 gyentes
1235 2548 1275 2579 ab
1309 2552 1448 2587 utroque
1478 2548 1618 2579 iacentes
1642 2548 1781 2581 Oceano.

1094 2606 1260 2629 numerent
1270 2597 1286 2628 ζ)
1310 2598 1522 2637 qaodcunque
1540 2596 1714 2628 habitabile
1729 2598 1785 2628 tel-

1094 2648 1143 2678 lus
1166 2647 1324 2681 Sustinet.
1349 2648 1444 2678 huius
1466 2647 1544 2683 erit;
1565 2650 1685 2685 pontus
1707 2656 1786 2686 quo-

1095 2705 1157 2736 que
1167 2697 1282 2728 santet
1298 2696 1550 2728 tllt.1{ofmann
1564 2695 1782 2736 Peerlkamp.

1096 2746 1259 2778 coniecit:
1300 2749 1435 2785 uterque
1471 2744 1621 2777 Phoebus.
1685 2745 1781 2776 ovid.

1095 2795 1173 2826 Met
1206 2796 1231 2827 1
1259 2786 1338 2825 238:
1369 2795 1481 2825 Litora
1506 2803 1582 2824 voce
1604 2794 1704 2833 replet
1728 2794 1784 2824 sub
