1997 3219
303 113 381 153 (364

831 117 998 148 llORATll
1025 118 1190 149 EPoDON

583 218 833 261 siticulosae
864 218 1064 275 Apuliae,

527 300 610 341 Nec
644 313 796 340 munus
827 299 1014 342 humoris

584 379 732 421 inarsit
764 380 1016 422 acstuosius.

1045 300 1229 342 efficacis
1263 302 1455 344 Herculis

526 462 574 500 At
607 460 641 501 si
672 459 775 516 quid
806 474 994 523 unquam
1023 460 1105 503 tale
1137 462 1454 518 concupiveris.

585 541 733 582 locose
764 541 987 583 Maecenas
1003 576 1010 589 ‚

1043 555 1198 597 precor
1211 577 1216 587 ,
1687 544 1739 584 20

529 621 697 662 Manum
728 620 870 677 puella
901 622 1018 664 savio
1050 630 1236 678 opponat
1271 630 1366 672 tuo,

585 701 782 743 Extrema
813 709 854 745 et
884 702 925 743 in
957 702 1121 759 sponda
1151 702 1290 746 cubet.

388 832 439 863 49.
467 833 552 872 quod
574 832 601 863 si
625 833 645 863 S
672 832 751 872 (non
775 832 871 873 bcd).
910 850 946 856 —
986 835 1039 866 20.
1065 835 1178 866 Iocosa
1201 834 1379 868 Markland
1411 837 1445 867 in
1470 836 1549 868 Eur.
1577 837 1695 878 Suppl.

342 891 376 922 p.
402 882 476 913 ⁶258.
507 899 539 904 —
568 881 621 912 ⁶21.
647 882 739 913 savio
763 890 946 923 superscr.
970 892 994 915 u
1017 884 1057 923 d,
1084 885 1199 916 ειιαυίο
1223 886 1303 917 LCt.
1332 886 1383 925 (Ut
1406 894 1491 925 nos,
1516 885 1612 926 bSc.)

301 999 421 1040 Oedip.
440 998 497 1031 47:
533 999 596 1030 Sed
618 1000 731 1040 gyrat-is
753 1003 783 1031 et
805 1003 878 1031 aler
900 1001 997 1032 incu-

302 1048 356 1079 bat
379 1049 476 1079 terris
504 1057 622 1087 vapor.
652 1067 687 1070 ——
720 1049 928 1091 Siticulosae]
960 1051 999 1081 ut

1048 1001 1114 1033 dus
1138 1001 1339 1043 deceperat.
1388 1002 1460 1033 Hoc
1491 1003 1611 1034 autem
1639 1001 1742 1043 longe

1048 1051 1161 1091 aptius
1192 1052 1253 1082 toti
1283 1051 1429 1083 carmini
1460 1059 1566 1091 quam
1591 1052 1742 1084 otiosum

301 1096 534 1138 πολυδίψιον
548 1093 692 1142 Ἄργος.
723 1115 756 1120 -
784 1099 914 1140 munus]
939 1108 999 1131 ve·
1048 1098 1130 1131 illud
1166 1099 1303 1141 puellae
1338 1099 1512 1132 ἐπίθετον
1546 1101 1666 1132 iocosa.
1704 1117 1738 1123 —

302 1149 364 1179 stis
389 1149 489 1179 Nessi
515 1148 679 1179 Centauri
712 1157 837 1179 cruore
868 1149 995 1188 tincta⁷

300 1206 320 1228 a
356 1197 517 1229 Deianira
554 1196 693 1229 Hervuli
737 1198 873 1238 coniugi
909 1197 997 1230 Ioles

301 1255 422 1278 amore
454 1248 557 1288 capto
590 1247 726 1279 funesto
758 1247 850 1279 dono
876 1248 995 1279 missa.

304 1296 400 1327 Oxicl.
435 1297 515 1328 Met.
550 1296 585 1334 9,
625 1297 698 1327 430.
739 1315 773 1319 —
812 1297 955 1328 humeris
980 1314 998 1319 -

300 1345 432 1386 Inar-sil]
460 1346 636 1377 «humeris
662 1346 790 1377 ardens
815 1347 996 1377 inhaesit.»

304 1412 339 1416 —
373 1395 523 1435 efficacis]
559 1395 789 1428 «difficillimis
818 1395 997 1428 laboribus

302 1443 472 1483 defuncti,
498 1443 741 1490 δραστηρίου,
767 1445 996 1486 tlzatkrc'ifliq.»

300 1493 400 1533 Apul.
419 1493 517 1534 Apol.
536 1504 569 1534 p.
589 1493 670 1525 442:
696 1495 850 1525 Hercules
874 1495 998 1525 lustra-

301 1546 353 1574 tor
382 1543 485 1581 orbis,
514 1547 682 1583 purgmtor
712 1545 880 1583 ferarum,
916 1553 998 1584 yen—

303 1592 386 1623 ίίιιηι7
419 1594 569 1624 domilor.
620 1594 673 1624 Sic
709 1594 878 1625 Maximus
914 1594 994 1632 Tyr.

302 1636 406 1679 Ds3,
434 1643 463 1673 7.
498 1642 686 1674 Herculem
710 1645 813 1673 vocat
836 1639 902 1673 τὸν
924 1640 997 1673 τῶν

303 1687 450 1721 πολλῶν
492 1692 556 1722 καὶ
599 1690 833 1732 θαυμαστῶν
871 1691 997 1722 ,τόνων

303 1735 490 1782 ὁμιλητὴν
514 1742 575 1772 καὶ
594 1737 810 1783 ἀγωνιστὴν
831 1741 895 1771 καὶ
912 1737 999 1772 ἐθά-

302 1787 363 1825 aa,
403 1791 436 1820 et
460 1790 604 1821 similius
630 1791 735 1821 etiam
762 1791 849 1821 Diss.
872 1791 908 1821 21
931 1815 936 1827 ,
964 1790 994 1820 6.

301 1836 554 1881 καθορθωτὴν
580 1835 709 1884 ἔργων.
764 1838 915 1871 Iulianus
951 1839 996 1870 ad

303 1887 533 1919 Themistium
563 1897 596 1928 p.
624 1888 697 1919 ¹264.
726 1897 766 1919 ex
796 1888 921 1927 odyss.
948 1898 994 1927 cp,

302 1936 361 1967 ⁶26:
409 1934 583 1978 μεγάλων
629 1936 827 1981 ἐπιίστορα
858 1933 995 1981 ἔργων,

303 1982 630 2030 «αὖτουργόῑατον
669 1983 849 2017 ἁπάντων
889 1984 998 2029 γενό-

300 2045 451 2076 μενον.»
493 2035 544 2066 Ad
579 2036 870 2067 consuetudinem
905 2037 998 2067 Lati-

303 2093 383 2116 nam
402 2085 461 2115 csr.
489 2083 645 2116 Caelium
670 2084 713 2115 ad
739 2085 808 2115 Cic.
835 2086 929 2116 Fam.
957 2086 995 2124 8,

304 2134 361 2171 40.
382 2134 416 2164 3:
443 2134 534 2165 Nosti
560 2133 774 2171 Marcellum,
801 2143 903 2173 quam
925 2138 999 2165 lar-

303 2184 363 2213 ‹lus
387 2186 415 2214 ει
436 2192 558 2221 parum
585 2183 706 2223 cfficass
728 2183 779 2214 sit.

347 2232 475 2264 119-22.
503 2233 742 2272 concupiveris]
769 2233 820 2264 «Si
846 2234 917 2264 tam
935 2233 1000 2264 de-

305 2281 476 2313 testabilis
507 2281 606 2313 cibus
642 2291 797 2322 unquam
834 2282 893 2313 tibi
924 2292 1001 2314 rur-

305 2339 364 2361 sus
388 2330 592 2371 placuerit.»
621 2349 654 2353 —-
682 2331 798 2372 locose]
825 2333 998 2371 quatenus

304 2378 380 2410 allio
405 2379 495 2412 clam
519 2379 636 2412 oblato
653 2381 807 2412 amicum
831 2380 998 2413 ludibun-

1047 1149 1151 1190 savio]
1179 1151 1328 1181 «amoris
1353 1149 1506 1182 osculo».
1534 1151 1654 1181 Senot.
1685 1159 1743 1181 sa-

1045 1199 1156 1237 vium,
1190 1198 1342 1240 φίλημα
1365 1197 1566 1244 ἑταιρικόν.
1608 1198 1740 1230 Philox.

1047 1248 1185 1279 Rectior
1216 1250 1334 1280 autem
1366 1248 1455 1280 haec
1487 1250 1541 1280 est
1570 1249 1742 1289 scriptura

1048 1306 1155 1337 quam
1180 1296 1286 1329 altera
1312 1299 1438 1329 secanio.
1465 1299 1540 1329 Non
1559 1299 1652 1329 enim
1678 1297 1743 1329 de-

1048 1346 1186 1377 ducitur
1220 1356 1239 1378 a
1273 1356 1306 1378 v.
1343 1347 1470 1386 suavis,
1511 1347 1576 1379 sed
1613 1348 1743 1379 savium

1047 1397 1190 1437 proprie
1216 1398 1268 1428 est
1291 1396 1459 1434 labellmn,
1497 1398 1536 1427 ut
1565 1395 1619 1428 bis
1645 1398 1742 1428 terve

1047 1447 1140 1488 apud
1173 1446 1344 1478 Plautum.
1380 1446 1448 1478 Cfr.
1475 1447 1559 1478 Iahn
1583 1447 1627 1478 ad
1658 1447 1692 1478 h.
1719 1445 1739 1478 l.

1050 1513 1085 1517 —
1105 1496 1231 1535 sponda
1248 1496 1349 1536 cubet]
1376 1496 1425 1526 De
1442 1504 1573 1526 venere
1591 1504 1609 1525 a
1627 1495 1742 1536 puella

1048 1547 1173 1585 negata
1192 1545 1343 1585 accipio,
1372 1546 1407 1576 ut
1431 1546 1483 1576 cst
1508 1545 1601 1585 apud
1618 1545 1739 1577 Tibull.

1049 1595 1085 1631 ft,
1113 1595 1148 1632 9,
1175 1594 1228 1625 56.
1266 1595 1299 1625 in
1333 1593 1435 1625 simili
1465 1595 1739 1633 imprecatione:

1049 1644 1163 1674 Tecum
1188 1643 1381 1682 interposita
1405 1643 1565 1683 languida
1589 1647 1673 1674 'vesle
1688 1652 1743 1674 cu-

1047 1693 1105 1723 bet.
1147 1691 1227 1723 Alii:
1267 1701 1371 1724 «sese
1403 1701 1510 1732 quam
1540 1691 1741 1732 longissime

1047 1750 1065 1771 a
1091 1743 1123 1772 tc
1153 1743 1334 1772 removeat
1369 1742 1402 1772 in
1437 1740 1517 1772 lecti
1553 1741 1742 1774 convivalis

1047 1790 1216 1831 sponda.»
1272 1791 1359 1821 Sane
1398 1791 1519 1822 cubare
1554 1791 1660 1822 etiam
1695 1791 1740 1822 de

1048 1840 1203 1871 convivis
1227 1840 1428 1880 usurpatur.
1461 1839 1531 1870 Cic.
1559 1839 1602 1871 de
1628 1840 1683 1871 Or.
1702 1841 1740 1878 ⁶2,

1047 1888 1108 1920 86:
1135 1897 1198 1927 quo
1221 1897 1334 1919 eorum
1357 1888 1426 1919 loco
1451 1889 1586 1928 quisque
1609 1888 1742 1920 cubuis-

1046 1941 1102 1969 set.
1133 1956 1167 1960 -—
1195 1937 1292 1969 Falso
1317 1939 1435 1969 autem
1460 1939 1573 1969 Acron
1597 1938 1744 1977 puellam

1049 1986 1197 2028 explicat
1230 1987 1273 2018 de
1310 1987 1470 2018 Terentia
1506 1988 1740 2025 Maecenatis,

1049 2037 1082 2067 id
1107 2036 1202 2076 quod
1231 2045 1341 2077 prope
1372 2036 1579 2068 indecenter
1609 2037 1743 2068 dictum

1048 2086 1135 2117 soret
1174 2085 1216 2116 de
1257 2087 1328 2116 tam
1363 2085 1546 2126 splendida
1582 2087 1742 2117 matrona

1049 2136 1220 2173 Romana,
1262 2134 1359 2174 prius
1397 2143 1416 2165 a
1453 2136 1605 2166 Caesare
1640 2135 1743 2166 Octa-

1048 2184 1150 2214 viano
1179 2185 1305 2214 amata.
1357 2183 1509 2222 (sueton.
1528 2184 1646 2214 OctaV.
1675 2184 1740 2223 69.)

1048 2234 1159 2264 Immo
1186 2233 1369 2264 manifesto
1393 2231 1546 2272 loquitur
1570 2233 1613 2264 dc
1639 2231 1742 2265 ἑταί-

1048 2293 1114 2327 ρᾳ,
1163 2290 1318 2322 quacum
1357 2282 1579 2313 consueverit
1618 2284 1742 2323 potens

1048 2332 1183 2363 amicus
1208 2331 1286 2362 ante
1313 2331 1450 2371 nuptias
1475 2340 1556 2362 cum
1581 2332 1740 2363 Terentia

1050 2380 1257 2412 celebratas.
1285 2380 1353 2411 Cir.
1370 2381 1500 2412 Franke
1515 2381 1547 2412 κ’.
1562 2381 1600 2412 11.
1618 2390 1649 2421 p.
1667 2381 1738 2412 425.
