1997 3219
735 198 812 229 LIB.
839 198 893 229 111.
944 198 980 229 C.
1009 198 1061 229 xl.

1545 197 1624 237 413

409 299 576 342 Delium
606 299 735 342 fundo
767 300 985 356 pereuntis
1017 300 1124 346 imo,

518 382 710 436 Seraque
742 380 843 427 fata.

408 486 527 536 Quae
559 492 730 528 manent
762 484 909 542 culpas
941 486 1068 527 etiam
1099 484 1178 527 sub
1209 485 1335 527 Oreo.

404 565 582 621 Impiae,
610 591 665 596 —
686 580 783 607 nam
813 566 917 622 quid
947 573 1126 622 potuere
1159 565 1323 607 maius?
1344 590 1399 596 --

1570 566 1623 606 30

403 645 563 701 Impiae
594 659 776 701 sponsos
808 652 987 701 potuere
1018 645 1126 688 duro

521 725 708 768 Perdere
738 725 850 767 serre
868 726 874 766 ἔ

401 831 490 873 Una
521 831 575 873 de
604 829 745 872 multis
777 830 867 873 sace
898 829 1074 886 nuptiali

264 964 315 993 30.
343 963 466 1002 [inpiae
488 970 587 1001 nam,
615 962 692 1001 quid
717 961 895 1002 distinguit
919 962 961 993 M.

175 1088 298 1111 omnes
343 1080 484 1119 praeter
527 1079 868 1119 Hypermnestram,
895 1085 900 1142 Ι

176 1137 278 1169 quae,
313 1137 394 1159 cum
411 1129 552 1168 Lynceo
577 1136 706 1168 sponso
732 1136 795 1159 suo
812 1136 873 1168 pe—

174 1178 361 1219 percisset,
389 1178 423 1208 in
445 1175 583 1208 vincula
603 1178 780 1215 coniecta,
807 1177 872 1208 sed
923 1184 1043 1214 aquae.

969 1078 1107 1110 626-628.
1153 1087 1253 1110 mane
1286 1079 1454 1122 lymphae]
1495 1081 1622 1113 eadem

924 1128 1207 1166 constructione,
1250 1137 1318 1168 qua
1343 1129 1469 1160 dicitur
1487 1130 1622 1169 plenum

1093 1177 1227 1216 (Cicero
1244 1177 1288 1208 de
1306 1179 1398 1209 Orat.
1431 1180 1443 1210 4
1462 1204 1468 1218 ‚
1495 1179 1531 1218 9,
1559 1180 1618 1211 37:

173 1229 294 1267 postea
321 1228 438 1257 tamen
456 1227 488 1257 in
507 1227 769 1257 matrimonium
791 1226 871 1256 data
925 1225 1043 1256 Omnia
1058 1234 1164 1256 nonne
1177 1226 1277 1265 plena
1293 1228 1522 1267 consiliorum,
1548 1229 1622 1260 ina—

175 1278 226 1307 est
245 1276 396 1315 Lynceo.
422 1274 581 1315 Apollod.
601 1276 633 1313 Q,
654 1276 683 1313 l,
703 1276 734 1306 5
754 1274 867 1305 Schol.

924 1275 981 1304 nia
1002 1274 1179 1305 *verborum
1206 1275 1394 1317 videmus&
1430 1277 1533 1308 Incme
1556 1286 1621 1308 au-

177 1325 318 1356 llomeri
343 1324 387 1354 ad
412 1323 505 1355 Iliad.
532 1334 577 1362 a,
603 1323 670 1362 42„
696 1324 870 1364 Euripidis
923 1325 1013 1362 tem,
1045 1324 1125 1363 quia
1151 1325 1184 1355 in
1210 1325 1279 1356 imo
1305 1325 1411 1356 fundo
1435 1328 1620 1366 pertusum

175 1374 218 1405 ad
255 1374 366 1405 Orest.
393 1373 490 1411 859.,
528 1373 666 1404 Pindari
700 1373 743 1404 ad
769 1374 868 1405 Nem.

176 1423 235 1459 40,
274 1423 304 1453 6.
348 1422 504 1462 Hyginus
529 1423 562 1453 F.
591 1422 664 1453 468.
702 1423 798 1453 SerV.
825 1422 870 1453 ad

174 1474 259 1503 Aen.
288 1471 347 1508 40,
367 1470 440 1502 497.
468 1472 642 1502 Hfflumxsi
667 1471 816 1511 Opusce.
835 1472 866 1510 ⁶2,

174 1530 208 1561 ρ,
235 1521 311 1551 319.
349 1520 446 1551 Ovid.
468 1520 607 1551 Heroid.
627 1520 735 1561 Epist.
756 1520 807 1552 44.
831 1538 867 1543 —-

173 1569 347 1602 Danaides
364 1568 492 1607 alatae,
520 1568 650 1600 dolium
668 1569 794 1601 frustra
812 1579 869 1601 ex-

172 1617 266 1659 plere
288 1620 474 1654 conantes.
501 1620 582 1649 sunt
605 1618 700 1658 apud
716 1619 869 1658 Inghira-

174 1668 222 1699 mi
247 1667 333 1699 Gall.
361 1668 431 1698 Οιιι.
450 1668 505 1698 111.
525 1668 561 1698 T.
580 1667 632 1698 86.
668 1668 764 1699 Hane
781 1677 866 1699 vero

171 1716 368 1748 Danaidum
381 1716 502 1748 dulces
517 1717 688 1757 Orphicae
702 1716 799 1757 lyrae
813 1727 869 1750 so-

171 1775 233 1798 nos
271 1766 488 1797 audientium
521 1767 720 1806 requietem
760 1775 867 1807 prae-

170 1814 262 1846 clare
274 1816 443 1855 expressit
455 1814 576 1846 artifex
587 1816 689 1853 vasis,
703 1816 797 1856 quod
809 1825 867 1847 ex-

170 1864 291 1895 hibent
314 1865 404 1895 Μυη.
430 1864 515 1894 ined.
535 1864 606 1895 dell·
623 1865 699 1895 Inst.
721 1865 862 1896 archeol.

170 1914 205 1944 T.
219 1913 270 1944 lis).
283 1915 316 1944 et
331 1913 384 1944 50.
404 1914 480 1944 Ταυ.
497 1913 689 1953 cl'aqgsiunle
698 1914 737 1945 H.
752 1915 865 1945 Braun

170 1963 252 1993 Anu.
272 1962 343 1993 dell'
363 1963 435 1993 inst.
456 1963 509 1993 lx.
530 1971 563 2002 p.
585 1963 659 1994 2¹9.
679 1965 784 2003 atque
804 1964 867 1995 irn-

171 2012 292 2052 primis
309 2020 342 2052 p.
363 2012 437 2042 226.
455 2012 552 2042 Arch.
571 2012 671 2052 Zeitq.
691 2013 715 2043 1.
735 2022 768 2053 p.
790 2013 863 2044 «¹81.

214 2062 264 2092 25.
301 2061 423 2092 Audiat
447 2060 549 2101 Lyde]
587 2062 678 2093 Cum
701 2070 739 2092 se
766 2062 865 2102 quasi

171 2111 310 2142 fortuito
342 2110 374 2140 in
400 2109 595 2141 Danaidum
630 2109 781 2142 fabulam
813 2110 867 2142 in-

170 2159 297 2191 cidisse
315 2158 536 2197 simulasset,
564 2168 602 2190 ea
621 2159 742 2191 callide
761 2160 867 2192 utitur

170 2209 213 2240 ad
245 2209 395 2240 amicam
427 2217 446 2239 a
476 2209 619 2240 saevitia
650 2211 754 2249 atque
780 2218 867 2240 eon-

170 2258 320 2289 tumaeia
352 2257 602 2289 deterrendam
627 2259 662 2289 et
685 2257 728 2289 ad
759 2258 867 2290 sacili-

170 2308 278 2338 tatem
317 2306 567 2338 revocandam.
610 2307 764 2347 (uNimis
796 2317 864 2340 una

171 2357 316 2395 excepta
334 2364 460 2386 saevae
484 2355 623 2387 suerunt
640 2357 672 2387 in
691 2365 840 2397 sponsos
856 2366 862 2394 ;

171 2406 205 2434 tu
232 2406 345 2444 potius
371 2405 505 2436 imitare
530 2405 702 2445 benignae
725 2407 865 2447 Hyper—

171 2455 348 2484 mncstrae
373 2452 488 2484 nobile
513 2453 592 2484 fidei
619 2464 659 2486 ac
676 2456 748 2486 veri
765 2464 865 2487 amo-

170 2502 216 2533 ris
241 2501 500 2542 exemplatur»)
530 2521 563 2526 κ
601 2504 711 2545 notas]
737 2506 863 2545 partim

170 2561 187 2581 a
214 2550 330 2582 multis
355 2552 466 2592 poetis
492 2553 655 2584 tractatas
686 2554 754 2585 iam
785 2553 864 2585 inde

171 2608 188 2629 a
225 2600 380 2631 Danaide
423 2599 554 2639 cyclica
596 2605 790 2633 memorata
831 2603 863 2634 in

170 2648 299 2680 Tabula
327 2650 517 2689 Borgiana,
555 2652 682 2691 partim
714 2661 819 2692 saepe
845 2661 862 2682 a

171 2698 344 2729 statuariis
381 2708 578 2739 expressas,
636 2701 704 2732 Cl'r.
744 2700 865 2732 Miillcr

171 2747 411 2788 Archaeoloyic.
439 2749 499 2780 Ed.
529 2750 556 2779 2.
585 2758 617 2789 p.
647 2750 719 2780 651.

923 1377 976 1406 est
1014 1374 1165 1414 ideoque
1205 1383 1296 1415 aqua
1332 1384 1476 1416 semper
1514 1378 1617 1416 perit,

922 1424 967 1454 ita
983 1423 1142 1464 perfluit,
1170 1425 1207 1455 ut
1224 1423 1388 1456 inutiliter
1411 1427 1534 1466 pereat
1559 1436 1621 1458 no-

920 1481 1035 1512 vaque
1058 1481 1201 1514 semper
1218 1482 1327 1513 aqua,
1355 1475 1418 1506 etsi
1437 1483 1550 1515 aeque
1568 1476 1619 1507 in-

921 1530 1084 1560 eassum,
1126 1522 1340 1554 infundenda
1379 1523 1433 1555 sit.
1475 1525 1613 1556 Lueret.

922 1572 957 1610 Λ1,
994 1569 1075 1602 244:
1112 1572 1276 1603 Postremo
1309 1575 1449 1611 pereunt
1484 1573 1615 1605 imbres.

923 1637 958 1642 —
984 1619 1132 1659 Seraque
1164 1620 1249 1661 sata]
1288 1630 1441 1662 «peenas
1477 1621 1615 1661 fatales,

920 1677 1010 1709 quae
1028 1669 1078 1699 eis
1102 1671 1182 1709 post
1206 1671 1358 1701 mertem
1381 1670 1526 1702 tandem
1550 1672 1618 1703 im-

919 1719 1052 1759 positae
1078 1719 1192 1750 sunt.»

962 1768 1004 1798 29
1020 1785 1038 1790 -
1054 1767 1106 1798 311.
1143 1771 1278 1799 manent
1301 1768 1433 1811 culpas]
1468 1778 1618 1810 «exspe—

919 1817 1024 1855 etant,
1045 1816 1126 1856 quia
1144 1818 1322 1848 manent.»
1340 1817 1454 1849 Alium
1471 1827 1617 1850 sensum

917 1864 1067 1905 praebet
1084 1866 1298 1897 constructio
1317 1875 1398 1898 eum
1416 1866 1533 1898 dativo
1548 1893 1554 1906 ‚
1580 1869 1618 1898 ut

917 1914 1010 1955 Virg.
1049 1917 1133 1946 Aen.
1173 1915 1209 1953 9,
1247 1915 1331 1946 30³2:
1378 1916 1467 1947 Haec
1503 1917 1618 1947 eadem

918 1964 1083 2003 matrique
1109 1968 1186 1995 tuae
1217 1965 1394 2005 generique
1419 1966 1614 2005 manebant,

918 2012 952 2043 id
963 2014 1028 2051 est,
1045 2012 1314 2052 «servabuntur,
1330 2014 1463 2054 integra
1478 2017 1614 2046 erunt.»

917 2061 1004 2092 Vide
1027 2061 1074 2092 ibi
1091 2063 1213 2101 Wagn.
1247 2079 1282 2084 —
1310 2063 1450 2104 [inpiae]
1475 2064 1615 2104 virgula

918 2112 997 2151 post
1016 2112 1104 2151 part.
1120 2120 1199 2141 nam
1215 2112 1327 2151 posita
1352 2111 1508 2144 nonnulli
1533 2122 1617 2145 eon—-

918 2162 1058 2191 struunt
1073 2169 1079 2190 :
1106 2161 1194 2191 Nam
1209 2161 1346 2199 impiae,
1374 2160 1467 2201 (quid
1477 2166 1616 2200 potuere

917 2208 1052 2240 maius?
1075 2209 1108 2240 id
1126 2211 1200 2241 est:
1230 2208 1384 2241 «nullum
1408 2210 1520 2241 maius
1536 2220 1617 2251 pro-

919 2258 1010 2290 fecto
1023 2257 1140 2289 scelus
1153 2258 1374 2290 committere
1391 2261 1613 2300 potuerunt»)

918 2307 1041 2346 impiae
1057 2309 1123 2338 cet.
1151 2307 1230 2338 Mihi
1247 2307 1496 2350 significantior
1512 2308 1615 2340 simul

918 2358 1022 2396 atque
1037 2355 1226 2397 simplicior
1238 2356 1378 2387 videtur
1391 2356 1496 2388 altera
1508 2359 1611 2389 ratio:

916 2406 1041 2445 [inpiae
1072 2405 1164 2446 (nam
1193 2406 1272 2444 quid
1296 2409 1434 2445 potuere
1464 2407 1614 2448 maius-1²)

918 2457 1006 2494 cet.⁷
1045 2455 1175 2486 idest:
1220 2457 1275 2486 «et
1306 2464 1390 2487 sane
1427 2457 1614 2497 impietatis

918 2512 998 2534 reae
1017 2503 1083 2536 dici
1102 2504 1250 2542 debent3
1277 2504 1372 2544 quod
1389 2505 1482 2536 enim
1501 2505 1614 2537 maius

917 2552 1032 2584 scelus
1055 2555 1195 2594 patrare
1221 2554 1458 2594 potuerunt-2¹»
1488 2571 1522 2575 —-
1548 2563 1614 2593 po-

916 2601 1024 2643 tuere]
1059 2603 1339 2640 «sustinuerunt,
1381 2603 1615 2642 impetrarunt

916 2652 960 2683 ab
978 2653 1094 2684 animo
1119 2661 1183 2683 suo
1209 2653 1274 2683 hoc
1301 2652 1433 2682 facinus
1460 2651 1610 2684 facere.»

959 2702 1011 2733 33.
1052 2702 1123 2733 Una
1147 2702 1184 2732 (le
1208 2700 1333 2740 mullis]
1376 2700 1471 2732 l’ind.
1511 2702 1609 2732 Nem.

918 2750 974 2788 40,
1000 2751 1041 2781 ὃς
1085 2745 1169 2781 Οὐδ’
1192 2746 1475 2794 ’Τπεζῃιινήστρα
1499 2758 1612 2794 παρε-
