<?xml version="1.0" encoding="UTF-8"?>
<!DOCTYPE html PUBLIC "-//W3C//DTD XHTML 1.0 Transitional//EN"
    "http://www.w3.org/TR/xhtml1/DTD/xhtml1-transitional.dtd">
<html xmlns="http://www.w3.org/1999/xhtml" xml:lang="en" lang="en">
 <head>
  <title>
</title>
<meta http-equiv="Content-Type" content="text/html;charset=utf-8" />
  <meta name='ocr-system' content='tesseract 3.04.00' />
  <meta name='ocr-capabilities' content='ocr_page ocr_carea ocr_par ocr_line ocrx_word'/>
</head>
<body>
  <div class='ocr_page' id='page_1' title='image "./qhoratiusflaccus01horauoft/qhoratiusflaccus01horauoft_0249.png"; bbox 0 0 1997 3219; ppageno 0'>
   <div class='ocr_carea' id='block_1_1' title="bbox 718 203 843 234">
    <p class='ocr_par' dir='ltr' id='par_1_1' title="bbox 718 203 843 234">
     <span class='ocr_line' id='line_1_1' title="bbox 718 203 843 234; baseline -0.016 0"><span class='ocrx_word' id='word_1_1' title='bbox 718 203 793 234; x_wconf 76' lang='grc' dir='ltr'>ΗΒ.</span> <span class='ocrx_word' id='word_1_2' title='bbox 822 203 843 233; x_wconf 91' lang='lat'>1.</span> 
     </span>
    </p>
   </div>
   <div class='ocr_carea' id='block_1_2' title="bbox 894 201 1114 232">
    <p class='ocr_par' dir='ltr' id='par_1_2' title="bbox 894 201 1114 232">
     <span class='ocr_line' id='line_1_2' title="bbox 894 201 1114 232; baseline -0.005 -1"><span class='ocrx_word' id='word_1_3' title='bbox 894 204 931 232; x_wconf 75' lang='lat'>(2.</span> <span class='ocrx_word' id='word_1_4' title='bbox 959 201 1114 232; x_wconf 67' lang='lat' dir='ltr'>xxxva.</span> 
     </span>
    </p>
   </div>
   <div class='ocr_carea' id='block_1_3' title="bbox 1551 198 1632 238">
    <p class='ocr_par' dir='ltr' id='par_1_3' title="bbox 1551 198 1632 238">
     <span class='ocr_line' id='line_1_3' title="bbox 1551 198 1632 238; baseline 0.025 -2"><span class='ocrx_word' id='word_1_5' title='bbox 1551 198 1632 238; x_wconf 73' lang='lat'>‘203</span> 
     </span>
    </p>
   </div>
   <div class='ocr_carea' id='block_1_4' title="bbox 604 506 1237 546">
    <p class='ocr_par' dir='ltr' id='par_1_4' title="bbox 604 506 1237 546">
     <span class='ocr_line' id='line_1_4' title="bbox 604 506 1237 546; baseline -0.005 0"><span class='ocrx_word' id='word_1_6' title='bbox 604 507 913 546; x_wconf 69' lang='lat' dir='ltr'>CARMEN</span> <span class='ocrx_word' id='word_1_7' title='bbox 952 506 1237 544; x_wconf 62' lang='lat' dir='ltr'><strong>xxxva-</strong></span> 
     </span>
    </p>
   </div>
   <div class='ocr_carea' id='block_1_5' title="bbox 423 617 917 665">
    <p class='ocr_par' dir='ltr' id='par_1_5' title="bbox 423 617 917 665">
     <span class='ocr_line' id='line_1_5' title="bbox 423 617 917 665; baseline -0.004 -4"><span class='ocrx_word' id='word_1_8' title='bbox 423 621 541 662; x_wconf 79' lang='lat' dir='ltr'>Nune</span> <span class='ocrx_word' id='word_1_9' title='bbox 573 626 637 661; x_wconf 85' lang='lat' dir='ltr'>est</span> <span class='ocrx_word' id='word_1_10' title='bbox 665 617 917 665; x_wconf 82' lang='lat' dir='ltr'>bibendum,</span> 
     </span>
    </p>
   </div>
   <div class='ocr_carea' id='block_1_6' title="bbox 952 616 1372 673">
    <p class='ocr_par' dir='ltr' id='par_1_6' title="bbox 952 616 1372 673">
     <span class='ocr_line' id='line_1_6' title="bbox 952 616 1372 673; baseline 0 -15"><span class='ocrx_word' id='word_1_11' title='bbox 952 631 1062 659; x_wconf 86' lang='lat' dir='ltr'>nuno</span> <span class='ocrx_word' id='word_1_12' title='bbox 1096 617 1207 673; x_wconf 83' lang='lat' dir='ltr'>pede</span> <span class='ocrx_word' id='word_1_13' title='bbox 1237 616 1372 659; x_wconf 88' lang='lat' dir='ltr'>libero</span> 
     </span>
    </p>
   </div>
   <div class='ocr_carea' id='block_1_7' title="bbox 427 697 1218 747">
    <p class='ocr_par' dir='ltr' id='par_1_7' title="bbox 427 697 1218 747">
     <span class='ocr_line' id='line_1_7' title="bbox 427 697 1218 747; baseline -0.003 -6"><span class='ocrx_word' id='word_1_14' title='bbox 427 698 639 741; x_wconf 83' lang='lat' dir='ltr'>Pulsanda</span> <span class='ocrx_word' id='word_1_15' title='bbox 668 698 812 747; x_wconf 87' lang='lat' dir='ltr'>tellus,</span> <span class='ocrx_word' id='word_1_16' title='bbox 846 711 956 740; x_wconf 82' lang='lat' dir='ltr'>nunc</span> <span class='ocrx_word' id='word_1_17' title='bbox 987 697 1218 739; x_wconf 77' lang='lat' dir='ltr'>Saliaribus</span> 
     </span>
    </p>
   </div>
   <div class='ocr_carea' id='block_1_8' title="bbox 511 777 1108 834">
    <p class='ocr_par' dir='ltr' id='par_1_8' title="bbox 511 777 1108 834">
     <span class='ocr_line' id='line_1_8' title="bbox 511 777 1108 834; baseline -0.002 -14"><span class='ocrx_word' id='word_1_18' title='bbox 511 779 675 821; x_wconf 89' lang='lat' dir='ltr'>Ornare</span> <span class='ocrx_word' id='word_1_19' title='bbox 706 777 900 834; x_wconf 84' lang='lat' dir='ltr'>pulvinar</span> <span class='ocrx_word' id='word_1_20' title='bbox 930 777 1108 820; x_wconf 88' lang='lat' dir='ltr'>deorum</span> 
     </span>
    </p>
   </div>
   <div class='ocr_carea' id='block_1_9' title="bbox 291 908 1595 949">
    <p class='ocr_par' dir='ltr' id='par_1_9' title="bbox 291 908 1595 949">
     <span class='ocr_line' id='line_1_9' title="bbox 291 908 1595 949; baseline 0 -8"><span class='ocrx_word' id='word_1_21' title='bbox 291 910 448 942; x_wconf 74' lang='lat' dir='ltr'>xxxvu.</span> <span class='ocrx_word' id='word_1_22' title='bbox 495 911 604 941; x_wconf 84' lang='lat' dir='ltr'>Inscr.</span> <span class='ocrx_word' id='word_1_23' title='bbox 632 908 720 949; x_wconf 72' lang='lat' dir='ltr'>volg.</span> <span class='ocrx_word' id='word_1_24' title='bbox 746 910 794 940; x_wconf 84' lang='lat' dir='ltr'>Ad</span> <span class='ocrx_word' id='word_1_25' title='bbox 818 910 952 940; x_wconf 79' lang='lat' dir='ltr'>sodales,</span> <span class='ocrx_word' id='word_1_26' title='bbox 983 927 1016 931; x_wconf 90' lang='lat'>—</span> <span class='ocrx_word' id='word_1_27' title='bbox 1042 909 1077 939; x_wconf 80' lang='lat' dir='ltr'>In</span> <span class='ocrx_word' id='word_1_28' title='bbox 1110 909 1249 939; x_wconf 69' lang='lat' dir='ltr'>victoria</span> <span class='ocrx_word' id='word_1_29' title='bbox 1280 909 1418 949; x_wconf 65' lang='lat' dir='ltr'>Augusti</span> <span class='ocrx_word' id='word_1_30' title='bbox 1442 910 1474 940; x_wconf 81' lang='lat' dir='ltr'>S.</span> <span class='ocrx_word' id='word_1_31' title='bbox 1498 927 1531 931; x_wconf 81' lang='lat'>—-</span> <span class='ocrx_word' id='word_1_32' title='bbox 1557 910 1595 941; x_wconf 82' lang='grc' dir='ltr'>Ιιι</span> 
     </span>
    </p>
   </div>
   <div class='ocr_carea' id='block_1_10' title="bbox 203 960 594 1000">
    <p class='ocr_par' dir='ltr' id='par_1_10' title="bbox 203 960 594 1000">
     <span class='ocr_line' id='line_1_10' title="bbox 203 960 594 1000; baseline 0 -11"><span class='ocrx_word' id='word_1_33' title='bbox 203 961 374 991; x_wconf 66' lang='lat' dir='ltr'>cii-loriam</span> <span class='ocrx_word' id='word_1_34' title='bbox 398 960 535 1000; x_wconf 64' lang='lat' dir='ltr'>Augusti</span> <span class='ocrx_word' id='word_1_35' title='bbox 558 960 594 990; x_wconf 92' lang='lat' dir='ltr'>T.</span> 
     </span>
    </p>
   </div>
   <div class='ocr_carea' id='block_1_11' title="bbox 206 1074 906 2693">
    <p class='ocr_par' dir='ltr' id='par_1_11' title="bbox 206 1074 905 2382">
     <span class='ocr_line' id='line_1_11' title="bbox 249 1074 894 1108; baseline -0.003 0"><span class='ocrx_word' id='word_1_36' title='bbox 249 1077 406 1108; x_wconf 57' lang='lat' dir='ltr'>xxxxii.</span> <span class='ocrx_word' id='word_1_37' title='bbox 444 1077 558 1107; x_wconf 89' lang='lat' dir='ltr'>Primo</span> <span class='ocrx_word' id='word_1_38' title='bbox 584 1076 699 1107; x_wconf 88' lang='lat' dir='ltr'>statim</span> <span class='ocrx_word' id='word_1_39' title='bbox 724 1076 767 1106; x_wconf 88' lang='lat' dir='ltr'>de</span> <span class='ocrx_word' id='word_1_40' title='bbox 793 1074 894 1107; x_wconf 89' lang='lat' dir='ltr'>Cleo—</span> 
     </span>
     <span class='ocr_line' id='line_1_12' title="bbox 207 1126 896 1167; baseline 0.001 -12"><span class='ocrx_word' id='word_1_41' title='bbox 207 1130 325 1167; x_wconf 78' lang='lat' dir='ltr'>patrae</span> <span class='ocrx_word' id='word_1_42' title='bbox 362 1127 474 1156; x_wconf 85' lang='lat' dir='ltr'>morte</span> <span class='ocrx_word' id='word_1_43' title='bbox 511 1126 629 1156; x_wconf 91' lang='lat' dir='ltr'>nuntio</span> <span class='ocrx_word' id='word_1_44' title='bbox 661 1127 806 1165; x_wconf 89' lang='lat' dir='ltr'>accepto</span> <span class='ocrx_word' id='word_1_45' title='bbox 837 1133 896 1156; x_wconf 87' lang='lat' dir='ltr'>so-</span> 
     </span>
     <span class='ocr_line' id='line_1_13' title="bbox 206 1173 896 1211; baseline -0.004 -4"><span class='ocrx_word' id='word_1_46' title='bbox 206 1176 302 1207; x_wconf 75' lang='lat' dir='ltr'>dales</span> <span class='ocrx_word' id='word_1_47' title='bbox 321 1175 493 1211; x_wconf 83' lang='lat' dir='ltr'>hortatur,</span> <span class='ocrx_word' id='word_1_48' title='bbox 521 1176 557 1204; x_wconf 91' lang='lat' dir='ltr'>ut</span> <span class='ocrx_word' id='word_1_49' title='bbox 574 1176 663 1206; x_wconf 90' lang='lat' dir='ltr'>totos</span> <span class='ocrx_word' id='word_1_50' title='bbox 681 1175 714 1205; x_wconf 93' lang='lat' dir='ltr'>in</span> <span class='ocrx_word' id='word_1_51' title='bbox 730 1173 896 1205; x_wconf 82' lang='lat' dir='ltr'>laetitiam</span> 
     </span>
     <span class='ocr_line' id='line_1_14' title="bbox 206 1223 898 1263; baseline -0.003 -7"><span class='ocrx_word' id='word_1_52' title='bbox 206 1234 242 1256; x_wconf 76' lang='lat' dir='ltr'>se</span> <span class='ocrx_word' id='word_1_53' title='bbox 269 1223 464 1255; x_wconf 75' lang='lat' dir='ltr'>effundant:</span> <span class='ocrx_word' id='word_1_54' title='bbox 496 1224 538 1254; x_wconf 84' lang='lat' dir='ltr'>ita</span> <span class='ocrx_word' id='word_1_55' title='bbox 564 1225 701 1259; x_wconf 85' lang='lat' dir='ltr'>tamen,</span> <span class='ocrx_word' id='word_1_56' title='bbox 728 1225 765 1254; x_wconf 88' lang='lat' dir='ltr'>ut</span> <span class='ocrx_word' id='word_1_57' title='bbox 788 1231 898 1263; x_wconf 79' lang='lat' dir='ltr'>gene-</span> 
     </span>
     <span class='ocr_line' id='line_1_15' title="bbox 207 1273 898 1312; baseline -0.004 -7"><span class='ocrx_word' id='word_1_58' title='bbox 207 1282 325 1305; x_wconf 89' lang='lat' dir='ltr'>rosum</span> <span class='ocrx_word' id='word_1_59' title='bbox 356 1273 496 1312; x_wconf 74' lang='lat' dir='ltr'>reginae</span> <span class='ocrx_word' id='word_1_60' title='bbox 526 1273 682 1303; x_wconf 88' lang='lat' dir='ltr'>animum</span> <span class='ocrx_word' id='word_1_61' title='bbox 705 1273 779 1312; x_wconf 92' lang='lat' dir='ltr'>ipse</span> <span class='ocrx_word' id='word_1_62' title='bbox 808 1280 898 1311; x_wconf 89' lang='lat' dir='ltr'>quo-</span> 
     </span>
     <span class='ocr_line' id='line_1_16' title="bbox 207 1321 894 1363; baseline -0.001 -12"><span class='ocrx_word' id='word_1_63' title='bbox 207 1331 274 1363; x_wconf 82' lang='lat' dir='ltr'>que</span> <span class='ocrx_word' id='word_1_64' title='bbox 293 1321 380 1352; x_wconf 91' lang='lat' dir='ltr'>ultro</span> <span class='ocrx_word' id='word_1_65' title='bbox 394 1324 557 1362; x_wconf 78' lang='lat' dir='ltr'>agnoscat</span> <span class='ocrx_word' id='word_1_66' title='bbox 572 1323 676 1361; x_wconf 85' lang='lat' dir='ltr'>atque</span> <span class='ocrx_word' id='word_1_67' title='bbox 691 1321 894 1352; x_wconf 81' lang='lat' dir='ltr'>admiretur.</span> 
     </span>
     <span class='ocr_line' id='line_1_17' title="bbox 207 1369 898 1410; baseline -0.003 -8"><span class='ocrx_word' id='word_1_68' title='bbox 207 1371 274 1402; x_wconf 74' lang='lat' dir='ltr'>Cir.</span> <span class='ocrx_word' id='word_1_69' title='bbox 302 1369 416 1410; x_wconf 69' lang='lat' dir='ltr'>Virgil.</span> <span class='ocrx_word' id='word_1_70' title='bbox 436 1373 520 1401; x_wconf 79' lang='lat' dir='ltr'>Aen.</span> <span class='ocrx_word' id='word_1_71' title='bbox 539 1370 577 1406; x_wconf 87' lang='lat'>8,</span> <span class='ocrx_word' id='word_1_72' title='bbox 604 1370 665 1401; x_wconf 77' lang='lat'>675</span> <span class='ocrx_word' id='word_1_73' title='bbox 691 1378 789 1410; x_wconf 85' lang='lat' dir='ltr'>seqq.</span> <span class='ocrx_word' id='word_1_74' title='bbox 817 1370 898 1400; x_wconf 87' lang='lat' dir='ltr'>Pro-</span> 
     </span>
     <span class='ocr_line' id='line_1_18' title="bbox 208 1418 893 1460; baseline -0.003 -10"><span class='ocrx_word' id='word_1_75' title='bbox 208 1422 295 1460; x_wconf 86' lang='lat' dir='ltr'>pert.</span> <span class='ocrx_word' id='word_1_76' title='bbox 330 1420 364 1455; x_wconf 82' lang='lat'>3,</span> <span class='ocrx_word' id='word_1_77' title='bbox 401 1420 452 1450; x_wconf 84' lang='lat' dir='ltr'>ll.</span> <span class='ocrx_word' id='word_1_78' title='bbox 487 1421 520 1450; x_wconf 84' lang='lat' dir='ltr'>ct</span> <span class='ocrx_word' id='word_1_79' title='bbox 553 1418 588 1456; x_wconf 70' lang='lat'>4,</span> <span class='ocrx_word' id='word_1_80' title='bbox 622 1419 652 1450; x_wconf 86' lang='lat'>6.</span> <span class='ocrx_word' id='word_1_81' title='bbox 680 1420 808 1450; x_wconf 89' lang='lat' dir='ltr'>Lucan.</span> <span class='ocrx_word' id='word_1_82' title='bbox 836 1418 893 1455; x_wconf 60' lang='lat'>2¹0,</span> 
     </span>
     <span class='ocr_line' id='line_1_19' title="bbox 207 1468 896 1507; baseline 0 -8"><span class='ocrx_word' id='word_1_83' title='bbox 207 1469 257 1499; x_wconf 81' lang='lat'>53.</span> <span class='ocrx_word' id='word_1_84' title='bbox 306 1469 355 1499; x_wconf 84' lang='lat' dir='ltr'>Dc</span> <span class='ocrx_word' id='word_1_85' title='bbox 379 1468 542 1503; x_wconf 74' lang='lat' dir='ltr'>Antonio,</span> <span class='ocrx_word' id='word_1_86' title='bbox 575 1469 694 1507; x_wconf 80' lang='lat' dir='ltr'>utpote</span> <span class='ocrx_word' id='word_1_87' title='bbox 720 1469 896 1499; x_wconf 86' lang='lat' dir='ltr'>Romanus</span> 
     </span>
     <span class='ocr_line' id='line_1_20' title="bbox 207 1515 897 1556; baseline 0 -9"><span class='ocrx_word' id='word_1_88' title='bbox 207 1518 249 1548; x_wconf 64' lang='lat' dir='ltr'>tle</span> <span class='ocrx_word' id='word_1_89' title='bbox 276 1518 448 1554; x_wconf 77' lang='lat' dir='ltr'>ltomano,</span> <span class='ocrx_word' id='word_1_90' title='bbox 474 1516 530 1547; x_wconf 87' lang='lat' dir='ltr'>hic</span> <span class='ocrx_word' id='word_1_91' title='bbox 555 1524 698 1556; x_wconf 88' lang='lat' dir='ltr'>prorsus</span> <span class='ocrx_word' id='word_1_92' title='bbox 716 1515 810 1548; x_wconf 85' lang='lat' dir='ltr'>silet:</span> <span class='ocrx_word' id='word_1_93' title='bbox 838 1525 897 1547; x_wconf 90' lang='lat' dir='ltr'>ne—</span> 
     </span>
     <span class='ocr_line' id='line_1_21' title="bbox 206 1564 893 1606; baseline 0.001 -10"><span class='ocrx_word' id='word_1_94' title='bbox 206 1575 273 1606; x_wconf 82' lang='lat' dir='ltr'>que</span> <span class='ocrx_word' id='word_1_95' title='bbox 299 1565 359 1602; x_wconf 88' lang='lat' dir='ltr'>illi,</span> <span class='ocrx_word' id='word_1_96' title='bbox 387 1565 450 1597; x_wconf 84' lang='lat' dir='ltr'>sed</span> <span class='ocrx_word' id='word_1_97' title='bbox 475 1564 680 1606; x_wconf 79' lang='lat' dir='ltr'>Cleopatrae</span> <span class='ocrx_word' id='word_1_98' title='bbox 702 1566 893 1602; x_wconf 79' lang='lat' dir='ltr'>dumtaxat,</span> 
     </span>
     <span class='ocr_line' id='line_1_22' title="bbox 206 1614 898 1646; baseline 0.004 -3"><span class='ocrx_word' id='word_1_99' title='bbox 206 1616 380 1646; x_wconf 71' lang='lat' dir='ltr'>octaviani</span> <span class='ocrx_word' id='word_1_100' title='bbox 420 1615 514 1646; x_wconf 89' lang='lat' dir='ltr'>iussu</span> <span class='ocrx_word' id='word_1_101' title='bbox 559 1614 690 1646; x_wconf 86' lang='lat' dir='ltr'>bellum</span> <span class='ocrx_word' id='word_1_102' title='bbox 727 1615 898 1646; x_wconf 75' lang='lat' dir='ltr'>indixerat</span> 
     </span>
     <span class='ocr_line' id='line_1_23' title="bbox 206 1664 896 1704; baseline 0.001 -10"><span class='ocrx_word' id='word_1_103' title='bbox 206 1667 348 1695; x_wconf 77' lang='lat' dir='ltr'>senatus</span> <span class='ocrx_word' id='word_1_104' title='bbox 374 1665 446 1703; x_wconf 86' lang='lat' dir='ltr'>(Dio</span> <span class='ocrx_word' id='word_1_105' title='bbox 471 1664 567 1695; x_wconf 86' lang='lat' dir='ltr'>Cass.</span> <span class='ocrx_word' id='word_1_106' title='bbox 592 1665 650 1702; x_wconf 78' lang='lat'>50,</span> <span class='ocrx_word' id='word_1_107' title='bbox 677 1665 734 1704; x_wconf 71' lang='lat'>6.),</span> <span class='ocrx_word' id='word_1_108' title='bbox 761 1673 826 1696; x_wconf 90' lang='lat' dir='ltr'>nec</span> <span class='ocrx_word' id='word_1_109' title='bbox 853 1665 896 1695; x_wconf 91' lang='lat' dir='ltr'>de</span> 
     </span>
     <span class='ocr_line' id='line_1_24' title="bbox 207 1713 898 1755; baseline 0.003 -12"><span class='ocrx_word' id='word_1_110' title='bbox 207 1713 334 1753; x_wconf 72' lang='lat' dir='ltr'>collega</span> <span class='ocrx_word' id='word_1_111' title='bbox 368 1714 400 1744; x_wconf 91' lang='lat' dir='ltr'>in</span> <span class='ocrx_word' id='word_1_112' title='bbox 432 1714 649 1745; x_wconf 67' lang='lat' dir='ltr'>triumviratu</span> <span class='ocrx_word' id='word_1_113' title='bbox 674 1715 898 1755; x_wconf 77' lang='lat' dir='ltr'>triumphavit</span> 
     </span>
     <span class='ocr_line' id='line_1_25' title="bbox 207 1763 898 1801; baseline 0.004 -10"><span class='ocrx_word' id='word_1_114' title='bbox 207 1763 325 1793; x_wconf 60' lang='lat' dir='ltr'>xit-tor.</span> <span class='ocrx_word' id='word_1_115' title='bbox 382 1763 488 1794; x_wconf 80' lang='lat' dir='ltr'>Huius</span> <span class='ocrx_word' id='word_1_116' title='bbox 518 1763 609 1794; x_wconf 86' lang='lat' dir='ltr'>enim</span> <span class='ocrx_word' id='word_1_117' title='bbox 642 1764 823 1801; x_wconf 75' lang='lat' dir='ltr'>intererat,</span> <span class='ocrx_word' id='word_1_118' title='bbox 862 1765 898 1794; x_wconf 92' lang='lat' dir='ltr'>ut</span> 
     </span>
     <span class='ocr_line' id='line_1_26' title="bbox 207 1810 898 1852; baseline 0.009 -14"><span class='ocrx_word' id='word_1_119' title='bbox 207 1810 322 1851; x_wconf 77' lang='lat' dir='ltr'>quoad</span> <span class='ocrx_word' id='word_1_120' title='bbox 359 1811 432 1841; x_wconf 79' lang='lat' dir='ltr'>cius</span> <span class='ocrx_word' id='word_1_121' title='bbox 472 1812 544 1842; x_wconf 85' lang='lat' dir='ltr'>tieri</span> <span class='ocrx_word' id='word_1_122' title='bbox 584 1814 701 1852; x_wconf 76' lang='lat' dir='ltr'>posset</span> <span class='ocrx_word' id='word_1_123' title='bbox 739 1813 898 1844; x_wconf 85' lang='lat' dir='ltr'>homines</span> 
     </span>
     <span class='ocr_line' id='line_1_27' title="bbox 208 1859 898 1892; baseline 0.001 -1"><span class='ocrx_word' id='word_1_124' title='bbox 208 1859 498 1891; x_wconf 66' lang='lat' dir='ltr'>oblitiscerentur</span> <span class='ocrx_word' id='word_1_125' title='bbox 529 1861 680 1892; x_wconf 86' lang='lat' dir='ltr'>amicum</span> <span class='ocrx_word' id='word_1_126' title='bbox 711 1861 754 1892; x_wconf 85' lang='lat' dir='ltr'>ab</span> <span class='ocrx_word' id='word_1_127' title='bbox 785 1870 827 1892; x_wconf 91' lang='lat' dir='ltr'>eo</span> <span class='ocrx_word' id='word_1_128' title='bbox 855 1861 898 1892; x_wconf 87' lang='lat' dir='ltr'>ad</span> 
     </span>
     <span class='ocr_line' id='line_1_28' title="bbox 209 1908 899 1942; baseline 0.001 -2"><span class='ocrx_word' id='word_1_129' title='bbox 209 1911 358 1940; x_wconf 87' lang='lat' dir='ltr'>mortem</span> <span class='ocrx_word' id='word_1_130' title='bbox 398 1908 560 1941; x_wconf 81' lang='lat' dir='ltr'>adactum</span> <span class='ocrx_word' id='word_1_131' title='bbox 600 1918 689 1941; x_wconf 88' lang='lat' dir='ltr'>esse.</span> <span class='ocrx_word' id='word_1_132' title='bbox 753 1911 899 1942; x_wconf 84' lang='lat' dir='ltr'>Nuntius</span> 
     </span>
     <span class='ocr_line' id='line_1_29' title="bbox 209 1958 898 1999; baseline 0.003 -10"><span class='ocrx_word' id='word_1_133' title='bbox 209 1960 326 1989; x_wconf 79' lang='lat' dir='ltr'>autem</span> <span class='ocrx_word' id='word_1_134' title='bbox 344 1958 387 1989; x_wconf 88' lang='lat' dir='ltr'>de</span> <span class='ocrx_word' id='word_1_135' title='bbox 405 1959 586 1999; x_wconf 89' lang='lat' dir='ltr'>utriusque</span> <span class='ocrx_word' id='word_1_136' title='bbox 602 1960 739 1991; x_wconf 90' lang='lat' dir='ltr'>interitu</span> <span class='ocrx_word' id='word_1_137' title='bbox 754 1961 898 1991; x_wconf 88' lang='lat' dir='ltr'>Romam</span> 
     </span>
     <span class='ocr_line' id='line_1_30' title="bbox 209 2006 897 2047; baseline 0.004 -10"><span class='ocrx_word' id='word_1_138' title='bbox 209 2006 363 2047; x_wconf 82' lang='lat' dir='ltr'>perlatus</span> <span class='ocrx_word' id='word_1_139' title='bbox 387 2009 440 2038; x_wconf 91' lang='lat' dir='ltr'>est</span> <span class='ocrx_word' id='word_1_140' title='bbox 464 2010 652 2039; x_wconf 87' lang='lat' dir='ltr'>auctumno</span> <span class='ocrx_word' id='word_1_141' title='bbox 669 2017 698 2039; x_wconf 89' lang='lat' dir='ltr'>a.</span> <span class='ocrx_word' id='word_1_142' title='bbox 719 2018 752 2040; x_wconf 89' lang='lat' dir='ltr'>u.</span> <span class='ocrx_word' id='word_1_143' title='bbox 773 2017 802 2040; x_wconf 82' lang='lat' dir='ltr'>o.</span> <span class='ocrx_word' id='word_1_144' title='bbox 822 2009 897 2041; x_wconf 64' lang='lat'>724.</span> 
     </span>
     <span class='ocr_line' id='line_1_31' title="bbox 211 2055 899 2096; baseline 0.004 -10"><span class='ocrx_word' id='word_1_145' title='bbox 211 2066 227 2084; x_wconf 74' lang='lat' dir='ltr'><em>n</em></span> <span class='ocrx_word' id='word_1_146' title='bbox 255 2057 296 2087; x_wconf 70' lang='lat' dir='ltr'>M.</span> <span class='ocrx_word' id='word_1_147' title='bbox 316 2055 422 2087; x_wconf 89' lang='lat' dir='ltr'>Tullio</span> <span class='ocrx_word' id='word_1_148' title='bbox 440 2056 626 2094; x_wconf 83' lang='lat' dir='ltr'>Cicerone,</span> <span class='ocrx_word' id='word_1_149' title='bbox 653 2058 800 2088; x_wconf 83' lang='lat' dir='ltr'>oratoris</span> <span class='ocrx_word' id='word_1_150' title='bbox 818 2057 899 2096; x_wconf 82' lang='lat' dir='ltr'>tilio,</span> 
     </span>
     <span class='ocr_line' id='line_1_32' title="bbox 212 2103 902 2146; baseline 0.004 -11"><span class='ocrx_word' id='word_1_151' title='bbox 212 2103 352 2135; x_wconf 63' lang='lat' dir='ltr'>consule</span> <span class='ocrx_word' id='word_1_152' title='bbox 377 2106 450 2136; x_wconf 89' lang='lat' dir='ltr'>tum</span> <span class='ocrx_word' id='word_1_153' title='bbox 467 2105 624 2136; x_wconf 78' lang='lat' dir='ltr'>suffecto.</span> <span class='ocrx_word' id='word_1_154' title='bbox 663 2106 756 2137; x_wconf 89' lang='lat' dir='ltr'>Inter</span> <span class='ocrx_word' id='word_1_155' title='bbox 771 2107 902 2146; x_wconf 87' lang='lat' dir='ltr'>primas</span> 
     </span>
     <span class='ocr_line' id='line_1_33' title="bbox 212 2153 902 2187; baseline 0.009 -6"><span class='ocrx_word' id='word_1_156' title='bbox 212 2153 302 2184; x_wconf 73' lang='lat' dir='ltr'>(idas</span> <span class='ocrx_word' id='word_1_157' title='bbox 326 2153 369 2183; x_wconf 86' lang='lat' dir='ltr'>ab</span> <span class='ocrx_word' id='word_1_158' title='bbox 395 2154 534 2184; x_wconf 89' lang='lat' dir='ltr'>lloratio</span> <span class='ocrx_word' id='word_1_159' title='bbox 558 2154 667 2186; x_wconf 84' lang='lat' dir='ltr'>editas</span> <span class='ocrx_word' id='word_1_160' title='bbox 697 2155 785 2186; x_wconf 85' lang='lat' dir='ltr'>haec</span> <span class='ocrx_word' id='word_1_161' title='bbox 809 2155 902 2187; x_wconf 85' lang='lat' dir='ltr'>rese-</span> 
     </span>
     <span class='ocr_line' id='line_1_34' title="bbox 212 2202 902 2243; baseline 0.004 -10"><span class='ocrx_word' id='word_1_162' title='bbox 212 2202 318 2234; x_wconf 87' lang='lat' dir='ltr'>renda</span> <span class='ocrx_word' id='word_1_163' title='bbox 338 2205 406 2239; x_wconf 75' lang='lat' dir='ltr'>est,</span> <span class='ocrx_word' id='word_1_164' title='bbox 433 2203 665 2243; x_wconf 83' lang='lat' dir='ltr'>quamobrem</span> <span class='ocrx_word' id='word_1_165' title='bbox 683 2204 902 2237; x_wconf 68' lang='lat' dir='ltr'>excusandas</span> 
     </span>
     <span class='ocr_line' id='line_1_35' title="bbox 212 2251 905 2295; baseline 0.004 -13"><span class='ocrx_word' id='word_1_166' title='bbox 212 2252 343 2283; x_wconf 80' lang='lat' dir='ltr'>ducunt</span> <span class='ocrx_word' id='word_1_167' title='bbox 377 2251 615 2294; x_wconf 81' lang='lat' dir='ltr'>synaloephen</span> <span class='ocrx_word' id='word_1_168' title='bbox 652 2262 683 2284; x_wconf 72' lang='lat' dir='ltr'>v.</span> <span class='ocrx_word' id='word_1_169' title='bbox 716 2255 761 2292; x_wconf 86' lang='lat'>5.,</span> <span class='ocrx_word' id='word_1_170' title='bbox 799 2253 905 2295; x_wconf 78' lang='lat' dir='ltr'>negli-</span> 
     </span>
     <span class='ocr_line' id='line_1_36' title="bbox 213 2302 900 2338; baseline 0.003 -7"><span class='ocrx_word' id='word_1_171' title='bbox 213 2302 363 2338; x_wconf 60' lang='lat' dir='ltr'>gentiam</span> <span class='ocrx_word' id='word_1_172' title='bbox 398 2303 430 2333; x_wconf 92' lang='lat' dir='ltr'>in</span> <span class='ocrx_word' id='word_1_173' title='bbox 466 2310 609 2333; x_wconf 82' lang='lat' dir='ltr'>caesura</span> <span class='ocrx_word' id='word_1_174' title='bbox 646 2302 836 2335; x_wconf 82' lang='lat' dir='ltr'>admissam</span> <span class='ocrx_word' id='word_1_175' title='bbox 869 2313 900 2334; x_wconf 89' lang='lat' dir='ltr'>v.</span> 
     </span>
     <span class='ocr_line' id='line_1_37' title="bbox 212 2350 382 2382; baseline -0.006 -1"><span class='ocrx_word' id='word_1_176' title='bbox 212 2353 230 2381; x_wconf 76' lang='grc' dir='ltr'>ὃ</span> <span class='ocrx_word' id='word_1_177' title='bbox 271 2353 304 2382; x_wconf 79' lang='lat' dir='ltr'>ct</span> <span class='ocrx_word' id='word_1_178' title='bbox 335 2350 382 2382; x_wconf 65' lang='lat'>«4.</span> 
     </span>
    </p>

    <p class='ocr_par' dir='ltr' id='par_1_12' title="bbox 213 2400 906 2693">
     <span class='ocr_line' id='line_1_38' title="bbox 259 2400 900 2443; baseline 0.006 -13"><span class='ocrx_word' id='word_1_179' title='bbox 259 2401 286 2430; x_wconf 27' lang='lat' dir='ltr'>tl</span> <span class='ocrx_word' id='word_1_180' title='bbox 311 2400 445 2431; x_wconf 78' lang='lat' dir='ltr'>Initium</span> <span class='ocrx_word' id='word_1_181' title='bbox 463 2400 559 2431; x_wconf 78' lang='lat' dir='ltr'>duxit</span> <span class='ocrx_word' id='word_1_182' title='bbox 575 2409 614 2432; x_wconf 76' lang='lat' dir='ltr'>ex</span> <span class='ocrx_word' id='word_1_183' title='bbox 633 2401 748 2434; x_wconf 74' lang='lat' dir='ltr'>Alcaei</span> <span class='ocrx_word' id='word_1_184' title='bbox 767 2403 900 2443; x_wconf 83' lang='lat' dir='ltr'>Fragm.</span> 
     </span>
     <span class='ocr_line' id='line_1_39' title="bbox 217 2448 904 2496; baseline 0.004 -17"><span class='ocrx_word' id='word_1_185' title='bbox 217 2451 266 2480; x_wconf 71' lang='lat'>20.</span> <span class='ocrx_word' id='word_1_186' title='bbox 295 2449 414 2487; x_wconf 60' lang='lat' dir='ltr'>Bergk.</span> <span class='ocrx_word' id='word_1_187' title='bbox 443 2458 474 2489; x_wconf 86' lang='lat' dir='ltr'>p.</span> <span class='ocrx_word' id='word_1_188' title='bbox 502 2450 582 2480; x_wconf 72' lang='lat'>5735:</span> <span class='ocrx_word' id='word_1_189' title='bbox 620 2449 699 2482; x_wconf 77' lang='grc' dir='ltr'>Νῦν</span> <span class='ocrx_word' id='word_1_190' title='bbox 731 2448 803 2496; x_wconf 74' lang='grc' dir='ltr'>χρή</span> <span class='ocrx_word' id='word_1_191' title='bbox 835 2461 904 2492; x_wconf 80' lang='grc' dir='ltr'>με-</span> 
     </span>
     <span class='ocr_line' id='line_1_40' title="bbox 217 2495 902 2543; baseline 0.01 -18"><span class='ocrx_word' id='word_1_192' title='bbox 217 2496 366 2539; x_wconf 56' lang='lat' dir='ltr'>aivam</span> <span class='ocrx_word' id='word_1_193' title='bbox 381 2500 443 2529; x_wconf 76' lang='grc' dir='ltr'>καί</span> <span class='ocrx_word' id='word_1_194' title='bbox 462 2507 543 2528; x_wconf 73' lang='grc' dir='ltr'>τινα</span> <span class='ocrx_word' id='word_1_195' title='bbox 561 2495 654 2543; x_wconf 72' lang='grc' dir='ltr'>πρὸς</span> <span class='ocrx_word' id='word_1_196' title='bbox 669 2499 758 2537; x_wconf 69' lang='grc' dir='ltr'>βίαν</span> <span class='ocrx_word' id='word_1_197' title='bbox 773 2500 902 2543; x_wconf 75' lang='grc' dir='ltr'>Πὶνην,</span> 
     </span>
     <span class='ocr_line' id='line_1_41' title="bbox 213 2545 903 2593; baseline 0.006 -14"><span class='ocrx_word' id='word_1_198' title='bbox 213 2546 336 2588; x_wconf 61' lang='lat' dir='ltr'>metat)</span> <span class='ocrx_word' id='word_1_199' title='bbox 377 2545 540 2579; x_wconf 67' lang='grc' dir='ltr'>κάτθανε</span> <span class='ocrx_word' id='word_1_200' title='bbox 575 2546 767 2593; x_wconf 70' lang='grc' dir='ltr'>Μύρσιλυς</span> <span class='ocrx_word' id='word_1_201' title='bbox 792 2550 903 2589; x_wconf 83' lang='lat' dir='ltr'>(Lesbi</span> 
     </span>
     <span class='ocr_line' id='line_1_42' title="bbox 215 2597 905 2636; baseline 0.006 -9"><span class='ocrx_word' id='word_1_202' title='bbox 215 2599 408 2636; x_wconf 67' lang='lat' dir='ltr'>tyrannus),</span> <span class='ocrx_word' id='word_1_203' title='bbox 435 2597 491 2628; x_wconf 81' lang='lat' dir='ltr'>ubi</span> <span class='ocrx_word' id='word_1_204' title='bbox 519 2598 590 2628; x_wconf 71' lang='lat' dir='ltr'>sint·</span> <span class='ocrx_word' id='word_1_205' title='bbox 609 2606 712 2629; x_wconf 71' lang='lat' dir='ltr'>causa</span> <span class='ocrx_word' id='word_1_206' title='bbox 731 2608 905 2631; x_wconf 84' lang='lat' dir='ltr'>nonnemo</span> 
     </span>
     <span class='ocr_line' id='line_1_43' title="bbox 215 2645 906 2693; baseline 0.009 -19"><span class='ocrx_word' id='word_1_207' title='bbox 215 2647 393 2686; x_wconf 70' lang='lat' dir='ltr'>proposuit</span> <span class='ocrx_word' id='word_1_208' title='bbox 434 2647 493 2677; x_wconf 76' lang='grc' dir='ltr'>καὶ</span> <span class='ocrx_word' id='word_1_209' title='bbox 534 2645 658 2683; x_wconf 63' lang='grc' dir='ltr'>χθόνα</span> <span class='ocrx_word' id='word_1_210' title='bbox 696 2647 789 2693; x_wconf 72' lang='grc' dir='ltr'>πρὸς</span> <span class='ocrx_word' id='word_1_211' title='bbox 817 2648 906 2687; x_wconf 76' lang='grc' dir='ltr'>βίαν</span> 
     </span>
    </p>
   </div>
   <div class='ocr_carea' id='block_1_12' title="bbox 942 1074 1651 2692">
    <p class='ocr_par' dir='ltr' id='par_1_13' title="bbox 942 1074 1645 1991">
     <span class='ocr_line' id='line_1_44' title="bbox 946 1074 1635 1115; baseline 0 -9"><span class='ocrx_word' id='word_1_212' title='bbox 946 1076 1062 1106; x_wconf 82' lang='lat' dir='ltr'>onmia</span> <span class='ocrx_word' id='word_1_213' title='bbox 1079 1075 1123 1106; x_wconf 88' lang='lat' dir='ltr'>ad</span> <span class='ocrx_word' id='word_1_214' title='bbox 1137 1074 1359 1115; x_wconf 84' lang='lat' dir='ltr'>Cleopatram</span> <span class='ocrx_word' id='word_1_215' title='bbox 1376 1074 1583 1106; x_wconf 81' lang='lat' dir='ltr'>referantur.</span> <span class='ocrx_word' id='word_1_216' title='bbox 1603 1093 1635 1097; x_wconf 61' lang='grc'>»-</span> 
     </span>
     <span class='ocr_line' id='line_1_45' title="bbox 945 1124 1638 1165; baseline -0.001 -10"><span class='ocrx_word' id='word_1_217' title='bbox 945 1125 1040 1156; x_wconf 73' lang='lat' dir='ltr'>Nunc</span> <span class='ocrx_word' id='word_1_218' title='bbox 1069 1128 1114 1155; x_wconf 81' lang='lat' dir='ltr'>est</span> <span class='ocrx_word' id='word_1_219' title='bbox 1143 1124 1323 1165; x_wconf 75' lang='lat' dir='ltr'>bibendum]</span> <span class='ocrx_word' id='word_1_220' title='bbox 1349 1125 1468 1155; x_wconf 89' lang='lat' dir='ltr'>«Nunc</span> <span class='ocrx_word' id='word_1_221' title='bbox 1494 1124 1638 1156; x_wconf 88' lang='lat' dir='ltr'>demum</span> 
     </span>
     <span class='ocr_line' id='line_1_46' title="bbox 947 1172 1637 1205; baseline -0.001 -1"><span class='ocrx_word' id='word_1_222' title='bbox 947 1181 1067 1205; x_wconf 91' lang='lat' dir='ltr'>rursus</span> <span class='ocrx_word' id='word_1_223' title='bbox 1077 1173 1200 1204; x_wconf 84' lang='lat' dir='ltr'>hibere</span> <span class='ocrx_word' id='word_1_224' title='bbox 1212 1181 1421 1205; x_wconf 89' lang='lat' dir='ltr'>concessum</span> <span class='ocrx_word' id='word_1_225' title='bbox 1430 1174 1493 1205; x_wconf 71' lang='lat' dir='ltr'>est,</span> <span class='ocrx_word' id='word_1_226' title='bbox 1503 1185 1517 1200; x_wconf 80' lang='lat' dir='ltr'>n</span> <span class='ocrx_word' id='word_1_227' title='bbox 1528 1172 1595 1204; x_wconf 86' lang='lat' dir='ltr'>Csr.</span> <span class='ocrx_word' id='word_1_228' title='bbox 1606 1182 1637 1203; x_wconf 85' lang='lat' dir='ltr'>v.</span> 
     </span>
     <span class='ocr_line' id='line_1_47' title="bbox 947 1221 1639 1263; baseline -0.003 -9"><span class='ocrx_word' id='word_1_229' title='bbox 947 1223 978 1254; x_wconf 78' lang='grc' dir='ltr'>ὅ.</span> <span class='ocrx_word' id='word_1_230' title='bbox 996 1241 1031 1244; x_wconf 93' lang='grc'><strong>-</strong></span> <span class='ocrx_word' id='word_1_231' title='bbox 1045 1232 1132 1254; x_wconf 71' lang='lat' dir='ltr'>nunc</span> <span class='ocrx_word' id='word_1_232' title='bbox 1141 1224 1223 1262; x_wconf 83' lang='lat' dir='ltr'>pede</span> <span class='ocrx_word' id='word_1_233' title='bbox 1235 1222 1346 1263; x_wconf 79' lang='lat' dir='ltr'>libero]</span> <span class='ocrx_word' id='word_1_234' title='bbox 1360 1222 1495 1254; x_wconf 79' lang='lat' dir='ltr'>«Effusa</span> <span class='ocrx_word' id='word_1_235' title='bbox 1512 1221 1639 1253; x_wconf 87' lang='lat' dir='ltr'>laetitia</span> 
     </span>
     <span class='ocr_line' id='line_1_48' title="bbox 946 1271 1641 1313; baseline 0 -10"><span class='ocrx_word' id='word_1_236' title='bbox 946 1271 1050 1303; x_wconf 90' lang='lat' dir='ltr'>hodie</span> <span class='ocrx_word' id='word_1_237' title='bbox 1076 1274 1239 1313; x_wconf 84' lang='lat' dir='ltr'>potemus</span> <span class='ocrx_word' id='word_1_238' title='bbox 1264 1274 1299 1303; x_wconf 89' lang='lat' dir='ltr'>et</span> <span class='ocrx_word' id='word_1_239' title='bbox 1322 1271 1524 1303; x_wconf 85' lang='lat' dir='ltr'>saltemus.»</span> <span class='ocrx_word' id='word_1_240' title='bbox 1561 1272 1641 1303; x_wconf 89' lang='lat' dir='ltr'>Ete-</span> 
     </span>
     <span class='ocr_line' id='line_1_49' title="bbox 947 1319 1642 1361; baseline 0 -11"><span class='ocrx_word' id='word_1_241' title='bbox 947 1321 1018 1351; x_wconf 88' lang='lat' dir='ltr'>nim</span> <span class='ocrx_word' id='word_1_242' title='bbox 1042 1320 1150 1352; x_wconf 68' lang='lat' dir='ltr'>verba</span> <span class='ocrx_word' id='word_1_243' title='bbox 1176 1321 1219 1351; x_wconf 86' lang='lat' dir='ltr'>ad</span> <span class='ocrx_word' id='word_1_244' title='bbox 1244 1321 1359 1361; x_wconf 88' lang='lat' dir='ltr'>ipsum</span> <span class='ocrx_word' id='word_1_245' title='bbox 1385 1319 1554 1352; x_wconf 90' lang='lat' dir='ltr'>Saliorum</span> <span class='ocrx_word' id='word_1_246' title='bbox 1580 1320 1642 1351; x_wconf 91' lang='lat' dir='ltr'>tri-</span> 
     </span>
     <span class='ocr_line' id='line_1_50' title="bbox 946 1369 1639 1410; baseline 0 -10"><span class='ocrx_word' id='word_1_247' title='bbox 946 1370 1093 1410; x_wconf 85' lang='lat' dir='ltr'>pudium</span> <span class='ocrx_word' id='word_1_248' title='bbox 1117 1379 1158 1401; x_wconf 85' lang='lat' dir='ltr'>ac</span> <span class='ocrx_word' id='word_1_249' title='bbox 1182 1369 1435 1401; x_wconf 82' lang='lat' dir='ltr'>lectisternium</span> <span class='ocrx_word' id='word_1_250' title='bbox 1455 1369 1639 1401; x_wconf 83' lang='lat' dir='ltr'>referenda</span> 
     </span>
     <span class='ocr_line' id='line_1_51' title="bbox 947 1418 1641 1459; baseline 0.001 -10"><span class='ocrx_word' id='word_1_251' title='bbox 947 1427 1014 1449; x_wconf 90' lang='lat' dir='ltr'>non</span> <span class='ocrx_word' id='word_1_252' title='bbox 1032 1421 1112 1451; x_wconf 91' lang='lat' dir='ltr'>sunt</span> <span class='ocrx_word' id='word_1_253' title='bbox 1129 1428 1210 1451; x_wconf 89' lang='lat' dir='ltr'>cum</span> <span class='ocrx_word' id='word_1_254' title='bbox 1228 1418 1420 1457; x_wconf 82' lang='lat' dir='ltr'>nonnullis,</span> <span class='ocrx_word' id='word_1_255' title='bbox 1441 1419 1540 1459; x_wconf 89' lang='lat' dir='ltr'>quasi</span> <span class='ocrx_word' id='word_1_256' title='bbox 1556 1428 1641 1450; x_wconf 84' lang='lat' dir='ltr'>vero</span> 
     </span>
     <span class='ocr_line' id='line_1_52' title="bbox 945 1467 1642 1508; baseline 0.001 -10"><span class='ocrx_word' id='word_1_257' title='bbox 945 1476 1056 1508; x_wconf 88' lang='lat' dir='ltr'>penes</span> <span class='ocrx_word' id='word_1_258' title='bbox 1082 1469 1260 1499; x_wconf 82' lang='lat' dir='ltr'>Horatium</span> <span class='ocrx_word' id='word_1_259' title='bbox 1286 1468 1389 1500; x_wconf 81' lang='lat' dir='ltr'>fuerit</span> <span class='ocrx_word' id='word_1_260' title='bbox 1413 1467 1490 1499; x_wconf 87' lang='lat' dir='ltr'>talia</span> <span class='ocrx_word' id='word_1_261' title='bbox 1516 1468 1642 1500; x_wconf 84' lang='lat' dir='ltr'>decer-</span> 
     </span>
     <span class='ocr_line' id='line_1_53' title="bbox 947 1516 1643 1558; baseline 0.001 -11"><span class='ocrx_word' id='word_1_262' title='bbox 947 1525 1031 1548; x_wconf 85' lang='lat' dir='ltr'>nere</span> <span class='ocrx_word' id='word_1_263' title='bbox 1049 1516 1102 1548; x_wconf 72' lang='lat' dir='ltr'>vel</span> <span class='ocrx_word' id='word_1_264' title='bbox 1118 1518 1259 1558; x_wconf 87' lang='lat' dir='ltr'>proprie</span> <span class='ocrx_word' id='word_1_265' title='bbox 1277 1518 1403 1549; x_wconf 86' lang='lat' dir='ltr'>imitari</span> <span class='ocrx_word' id='word_1_266' title='bbox 1419 1516 1542 1549; x_wconf 92' lang='lat' dir='ltr'>iubere</span> <span class='ocrx_word' id='word_1_267' title='bbox 1559 1518 1643 1549; x_wconf 88' lang='lat' dir='ltr'>ami-</span> 
     </span>
     <span class='ocr_line' id='line_1_54' title="bbox 947 1565 1640 1606; baseline 0.003 -10"><span class='ocrx_word' id='word_1_268' title='bbox 947 1574 1017 1598; x_wconf 82' lang='lat' dir='ltr'>eos.</span> <span class='ocrx_word' id='word_1_269' title='bbox 1059 1565 1120 1597; x_wconf 92' lang='lat' dir='ltr'>Od.</span> <span class='ocrx_word' id='word_1_270' title='bbox 1140 1566 1175 1604; x_wconf 82' lang='lat'>3,</span> <span class='ocrx_word' id='word_1_271' title='bbox 1203 1567 1260 1604; x_wconf 61' lang='lat'>118,</span> <span class='ocrx_word' id='word_1_272' title='bbox 1288 1567 1344 1597; x_wconf 73' lang='lat'>45:</span> <span class='ocrx_word' id='word_1_273' title='bbox 1373 1566 1640 1606; x_wconf 78' lang='lat' dir='ltr'>Gaudet--pc-</span> 
     </span>
     <span class='ocr_line' id='line_1_55' title="bbox 942 1616 1644 1655; baseline 0.004 -10"><span class='ocrx_word' id='word_1_274' title='bbox 942 1616 1064 1654; x_wconf 80' lang='lat' dir='ltr'>pulisse</span> <span class='ocrx_word' id='word_1_275' title='bbox 1084 1616 1190 1655; x_wconf 77' lang='lat' dir='ltr'>fossor</span> <span class='ocrx_word' id='word_1_276' title='bbox 1223 1616 1281 1647; x_wconf 82' lang='lat' dir='ltr'>Ter</span> <span class='ocrx_word' id='word_1_277' title='bbox 1300 1616 1382 1655; x_wconf 80' lang='lat' dir='ltr'>pede</span> <span class='ocrx_word' id='word_1_278' title='bbox 1405 1619 1541 1647; x_wconf 80' lang='lat' dir='ltr'>terram.</span> <span class='ocrx_word' id='word_1_279' title='bbox 1578 1617 1644 1648; x_wconf 88' lang='lat' dir='ltr'>En-</span> 
     </span>
     <span class='ocr_line' id='line_1_56' title="bbox 948 1665 1645 1705; baseline 0.001 -10"><span class='ocrx_word' id='word_1_280' title='bbox 948 1665 1024 1696; x_wconf 88' lang='lat' dir='ltr'>nius</span> <span class='ocrx_word' id='word_1_281' title='bbox 1040 1667 1128 1696; x_wconf 76' lang='lat' dir='ltr'>Ann.</span> <span class='ocrx_word' id='word_1_282' title='bbox 1149 1665 1160 1695; x_wconf 78' lang='lat'>4</span> <span class='ocrx_word' id='word_1_283' title='bbox 1179 1690 1185 1702; x_wconf 81' lang='grc'>,</span> <span class='ocrx_word' id='word_1_284' title='bbox 1205 1666 1241 1696; x_wconf 74' lang='lat'>2:</span> <span class='ocrx_word' id='word_1_285' title='bbox 1261 1666 1388 1704; x_wconf 74' lang='lat' dir='ltr'>Musae,</span> <span class='ocrx_word' id='word_1_286' title='bbox 1412 1674 1496 1705; x_wconf 80' lang='lat' dir='ltr'>quae</span> <span class='ocrx_word' id='word_1_287' title='bbox 1507 1666 1645 1705; x_wconf 81' lang='lat' dir='ltr'>pedibus</span> 
     </span>
     <span class='ocr_line' id='line_1_57' title="bbox 948 1714 1644 1754; baseline 0.001 -10"><span class='ocrx_word' id='word_1_288' title='bbox 948 1722 1105 1754; x_wconf 69' lang='lat' dir='ltr'>inaquam</span> <span class='ocrx_word' id='word_1_289' title='bbox 1124 1714 1267 1753; x_wconf 74' lang='lat' dir='ltr'>pulsatis</span> <span class='ocrx_word' id='word_1_290' title='bbox 1291 1714 1474 1753; x_wconf 72' lang='lat' dir='ltr'>Olympum.</span> <span class='ocrx_word' id='word_1_291' title='bbox 1505 1732 1540 1737; x_wconf 90' lang='lat'>—</span> <span class='ocrx_word' id='word_1_292' title='bbox 1563 1716 1644 1754; x_wconf 84' lang='lat' dir='ltr'>pede</span> 
     </span>
     <span class='ocr_line' id='line_1_58' title="bbox 948 1763 1645 1804; baseline 0 -10"><span class='ocrx_word' id='word_1_293' title='bbox 948 1763 1066 1802; x_wconf 75' lang='lat' dir='ltr'>libero,</span> <span class='ocrx_word' id='word_1_294' title='bbox 1093 1763 1185 1803; x_wconf 83' lang='lat' dir='ltr'>quod</span> <span class='ocrx_word' id='word_1_295' title='bbox 1213 1772 1302 1794; x_wconf 89' lang='lat' dir='ltr'>«non</span> <span class='ocrx_word' id='word_1_296' title='bbox 1329 1763 1545 1795; x_wconf 78' lang='lat' dir='ltr'>incatenate»</span> <span class='ocrx_word' id='word_1_297' title='bbox 1567 1772 1645 1804; x_wconf 90' lang='lat' dir='ltr'>per-</span> 
     </span>
     <span class='ocr_line' id='line_1_59' title="bbox 949 1811 1645 1853; baseline 0.001 -10"><span class='ocrx_word' id='word_1_298' title='bbox 949 1821 1070 1853; x_wconf 88' lang='lat' dir='ltr'>peram</span> <span class='ocrx_word' id='word_1_299' title='bbox 1113 1811 1266 1844; x_wconf 87' lang='lat' dir='ltr'>nonnulli</span> <span class='ocrx_word' id='word_1_300' title='bbox 1310 1811 1547 1852; x_wconf 75' lang='lat' dir='ltr'>explicarunt,</span> <span class='ocrx_word' id='word_1_301' title='bbox 1592 1816 1645 1845; x_wconf 86' lang='lat' dir='ltr'>est</span> 
     </span>
     <span class='ocr_line' id='line_1_60' title="bbox 949 1860 1644 1902; baseline 0 -9"><span class='ocrx_word' id='word_1_302' title='bbox 949 1861 1152 1902; x_wconf 83' lang='lat' dir='ltr'>simpliciter</span> <span class='ocrx_word' id='word_1_303' title='bbox 1170 1860 1279 1901; x_wconf 79' lang='lat' dir='ltr'>«agili,</span> <span class='ocrx_word' id='word_1_304' title='bbox 1299 1862 1475 1893; x_wconf 90' lang='lat' dir='ltr'>interdum</span> <span class='ocrx_word' id='word_1_305' title='bbox 1497 1871 1644 1893; x_wconf 87' lang='lat' dir='ltr'>numero</span> 
     </span>
     <span class='ocr_line' id='line_1_61' title="bbox 950 1909 1645 1952; baseline 0 -10"><span class='ocrx_word' id='word_1_306' title='bbox 950 1919 1019 1942; x_wconf 92' lang='lat' dir='ltr'>non</span> <span class='ocrx_word' id='word_1_307' title='bbox 1049 1911 1177 1952; x_wconf 85' lang='lat' dir='ltr'>optime</span> <span class='ocrx_word' id='word_1_308' title='bbox 1207 1912 1365 1948; x_wconf 73' lang='lat' dir='ltr'>servat03</span> <span class='ocrx_word' id='word_1_309' title='bbox 1398 1909 1507 1942; x_wconf 88' lang='lat' dir='ltr'>libere</span> <span class='ocrx_word' id='word_1_310' title='bbox 1533 1912 1645 1952; x_wconf 89' lang='lat' dir='ltr'>tripu-</span> 
     </span>
     <span class='ocr_line' id='line_1_62' title="bbox 951 1960 1102 1991; baseline -0.007 0"><span class='ocrx_word' id='word_1_311' title='bbox 951 1960 1102 1991; x_wconf 82' lang='lat' dir='ltr'>diante.»</span> 
     </span>
    </p>

    <p class='ocr_par' dir='ltr' id='par_1_14' title="bbox 951 2009 1651 2692">
     <span class='ocr_line' id='line_1_63' title="bbox 994 2009 1643 2050; baseline 0.005 -11"><span class='ocrx_word' id='word_1_312' title='bbox 994 2010 1023 2040; x_wconf 69' lang='lat'>2.</span> <span class='ocrx_word' id='word_1_313' title='bbox 1051 2009 1081 2039; x_wconf 86' lang='lat'>3.</span> <span class='ocrx_word' id='word_1_314' title='bbox 1110 2009 1223 2040; x_wconf 79' lang='lat' dir='ltr'>Ritum</span> <span class='ocrx_word' id='word_1_315' title='bbox 1256 2010 1358 2050; x_wconf 81' lang='lat' dir='ltr'>igitur</span> <span class='ocrx_word' id='word_1_316' title='bbox 1386 2009 1586 2041; x_wconf 79' lang='lat' dir='ltr'>lectisternii</span> <span class='ocrx_word' id='word_1_317' title='bbox 1613 2011 1643 2042; x_wconf 90' lang='lat' dir='ltr'>in</span> 
     </span>
     <span class='ocr_line' id='line_1_64' title="bbox 952 2057 1645 2099; baseline 0.001 -9"><span class='ocrx_word' id='word_1_318' title='bbox 952 2057 1263 2098; x_wconf 79' lang='lat' dir='ltr'>supplicationibus</span> <span class='ocrx_word' id='word_1_319' title='bbox 1294 2058 1346 2090; x_wconf 86' lang='lat' dir='ltr'>dis</span> <span class='ocrx_word' id='word_1_320' title='bbox 1371 2061 1450 2099; x_wconf 90' lang='lat' dir='ltr'>post</span> <span class='ocrx_word' id='word_1_321' title='bbox 1474 2060 1645 2099; x_wconf 83' lang='lat' dir='ltr'>insignem</span> 
     </span>
     <span class='ocr_line' id='line_1_65' title="bbox 952 2106 1647 2147; baseline 0.004 -10"><span class='ocrx_word' id='word_1_322' title='bbox 952 2106 1103 2147; x_wconf 86' lang='lat' dir='ltr'>aliquam</span> <span class='ocrx_word' id='word_1_323' title='bbox 1128 2107 1308 2139; x_wconf 53' lang='lat' dir='ltr'>rici-oriam</span> <span class='ocrx_word' id='word_1_324' title='bbox 1333 2116 1351 2138; x_wconf 87' lang='lat' dir='ltr'>a</span> <span class='ocrx_word' id='word_1_325' title='bbox 1376 2110 1500 2140; x_wconf 88' lang='lat' dir='ltr'>senatu</span> <span class='ocrx_word' id='word_1_326' title='bbox 1525 2108 1647 2140; x_wconf 81' lang='lat' dir='ltr'>decre-</span> 
     </span>
     <span class='ocr_line' id='line_1_66' title="bbox 951 2155 1646 2197; baseline 0.003 -10"><span class='ocrx_word' id='word_1_327' title='bbox 951 2157 994 2188; x_wconf 86' lang='lat' dir='ltr'>tis</span> <span class='ocrx_word' id='word_1_328' title='bbox 1019 2155 1170 2197; x_wconf 81' lang='lat' dir='ltr'>applicat</span> <span class='ocrx_word' id='word_1_329' title='bbox 1193 2156 1236 2187; x_wconf 91' lang='lat' dir='ltr'>ad</span> <span class='ocrx_word' id='word_1_330' title='bbox 1259 2156 1353 2188; x_wconf 87' lang='lat' dir='ltr'>diem</span> <span class='ocrx_word' id='word_1_331' title='bbox 1370 2166 1451 2189; x_wconf 83' lang='lat' dir='ltr'>eum</span> <span class='ocrx_word' id='word_1_332' title='bbox 1468 2158 1646 2189; x_wconf 89' lang='lat' dir='ltr'>sodalibus</span> 
     </span>
     <span class='ocr_line' id='line_1_67' title="bbox 954 2204 1648 2238; baseline 0.003 -2"><span class='ocrx_word' id='word_1_333' title='bbox 954 2204 1142 2237; x_wconf 86' lang='lat' dir='ltr'>laetissime</span> <span class='ocrx_word' id='word_1_334' title='bbox 1169 2204 1434 2237; x_wconf 88' lang='lat' dir='ltr'>celebrandum.</span> <span class='ocrx_word' id='word_1_335' title='bbox 1479 2206 1569 2237; x_wconf 90' lang='lat' dir='ltr'>Talia</span> <span class='ocrx_word' id='word_1_336' title='bbox 1588 2216 1648 2238; x_wconf 86' lang='lat' dir='ltr'>au-</span> 
     </span>
     <span class='ocr_line' id='line_1_68' title="bbox 954 2253 1645 2287; baseline 0.001 -1"><span class='ocrx_word' id='word_1_337' title='bbox 954 2256 1027 2286; x_wconf 85' lang='lat' dir='ltr'>tem</span> <span class='ocrx_word' id='word_1_338' title='bbox 1044 2253 1224 2286; x_wconf 84' lang='lat' dir='ltr'>sollemnia</span> <span class='ocrx_word' id='word_1_339' title='bbox 1243 2255 1426 2286; x_wconf 88' lang='lat' dir='ltr'>coniuncta</span> <span class='ocrx_word' id='word_1_340' title='bbox 1446 2257 1544 2286; x_wconf 86' lang='lat' dir='ltr'>erant</span> <span class='ocrx_word' id='word_1_341' title='bbox 1565 2264 1645 2287; x_wconf 89' lang='lat' dir='ltr'>cum</span> 
     </span>
     <span class='ocr_line' id='line_1_69' title="bbox 955 2303 1645 2349; baseline 0.003 -15"><span class='ocrx_word' id='word_1_342' title='bbox 955 2303 1066 2344; x_wconf 81' lang='lat' dir='ltr'>epulis</span> <span class='ocrx_word' id='word_1_343' title='bbox 1101 2305 1263 2344; x_wconf 83' lang='lat' dir='ltr'>opiparis.</span> <span class='ocrx_word' id='word_1_344' title='bbox 1314 2304 1375 2335; x_wconf 92' lang='lat' dir='ltr'>Od.</span> <span class='ocrx_word' id='word_1_345' title='bbox 1413 2305 1452 2349; x_wconf 71' lang='lat'>2,</span> <span class='ocrx_word' id='word_1_346' title='bbox 1491 2304 1549 2341; x_wconf 67' lang='lat' dir='ltr'>it,</span> <span class='ocrx_word' id='word_1_347' title='bbox 1588 2306 1645 2337; x_wconf 64' lang='lat'>28:</span> 
     </span>
     <span class='ocr_line' id='line_1_70' title="bbox 952 2353 1645 2394; baseline -0.003 -9"><span class='ocrx_word' id='word_1_348' title='bbox 952 2354 1297 2394; x_wconf 77' lang='lat' dir='ltr'>Pontificum-caenis.</span> <span class='ocrx_word' id='word_1_349' title='bbox 1322 2354 1392 2385; x_wconf 86' lang='lat' dir='ltr'>Cio.</span> <span class='ocrx_word' id='word_1_350' title='bbox 1413 2353 1456 2385; x_wconf 87' lang='lat' dir='ltr'>ad</span> <span class='ocrx_word' id='word_1_351' title='bbox 1474 2356 1540 2385; x_wconf 72' lang='grc' dir='ltr'>ΑΗ.</span> <span class='ocrx_word' id='word_1_352' title='bbox 1560 2356 1590 2392; x_wconf 79' lang='lat'>5,</span> <span class='ocrx_word' id='word_1_353' title='bbox 1615 2354 1645 2384; x_wconf 78' lang='lat'>9:</span> 
     </span>
     <span class='ocr_line' id='line_1_71' title="bbox 954 2403 1646 2442; baseline 0 -9"><span class='ocrx_word' id='word_1_354' title='bbox 954 2403 1084 2442; x_wconf 75' lang='lat' dir='ltr'>epulari</span> <span class='ocrx_word' id='word_1_355' title='bbox 1107 2403 1272 2435; x_wconf 83' lang='lat' dir='ltr'>Saliarem</span> <span class='ocrx_word' id='word_1_356' title='bbox 1288 2413 1321 2434; x_wconf 82' lang='lat' dir='ltr'>m</span> <span class='ocrx_word' id='word_1_357' title='bbox 1336 2404 1478 2434; x_wconf 78' lang='lat' dir='ltr'>modum.</span> <span class='ocrx_word' id='word_1_358' title='bbox 1509 2404 1646 2435; x_wconf 77' lang='lat' dir='ltr'>Festus:</span> 
     </span>
     <span class='ocr_line' id='line_1_72' title="bbox 955 2453 1651 2492; baseline -0.001 -8"><span class='ocrx_word' id='word_1_359' title='bbox 955 2453 1055 2484; x_wconf 81' lang='lat' dir='ltr'>Saliis</span> <span class='ocrx_word' id='word_1_360' title='bbox 1072 2461 1135 2492; x_wconf 79' lang='lat' dir='ltr'>pet·</span> <span class='ocrx_word' id='word_1_361' title='bbox 1158 2462 1268 2484; x_wconf 83' lang='lat' dir='ltr'>omnes</span> <span class='ocrx_word' id='word_1_362' title='bbox 1283 2462 1455 2484; x_wconf 80' lang='lat' dir='ltr'>sacrorum</span> <span class='ocrx_word' id='word_1_363' title='bbox 1473 2453 1554 2491; x_wconf 76' lang='lat' dir='ltr'>dies,</span> <span class='ocrx_word' id='word_1_364' title='bbox 1582 2453 1651 2483; x_wconf 80' lang='lat' dir='ltr'>ubi-</span> 
     </span>
     <span class='ocr_line' id='line_1_73' title="bbox 955 2502 1650 2542; baseline 0 -10"><span class='ocrx_word' id='word_1_365' title='bbox 955 2511 1082 2542; x_wconf 80' lang='lat' dir='ltr'>cunque</span> <span class='ocrx_word' id='word_1_366' title='bbox 1118 2506 1270 2541; x_wconf 75' lang='lat' dir='ltr'>manent,</span> <span class='ocrx_word' id='word_1_367' title='bbox 1311 2503 1389 2541; x_wconf 79' lang='lat' dir='ltr'>quia</span> <span class='ocrx_word' id='word_1_368' title='bbox 1429 2502 1650 2541; x_wconf 75' lang='lat' dir='ltr'>amplissimae</span> 
     </span>
     <span class='ocr_line' id='line_1_74' title="bbox 952 2552 1648 2592; baseline 0.001 -11"><span class='ocrx_word' id='word_1_369' title='bbox 952 2555 1125 2592; x_wconf 75' lang='lat' dir='ltr'>ponuntur</span> <span class='ocrx_word' id='word_1_370' title='bbox 1157 2561 1294 2585; x_wconf 77' lang='lat' dir='ltr'>coenae,</span> <span class='ocrx_word' id='word_1_371' title='bbox 1320 2553 1347 2582; x_wconf 74' lang='lat' dir='ltr'>si</span> <span class='ocrx_word' id='word_1_372' title='bbox 1372 2561 1457 2591; x_wconf 81' lang='lat' dir='ltr'>quae</span> <span class='ocrx_word' id='word_1_373' title='bbox 1473 2552 1648 2582; x_wconf 67' lang='lat' dir='ltr'>anaema-</span> 
     </span>
     <span class='ocr_line' id='line_1_75' title="bbox 955 2602 1644 2641; baseline 0.001 -10"><span class='ocrx_word' id='word_1_374' title='bbox 955 2611 1041 2641; x_wconf 76' lang='lat' dir='ltr'>9naa</span> <span class='ocrx_word' id='word_1_375' title='bbox 1063 2606 1154 2635; x_wconf 78' lang='lat' dir='ltr'>siml.</span> <span class='ocrx_word' id='word_1_376' title='bbox 1181 2603 1328 2633; x_wconf 69' lang='lat' dir='ltr'>Saliares</span> <span class='ocrx_word' id='word_1_377' title='bbox 1352 2602 1571 2641; x_wconf 74' lang='lat' dir='ltr'>appellantur.</span> <span class='ocrx_word' id='word_1_378' title='bbox 1612 2620 1644 2624; x_wconf 80' lang='lat'><em>-</em></span> 
     </span>
     <span class='ocr_line' id='line_1_76' title="bbox 953 2650 1650 2692; baseline 0 -12"><span class='ocrx_word' id='word_1_379' title='bbox 953 2651 1121 2692; x_wconf 74' lang='lat' dir='ltr'>pulvinar]</span> <span class='ocrx_word' id='word_1_380' title='bbox 1155 2651 1427 2682; x_wconf 77' lang='lat' dir='ltr'>«Pulrinnria</span> <span class='ocrx_word' id='word_1_381' title='bbox 1459 2650 1650 2682; x_wconf 74' lang='lat' dir='ltr'>dicebantur</span> 
     </span>
    </p>
   </div>
   <div class='ocr_carea' id='block_1_13' title="bbox 217 2696 1650 2787">
    <p class='ocr_par' dir='ltr' id='par_1_15' title="bbox 217 2696 1650 2787">
     <span class='ocr_line' id='line_1_77' title="bbox 217 2696 1650 2739; baseline 0.004 -13"><span class='ocrx_word' id='word_1_382' title='bbox 217 2696 341 2736; x_wconf 78' lang='grc' dir='ltr'><strong><em>παίην.</em></strong></span> <span class='ocrx_word' id='word_1_383' title='bbox 374 2697 408 2727; x_wconf 87' lang='lat' dir='ltr'>ln</span> <span class='ocrx_word' id='word_1_384' title='bbox 434 2696 573 2736; x_wconf 72' lang='lat' dir='ltr'>reliquis</span> <span class='ocrx_word' id='word_1_385' title='bbox 598 2699 714 2729; x_wconf 80' lang='lat' dir='ltr'>autem</span> <span class='ocrx_word' id='word_1_386' title='bbox 741 2697 905 2731; x_wconf 70' lang='lat' dir='ltr'>Alcaeum</span> <span class='ocrx_word' id='word_1_387' title='bbox 957 2704 1014 2731; x_wconf 78' lang='lat' dir='ltr'>au!</span> <span class='ocrx_word' id='word_1_388' title='bbox 1031 2700 1101 2732; x_wconf 75' lang='lat' dir='ltr'>lecti</span> <span class='ocrx_word' id='word_1_389' title='bbox 1119 2702 1253 2731; x_wconf 81' lang='lat' dir='ltr'>deorum</span> <span class='ocrx_word' id='word_1_390' title='bbox 1270 2704 1327 2731; x_wconf 75' lang='lat' dir='ltr'>au!</span> <span class='ocrx_word' id='word_1_391' title='bbox 1344 2700 1509 2734; x_wconf 76' lang='lat' dir='ltr'>tabulata.</span> <span class='ocrx_word' id='word_1_392' title='bbox 1529 2701 1560 2731; x_wconf 79' lang='lat' dir='ltr'>in</span> <span class='ocrx_word' id='word_1_393' title='bbox 1579 2701 1650 2739; x_wconf 79' lang='lat' dir='ltr'>qni—</span> 
     </span>
     <span class='ocr_line' id='line_1_78' title="bbox 217 2745 1649 2787; baseline 0.003 -12"><span class='ocrx_word' id='word_1_394' title='bbox 217 2745 340 2776; x_wconf 77' lang='lat' dir='ltr'>imitari</span> <span class='ocrx_word' id='word_1_395' title='bbox 366 2747 418 2776; x_wconf 69' lang='lat' dir='ltr'>vix</span> <span class='ocrx_word' id='word_1_396' title='bbox 446 2746 573 2786; x_wconf 76' lang='lat' dir='ltr'>potuit,</span> <span class='ocrx_word' id='word_1_397' title='bbox 601 2755 680 2778; x_wconf 76' lang='lat' dir='ltr'>cum</span> <span class='ocrx_word' id='word_1_398' title='bbox 707 2748 807 2778; x_wconf 85' lang='lat' dir='ltr'>nimis</span> <span class='ocrx_word' id='word_1_399' title='bbox 833 2750 906 2779; x_wconf 81' lang='lat' dir='ltr'>arte</span> <span class='ocrx_word' id='word_1_400' title='bbox 957 2749 1014 2780; x_wconf 83' lang='lat' dir='ltr'>bus</span> <span class='ocrx_word' id='word_1_401' title='bbox 1037 2749 1166 2781; x_wconf 77' lang='lat' dir='ltr'>stabant</span> <span class='ocrx_word' id='word_1_402' title='bbox 1191 2750 1343 2787; x_wconf 80' lang='lat' dir='ltr'>numina,</span> <span class='ocrx_word' id='word_1_403' title='bbox 1379 2753 1413 2781; x_wconf 80' lang='lat' dir='ltr'>ul</span> <span class='ocrx_word' id='word_1_404' title='bbox 1436 2750 1649 2782; x_wconf 76' lang='lat' dir='ltr'>eniirieult&#39;ora</span> 
     </span>
    </p>
   </div>
  </div>
 </body>
</html>
