1997 3219
701 167 776 199 ΗΒ,
806 169 842 199 ll.

893 170 914 198 (ἶ
958 170 994 199 lll

1518 171 1542 210 ΝΖ

1548 170 1596 209 152

654 579 964 618 GARMEN
1003 581 1107 620 111.

386 711 575 765 Aequam
608 717 819 751 memento
851 710 980 752 rebus
1011 711 1050 751 in
1083 711 1228 753 arduis

386 790 567 831 Servare
601 797 805 837 mentem,
839 804 923 831 non
955 803 1080 832 secus
1114 791 1152 831 in
1185 791 1307 833 bonis

495 869 554 911 Ab
587 869 782 912 insolenti
815 877 1091 926 temperatam

247 989 299 1019 lll.

350 989 455 1019 Inser.
483 987 572 1028 volg.
599 989 648 1019 Ad
672 989 737 1029 (C.)
760 989 921 1027 Dellimn,
959 991 993 1020 et
1022 990 1072 1021 sic
1102 990 1188 1021 BST.
1226 1009 1258 1011 —
1293 990 1398 1022 Dellio
1421 990 1476 1022 hc.

203 1038 230 1067 2.
251 1046 292 1068 ac
315 1037 406 1068 bonis
429 1046 529 1070 meus
555 1038 640 1069 Cod.
668 1038 707 1074 d;
735 1047 754 1069 e
780 1038 937 1070 Lambini
963 1038 1103 1070 duobus
1128 1039 1237 1071 Bentl.
1267 1040 1317 1079 (Ut
1341 1048 1415 1078 nos,
1443 1043 1549 1072 ceteri

199 1088 269 1118 mei
295 1088 329 1118 et
353 1096 476 1119 omnes
503 1087 671 1127 Bentleii.)
700 1088 739 1125 (Ξ.
760 1088 790 1119 3.
819 1091 974 1119 mentem:
1002 1097 1066 1119 non
1089 1097 1180 1120 secus
1195 1107 1213 1111 -
1229 1107 1247 1112 -
1264 1092 1444 1129 temperato
1469 1091 1553 1122 Her—

200 1137 374 1175 mannus.)

200 1241 253 1272 111.
294 1242 427 1273 Seneca
461 1243 601 1274 suasor.
637 1251 669 1283 p.
705 1243 734 1273 7.
763 1243 848 1282 Bip.:

155 1290 297 1321 Dellimn
329 1291 471 1322 Messala
505 1291 665 1322 Corvinus
694 1290 852 1322 desulto—

157 1348 232 1370 rem
256 1338 429 1371 bellorum
455 1339 607 1371 civilium
630 1344 744 1373 vocal.
772 1341 851 1379 quia

154 1398 174 1419 a
199 1390 372 1421 Dolabella
401 1391 445 1421 ad
474 1390 622 1422 Cassium
649 1391 852 1421 transiturus

155 1438 293 1469 salutem
315 1439 376 1469 sibi
394 1442 514 1478 pactus
537 1443 599 1475 est,
635 1440 661 1470 si
693 1439 850 1471 Dolabel—

153 1488 220 1518 lam
253 1488 435 1527 occidisset,
471 1492 500 1520 et
535 1498 556 1519 α
589 1489 700 1520 Cassio
736 1489 850 1520 deinde

152 1537 306 1568 transivit
351 1538 396 1568 acl
435 1538 611 1569 Antonium
621 1546 632 1575 ,·
680 1538 851 1570 novissime

151 1585 192 1616 ab
216 1586 355 1617 Antonio
386 1587 565 1628 transsityit
593 1589 638 1619 ad
661 1588 846 1620 Caesarem.

150 1636 211 1666 Hic
233 1639 278 1666 est
309 1636 449 1675 Dellius,
482 1637 576 1668 cuias
604 1638 770 1677 Epistolae
796 1638 850 1668 la-

151 1685 259 1716 scivae
283 1686 326 1716 ad
350 1686 559 1725 Cleopatram
574 1687 738 1726 feruntur.
777 1687 845 1718 Cfr.

152 1733 271 1765 Vellei.
306 1736 344 1773 2,
383 1734 435 1767 84.
476 1737 614 1767 Antonii
651 1737 848 1768 Parthicam

152 1783 435 1823 expeditionem,
484 1785 517 1816 in
557 1794 625 1825 qua
666 1786 848 1826 copiarum

152 1833 388 1864 Romanarum
412 1834 501 1873 parti
525 1834 736 1874 praefuerat,
761 1833 850 1865 litte—

152 1882 198 1912 ris
230 1881 420 1913 mandavit.
470 1882 594 1914 Strabo
620 1883 677 1921 ll,
710 1892 744 1924 p.
771 1883 845 1914 523.

153 1932 289 1962 “Paene
310 1931 488 1962 exciderat
502 1940 661 1963 errorem
676 1933 847 1972 castigare

152 1980 333 2018 Torrentii,
350 1979 498 2011 Dellium
512 1980 728 2012 desultorem
741 1981 849 2013 bello-

151 2037 230 2059 rum
255 2028 448 2060 civilium-a
475 2028 582 2060 Dellio
608 2030 773 2061 historico
795 2030 849 2061 di-

151 2086 294 2109 versum
308 2079 526 2109 statuentis.»
553 2079 686 2109 Rulmk.
703 2079 747 2110 ad
763 2078 845 2111 Vell.

152 2126 172 2157 1.
192 2127 213 2158 l.
254 2127 411 2166 (Dellium
436 2127 588 2168 aliquem
606 2129 742 2159 Antonii
761 2137 848 2159 ,ται-

150 2173 236 2208 δικὰ
262 2178 414 2208 nominat
441 2178 503 2208 Dio
529 2176 587 2215 -l-ss,
607 2177 665 2209 39.
693 2177 737 2209 ad
760 2186 790 2208 a.
811 2187 844 2209 u.

151 2237 181 2256 υ.
201 2227 290 2264 Tm,
318 2235 426 2266 quem
451 2228 567 2258 tamen
593 2226 636 2257 ab
660 2227 846 2259 Horatiano

151 2276 330 2307 diversum
345 2276 490 2316 putant.)
506 2294 539 2298 —
553 2277 592 2314 Q.
607 2276 735 2308 Dellius
750 2278 844 2316 tunc,

151 2334 232 2357 cum
264 2334 405 2356 carmen
437 2325 504 2357 hoe
529 2327 763 2367 compositum
793 2329 846 2358 est

154 2376 193 2413 (a.
220 2384 253 2405 u.
281 2384 310 2405 c.
338 2374 546 2413 7251-727‘2J.
585 2375 724 2406 videtur
758 2376 846 2407 inter

151 2424 310 2455 Caesaris
342 2425 622 2463 Maecenatisque
659 2424 844 2456 familiares

151 2473 268 2510 fuisse,
290 2475 508 2514 quapropter
525 2474 554 2504 ei
573 2482 716 2505 carmen
736 2483 843 2505 unum

151 2521 286 2560 saltem,
310 2524 346 2553 ut
362 2522 436 2554 aliis
454 2522 612 2554 eiusdem
631 2522 844 2555 condicionis

149 2571 243 2607 viris,
273 2571 466 2603 inscribere
493 2572 715 2604 humanitatis
739 2575 773 2604 et
797 2572 846 2604 os-

151 2621 217 2652 ficii
243 2621 294 2652 sui
323 2621 417 2653 duxit
446 2622 616 2653 lloratius.
666 2621 734 2653 Sed
762 2631 842 2653 eum

151 2678 216 2702 nec
234 2670 334 2702 valde
354 2670 528 2702 familiaris
546 2672 574 2702 ei
594 2673 700 2708 esset,
728 2680 842 2712 neque

151 2720 328 2751 hominem
361 2720 561 2757 ambiguum
597 2721 698 2751 niniis
728 2721 843 2760 suspi-

903 1244 1012 1280 ceret,
1040 1243 1125 1273 scite
1151 1243 1343 1274 admodum
1369 1244 1486 1275 locum
1505 1253 1600 1276 com—

902 1299 1048 1323 munem
1073 1291 1116 1323 de
1141 1294 1239 1323 recto
1263 1293 1354 1323 vitae
1379 1302 1444 1324 usu
1461 1295 1600 1333 pertra-

901 1341 1017 1378 ctavit,
1044 1340 1087 1371 ad
1113 1342 1346 1372 constantiam
1371 1351 1412 1372 ac
1437 1342 1600 1373 modera-

901 1390 1032 1421 tionem
1073 1391 1178 1430 (quas
1216 1391 1362 1422 virtutes
1402 1391 1432 1421 ei
1472 1391 1598 1423 deesse

902 1438 1048 1470 fortasse
1074 1439 1166 1470 haud
1200 1439 1399 1480 ignorabat)
1433 1441 1476 1471 ita
1517 1449 1598 1472 eum

901 1488 1107 1526 exhortans,
1154 1491 1191 1520 ut
1230 1498 1273 1520 ne
1315 1488 1420 1520 ullam
1454 1489 1597 1529 quidem

900 1537 1168 1577 reprehensoris
1197 1539 1355 1578 speciem
1385 1540 1595 1570 assumeret.

899 1585 1013 1618 Nolim
1030 1588 1148 1618 autem
1163 1596 1242 1618 cum
1257 1587 1331 1619 aliis
1348 1587 1598 1628 interpretibus

899 1637 1066 1675 statuere,
1089 1635 1239 1667 Dellium
1261 1638 1335 1668 tum
1360 1637 1596 1669 conflictatum

901 1694 981 1717 esse
1015 1686 1150 1717 fortuna
1175 1686 1316 1718 duriore
1353 1688 1460 1727 atque
1497 1696 1597 1719 mae-

900 1735 994 1765 stum
1019 1735 1158 1766 vixisse.

944 1784 973 1814 l.
1014 1784 1179 1824 Aequam]
1209 1785 1323 1816 «Forti
1354 1786 1596 1826 constantique

899 1832 1017 1863 animo
1046 1832 1165 1873 perfer
1194 1833 1381 1866 adversam
1409 1835 1595 1874 fortunam,

899 1882 927 1913 si
957 1890 1113 1921 unquam
1146 1882 1206 1913 tibi
1231 1885 1492 1924 superveniet.»
1532 1886 1598 1916 Ar—

899 1930 1081 1962 chilochus
1114 1932 1165 1962 Fr.
1197 1932 1250 1963 58.
1283 1933 1498 1965 Sclineidew.
1526 1933 1592 1965 vel.

899 1980 951 2010 60.
978 1980 1106 2020 Bergk:
1143 1978 1241 2022 μήτε
1272 1980 1387 2013 νικῶν
1410 1978 1596 2024 ἁλιιφάδην

898 2025 1063 2071 ἀγάλλεο
1093 2028 1199 2071 Μηδὲ
1230 2030 1400 2072 Δι”ικηθεὶς
1433 2032 1473 2063 ἐν
1502 2029 1595 2074 οἴκῳ

899 2075 1125 2109 καταπεσῑὸν
1158 2075 1306 2124 ὀδύρεο.
1363 2080 1470 2112 Plaut.
1506 2081 1592 2113 Rud.

900 2128 938 2164 2,
966 2128 1003 2166 3,
1030 2128 1065 2158 71l
1088 2137 1093 2157 z
1119 2128 1256 2159 Animus
1279 2138 1404 2168 aequus
1427 2133 1596 2168 optumum

870 2202 873 2206 .
897 2180 942 2207 es!
966 2185 1147 2208 aeramnae
1163 2178 1413 2209 condimentum.
1453 2179 1591 2210 Lueret.

870 2211 934 2264 ¹5,
971 2227 1073 2257 4146:
1116 2228 1237 2266 Quodsi
1271 2228 1344 2267 quis
1376 2237 1457 2259 vera
1490 2229 1594 2260 vitam

897 2277 1026 2307 ratione
1058 2276 1237 2316 (sabernac,
1275 2277 1420 2308 Divitiae
1451 2278 1595 2318 (simules

896 2326 1020 2357 homini
1030 2329 1105 2357 sant
1117 2326 1227 2357 vivere
1234 2335 1338 2365 parce
1348 2326 1458 2366 Aequo
1467 2328 1589 2358 animo.

939 2376 969 2406 2.
1009 2375 1042 2406 in
1073 2375 1179 2416 bonis]
1212 2385 1277 2407 non¹
1308 2385 1398 2407 secus
1429 2385 1469 2407 ae
1502 2377 1592 2407 bonis

896 2424 1001 2456 habet
1027 2425 1131 2456 etiam
1158 2424 1382 2456 Hildebertus
1405 2426 1489 2456 Mor.
1512 2426 1591 2457 Phi-

896 2473 958 2505 los.
991 2482 1068 2515 pag.
1102 2474 1191 2512 919„
1229 2474 1292 2506 sed
1328 2476 1381 2505 est
1411 2483 1451 2515 ex
1482 2474 1587 2514 gloss.

896 2524 1061 2554 Ceterum
1080 2532 1309 2554 numerorum
1327 2524 1504 2564 quandam
1526 2526 1592 2555 tar-

895 2572 1039 2604 ditatem
1063 2574 1169 2613 atque
1194 2572 1478 2613 aequabilitatem
1503 2582 1589 2605 con-

894 2621 983 2653 sulto
1014 2622 1045 2653 in
1078 2622 1130 2653 liis
1160 2625 1301 2653 secutus
1335 2623 1387 2653 est
1415 2622 1586 2660 Horatius,

894 2680 984 2712 quae
1003 2672 1124 2703 iterato
1142 2672 1366 2712 imperativo,
1393 2675 1585 2711 temperata,

895 2721 976 2752 milii
1002 2721 1145 2760 quidem
1172 2720 1239 2752 tolli
1267 2721 1413 2751 videtur.
