1997 3219
712 231 786 261 ΗΒ.
816 231 868 261 111.

919 230 956 260 ιῑ.
986 230 1066 261 xvi
1501 230 1580 270 ,437

372 331 516 374 Nudus
547 338 683 374 eastra
715 339 813 388 peto
845 340 885 375 et
916 333 1128 389 transfuga
1160 332 1332 375 divitum

484 414 628 455 Partes
657 413 850 469 linquere
881 414 1036 468 gestio,

370 518 643 574 Contemptae
675 517 870 560 dominus
902 518 1166 575 splendidior
1196 524 1279 567 re'i',
1528 520 1580 560 *215

369 598 505 648 Quam
536 598 570 639 si
602 597 812 654 quidquid
843 606 932 641 arat
963 599 1142 655 impiger
1171 598 1331 655 Apulus

370 677 597 720 occultare
627 679 733 720 meis
768 678 937 721 dicerer
967 679 1160 728 horreis,

479 759 649 815 Magnas
681 759 788 801 inter
819 773 925 815 opes
956 759 1090 815 inops.

231 922 283 952 ⁴25.
317 920 491 952 Con-tentae
515 929 603 952 corr.
630 931 651 951 κ
676 919 802 961 aliique
834 920 943 952 Pulm.
964 923 998 952 et
1029 922 1139 959 Torr.,
1164 920 1336 961 probante
1369 922 1537 960 Canter03

190 969 356 1001 volebant
380 978 460 1001 esse
486 971 630 1008 «artae,
657 969 886 1008 mediocris»,
924 969 1017 1010 quod
1043 979 1086 1001 ne
1112 971 1271 1003 Latinum
1296 971 1440 1011 quidem
1473 973 1537 1004 est.

197 1037 233 1042 —
260 1020 313 1050 ΞΘ.
339 1028 404 1051 non
422 1020 520 1059 piqer
541 1018 603 1051 Ed.
629 1019 793 1058 Locheri,
819 1018 979 1058 Aldinae,
1007 1020 1058 1051 Ct.
1087 1021 1137 1060 (Ut
1160 1029 1239 1059 nos,
1267 1029 1390 1053 omnes
1414 1022 1538 1059 nostri,

188 1069 352 1109 Cruquii,
378 1067 521 1100 Bentleii
546 1070 581 1100 et
604 1069 779 1108 Pottierii.)

141 1210 264 1251 gaudia
313 1213 382 1242 tam
420 1220 507 1251 pura
552 1213 694 1252 tamque
739 1214 834 1252 grata

141 1260 265 1291 merito
295 1268 359 1300 pro
389 1260 536 1291 deorum
571 1261 671 1292 donis
699 1261 835 1292 haben-

141 1311 229 1340 tur.»
278 1310 400 1341 Stoicis
425 1310 480 1341 hic
504 1311 683 1342 sententiis
715 1311 832 1342 utitur.

184 1358 237 1390 23.
275 1359 407 1399 Nudus]
436 1359 534 1390 «Sine
563 1360 707 1398 armis»,
735 1361 836 1391 «ohne

142 1408 194 1439 die
228 1409 332 1439 Mittel
364 1417 439 1439 zum
471 1409 718 1447 Ιίεὶεὴιὴαηιε»,
753 1418 834 1441 cum

144 1456 218 1488 aliis
236 1457 399 1497 equidem
419 1457 590 1498 explicare
609 1458 731 1497 nolim,
751 1459 831 1490 sed:

146 1506 329 1537 «omnibus
353 1506 442 1539 ultro
459 1508 680 1545 renuntians,
707 1507 834 1548 quibus

144 1564 231 1596 opus
256 1564 324 1586 non
350 1559 437 1587 est.»
461 1575 495 1578 —
521 1558 592 1588 Iam
617 1557 711 1597 fingit
735 1558 835 1597 quasi

143 1604 224 1636 hina
261 1606 396 1640 castra;
431 1605 511 1637 hinc
534 1607 652 1646 partes
675 1607 755 1637 nihil
777 1616 836 1638 cu-

142 1655 320 1694 pientium,
372 1653 463 1686 illinc
511 1657 630 1696 partes
674 1656 833 1696 divitum,

140 1703 265 1735 divitiis
295 1704 396 1735 unice
426 1704 648 1743 inhiant-ium,
685 1705 834 1745 quibus-

140 1761 219 1784 cum
244 1752 326 1784 nihil
348 1752 414 1785 sibi
436 1762 624 1785 commune
643 1762 721 1786 esse
739 1755 834 1786 affir-

140 1804 222 1834 mat.
273 1803 366 1834 «Non
398 1803 447 1835 sie
473 1803 678 1845 accipienda
710 1804 830 1844 verba,

139 1854 319 1892 tamquam
355 1852 459 1884 fuerit
492 1853 560 1884 iam
601 1853 635 1885 in
674 1853 832 1894 partibus

139 1901 305 1939 divitum,
340 1901 403 1932 sed
428 1904 600 1941 quatenus
626 1903 673 1941 is,
700 1903 755 1934 cui
779 1904 833 1935 in-

140 1952 192 1981 ter
227 1950 314 1981 duas
348 1953 465 1991 partes
498 1952 676 1992 oppositas
702 1953 833 1984 eonsti-

140 2002 212 2031 tuto
238 1998 345 2030 altera
371 2002 446 2030 utra
471 1999 628 2040 eligenda
647 2003 720 2039 est,
747 2001 831 2033 dum

138 2058 245 2080 unam
269 2048 422 2089 praefert
446 2051 479 2080 et
510 2048 751 2090 amplectitur,
787 2050 830 2082 ab

138 2097 246 2130 altera
274 2097 408 2138 longius
436 2097 524 2129 illico
551 2099 709 2138 refugit.»
750 2101 829 2131 Lisi.

138 2148 284 2179 Omnino
313 2146 462 2178 alterum
492 2147 693 2179 membrum
719 2149 832 2180 maxi-

137 2205 266 2237 meque
299 2205 332 2227 ν.
364 2196 539 2237 transsuya
574 2198 830 2230 continuandae

137 2247 262 2288 prioris
289 2245 440 2277 membri
464 2247 690 2288 metaphorae
718 2248 832 2279 inser-

137 2296 196 2328 vit.
237 2295 342 2327 Simili
365 2296 514 2336 imagine
536 2304 621 2328 usus
637 2298 691 2328 est
708 2298 830 2329 Cicero

138 2345 182 2375 ad
197 2345 289 2376 Fam.
309 2345 340 2384 9,
360 2346 422 2376 20:
447 2345 485 2376 In
495 2346 633 2385 Epicuri
644 2355 703 2378 nos
715 2348 832 2378 adver-

137 2394 219 2425 sarii
232 2394 333 2424 nostri
345 2398 457 2426 castra
467 2395 672 2427 coniecimus.
688 2397 827 2428 Lucian.

138 2444 256 2474 Somn.
277 2443 337 2474 4²3:
366 2439 388 2473 ὁ
404 2441 608 2489 Σωκράτης
629 2443 831 2488 δραπετεύ-

138 2502 209 2531 σας
223 2490 323 2536 παρὰ.
339 2490 406 2532 τῆς
422 2491 704 2536 ἑρμογλυᾳικῆς
720 2490 831 2535 ηὐτο-

137 2540 306 2583 μόλησεν
324 2537 375 2579 οἷς
391 2542 457 2582 {luc
475 2539 556 2583 (τὴν
573 2541 776 2583 Παιδείαν).

180 2592 232 2622 25.
271 2591 496 2631 l'mllemplsw]
538 2591 601 2622 «ab
627 2591 703 2623 aliis
727 2593 830 2624 ‹litio—

139 2641 234 2672 ribus
267 2641 362 2681 parvi
395 2641 503 2671 saetae
535 2643 569 2672 ct
592 2641 827 2682 despectam»

140 2698 219 2722 nam
245 2691 301 2730 qui
327 2689 452 2721 multas
477 2689 573 2722 villas
598 2700 676 2722 cum
700 2692 830 2729 magni-

139 2740 214 2771 ficis
260 2739 428 2775 aedibus,
476 2741 613 2771 xivariis
635 2766 641 2777 ,
689 2742 829 2782 piscinis

139 2788 291 2825 Tusculi,
320 2790 350 2820 in
377 2790 564 2831 Campania
589 2791 621 2821 ct
647 2791 678 2821 in
708 2789 826 2831 Apulia

887 1210 1130 1252 possidebant,
1167 1220 1231 1252 pro
1259 1211 1402 1244 homine
1425 1221 1582 1254 paupere

886 1260 1066 1292 habebant
1100 1261 1302 1300 Horatium,
1339 1262 1431 1294 unici
1463 1262 1581 1294 Sabini

886 1308 1079 1341 dominum.
1134 1309 1329 1351 Simplicior
1363 1313 1457 1343 certe
1494 1312 1583 1343 haec

885 1358 1023 1390 videtur
1047 1358 1229 1399 explicatio
1252 1368 1359 1400 quam
1381 1360 1581 1392 Bentleiana

884 1407 939 1438 illa
962 1417 1072 1449 prope
1097 1409 1200 1440 nimis
1223 1409 1358 1440 Stoica:
1398 1412 1579 1451 «spretae,

885 1466 953 1488 non
978 1458 1114 1498 cupitae
1139 1467 1159 1489 a
1183 1466 1240 1489 me
1265 1458 1340 1499 ipso
1354 1469 1389 1497 »3
1416 1461 1451 1491 et
1473 1468 1581 1500 repu-

885 1508 966 1546 gnat
997 1506 1260 1546 quodammodo
1296 1516 1337 1539 ea
1372 1507 1577 1548 beatitudo,

885 1564 992 1596 quam
1016 1565 1097 1588 mox
1121 1556 1187 1589 sibi
1211 1558 1366 1597 reperire
1390 1558 1530 1590 videtur
1545 1559 1580 1590 in

885 1604 992 1637 rebus
1016 1606 1099 1638 item
1121 1607 1285 1638 externis.
1307 1625 1342 1629 -
1368 1607 1578 1648 splendidior]

886 1654 971 1686 «sed
1006 1655 1055 1686 sie
1091 1656 1231 1694 tamen,
1274 1665 1355 1687 cum
1394 1658 1578 1689 contentus

884 1704 950 1735 sim
973 1703 1076 1735 bonis
1099 1707 1224 1745 paratu
1249 1704 1407 1737 facilibus
1433 1707 1467 1737 et
1489 1715 1581 1747 pau-

885 1753 952 1791 cis,
971 1761 1028 1785 me
1047 1752 1312 1794 locupletiorem
1329 1763 1369 1785 ac
1384 1754 1581 1787 beatiorem

885 1810 963 1833 esse
988 1803 1100 1834 sentio
1125 1811 1185 1842 eo,
1212 1804 1271 1844 qui
1297 1805 1431 1844 magnis
1453 1804 1579 1845 opibus

882 1851 1062 1892 praeditus
1076 1853 1227 1884 maiores
1242 1854 1384 1893 captare
1397 1863 1578 1895 nunquam

883 1900 1044 1933 desinit.»
1072 1920 1106 1924 —
1132 1902 1192 1943 rei]
1218 1901 1461 1942 dissyllabum.

924 1951 978 1982 26.
1005 1951 1056 1982 27.
1083 1951 1178 1992 arat]
1205 1950 1326 1984 Ultima
1350 1951 1484 1993 syllaba
1500 1961 1580 1993 pro-

883 1999 1021 2031 ducitur
1043 2001 1077 2031 in
1103 2010 1266 2039 caesura,
1303 2001 1337 2032 id
1361 2002 1456 2042 quod
1481 2003 1579 2042 igno-

882 2050 1001 2080 rantes
1051 2048 1206 2080 nonnulli
1249 2051 1467 2090 scripserunt
1512 2060 1578 2082 non

877 2098 984 2138 piger.
1044 2098 1120 2129 Vid.
1157 2098 1201 2130 ad
1226 2098 1287 2130 od.
1315 2099 1354 2138 3,
1380 2099 1444 2137 ⁶24,
1472 2101 1502 2131 5
1539 2119 1573 2123 —

880 2147 978 2186 Apuli
1011 2149 1145 2183 autem,
1187 2156 1337 2188 quorum
1368 2150 1404 2179 ut
1430 2148 1577 2189 popula-

881 2197 969 2228 rium
988 2196 1190 2237 frequenter
1206 2197 1430 2236 recordatur,
1456 2198 1575 2229 rustici

881 2248 979 2277 erant
995 2245 1158 2277 laboriosi
1175 2255 1215 2277 ac
1233 2247 1376 2278 strenui.
1399 2265 1433 2268 —-
1463 2247 1576 2278 Occub-

880 2296 962 2336 lare]
989 2295 1229 2327 «reconditum
1244 2295 1410 2334 habere»,
1430 2297 1467 2327 ut
1482 2295 1577 2328 sole-

881 2345 965 2376 bant
986 2344 1247 2377 latifundiorum
1268 2346 1493 2386 possessores
1518 2355 1576 2377 re—

881 2396 975 2426 tento
1000 2395 1031 2425 in
1049 2395 1183 2426 horreis
1206 2395 1380 2426 frumento
1399 2403 1574 2426 annonam

880 2453 1054 2485 premere.
1092 2462 1126 2466 —
1158 2445 1238 2475 meis
1259 2461 1276 2466 -
1298 2444 1440 2485 horreis]
1477 2453 1573 2475 «non

880 2493 1080 2525 conductis»
1096 2504 1102 2531 ς
1121 2495 1223 2533 auget
1239 2494 1304 2524 hoc
1322 2493 1472 2525 hominis
1489 2502 1574 2534 opu-

880 2543 1032 2575 lentiam.
1059 2543 1120 2574 Od.
1142 2544 1153 2574 4
1171 2569 1177 2581 ,
1198 2544 1209 2574 4
1227 2569 1233 2581 ,
1252 2543 1270 2574 0
1288 2553 1293 2573 :
1321 2543 1430 2581 Illum,
1456 2543 1482 2573 si
1496 2552 1574 2582 pro-

875 2593 951 2632 prio
967 2593 1109 2624 condidit
1124 2593 1242 2624 horreo
1258 2594 1323 2623 cet.
1344 2611 1377 2614 W<
1397 2593 1483 2623 inter
1499 2601 1574 2631 opes

880 2642 989 2683 inops]
1019 2641 1196 2673 claudian.
1228 2642 1259 2672 in
1287 2641 1395 2672 luisin.
1424 2643 1457 2679 l,
1489 2642 1569 2672 499:

879 2692 1058 2730 Nunquam
1074 2693 1161 2723 dives
1175 2692 1258 2726 eris.
1285 2700 1455 2730 nunquam
1471 2691 1571 2722 satia-

879 2741 951 2772 bere
966 2745 1125 2780 quaestu
1150 2744 1283 2780 Senwcr
1301 2741 1408 2780 inops,
1436 2741 1571 2780 quicun-

879 2799 940 2829 que
962 2791 1060 2830 cupit.
