1997 3219
659 167 735 199 ΗΒ.
764 168 817 198 lll.

867 169 903 199 C.
934 168 985 199 Ν.

1496 168 1575 208 369

366 268 596 318 Volcanus,
630 269 726 312 hinc
756 276 947 312 matrona
980 271 1081 311 luno
1113 277 1152 311 et

419 351 644 406 Nunquam
676 350 862 393 humeris
894 351 1110 407 positurus
1141 363 1306 393 arcum.

1524 352 1576 391 6⁴)

311 454 393 505 Qui
424 468 520 496 rore
551 469 659 511 puro
692 454 899 497 Castaliae
932 455 1029 497 lavit

313 535 460 577 Crines
492 535 676 580 solutos.
711 537 783 592 qui
817 536 974 593 Lyciae
1007 543 1120 578 tenet

368 617 549 658 Dumeta
581 615 850 672 natalemque
881 615 1054 662 silvam.

425 695 571 738 Delius
605 703 646 738 et
676 697 879 738 Patareus
910 694 1072 751 Apollo.

314 802 384 843 Vis
413 800 563 844 consili
594 814 748 856 expers
778 799 890 843 mole
922 801 1004 842 ruit
1035 814 1134 842 sua:

1531 804 1583 844 655

231 909 283 939 62.
299 908 407 939 Crinis
418 906 453 938 b.
472 923 506 929 -
523 906 576 939 64.
591 906 702 938 Delios
712 912 759 946 ψ.
776 907 1048 947 (vigorniensis.)
1068 924 1102 929 —
1120 907 1182 939 Vv.
1196 907 1302 940 66-68
1316 908 1349 940 in
1361 908 1386 939 B
1400 908 1538 940 desunt.

145 1004 230 1033 Ann.
263 1002 297 1039 t,
333 1001 387 1032 54.
429 1001 546 1031 avidas
579 1000 721 1041 legiones
754 1000 839 1031 item

144 1049 303 1082 absolute
321 1049 418 1081 dixit.
467 1050 579 1081 Minus
603 1051 699 1081 reete
723 1048 778 1081 alii
796 1049 840 1080 ad

144 1102 305 1132 naturam
322 1100 408 1139 ignis
425 1100 541 1130 omnia
558 1098 759 1130 devorantis
773 1099 842 1130 ret-

143 1148 315 1186 tulerunt,
342 1157 410 1188 qua
427 1148 572 1189 quidem
589 1148 839 1187 significatione

143 1199 210 1230 hoc
245 1197 418 1230 ἐπίθετοι*
453 1198 486 1229 h.
522 1197 544 1229 l.
589 1198 840 1229 otiosissimum

146 1249 246 1279 soret.
287 1266 320 1270 —
361 1247 541 1288 Volcanus]
578 1246 622 1278 ab
648 1246 840 1278 artificibus

144 1298 176 1328 in
195 1297 487 1336 Gigantomachiis
513 1296 629 1327 dedita
655 1304 762 1336 opera
779 1303 841 1325 ex—

144 1354 307 1387 pressuS,
334 1347 371 1376 ut
395 1346 429 1376 in
453 1354 536 1376 vase
561 1345 656 1385 apud
683 1343 839 1376 Gerhard

146 1395 309 1426 Trinlssch.
336 1395 372 1425 T.
398 1394 439 1425 X.
469 1411 503 1416 —-
538 1394 713 1434 wmtrona]
740 1392 837 1424 Ovid.

144 1445 233 1476 Fast.
269 1444 304 1481 6,
331 1443 384 1474 33.
414 1444 522 1474 Iuno:
563 1444 654 1474 dicor
683 1446 840 1474 matrona

148 1493 311 1525 Tonantis.

187 1542 239 1573 60.
271 1541 442 1581 posituras
475 1540 609 1580 arcum]
647 1540 726 1580 «qui
758 1548 840 1572 eum

143 1599 326 1631 nunquam
350 1598 484 1630 ponere
502 1589 608 1626 solet,
635 1597 780 1629 semper
795 1588 839 1619 ad

144 1640 381 1680 sagittandum
415 1641 590 1680 paratus.»
637 1637 759 1679 Apollo
796 1638 840 1669 de

144 1698 229 1721 arcu
274 1698 338 1721 suo
381 1688 475 1729 apud
510 1688 627 1728 Eurip.
664 1686 737 1718 Alc.
773 1687 868 1719 40z¹

143 1736 313 1780 Σὺνηθες
364 1734 424 1769 ἀεὶ
475 1734 596 1768 ταῦτα
638 1733 842 1776 βαστάζειν

145 1788 245 1829 ἐμοί.
273 1786 369 1818 Pincl.
390 1787 490 1826 Pyth.
509 1786 549 1824 8,
569 1786 626 1816 47:
655 1785 840 1825 (Gigantes)

144 1836 290 1878 δμᾶθεν
306 1835 345 1868 δὲ
364 1833 532 1879 κεραυνῷ
552 1833 667 1876 (Διὸς)
687 1833 843 1875 Τόξοισί

144 1887 174 1917 τ’
204 1883 449 1924 Ἀπόλλωνος.
497 1886 534 1915 In
569 1885 622 1916 his
655 1885 758 1923 igitur
789 1884 842 1917 dis

148 1935 388 1967 memorandis
406 1935 583 1974 sapienter
593 1934 745 1965 substitit
756 1938 843 1975 poe—

148 1987 200 2022 ta,
227 1985 389 2025 quamxis
415 1992 538 2015 omnes
561 1992 698 2023 pugnae
719 1983 843 2015 adfue-

147 2035 213 2066 rint
228 2059 238 2072 ‚
279 2033 521 2073 imprimisque
566 2032 700 2063 fortiter
739 2032 843 2064 ‹limi-

146 2083 301 2115 caverint
331 2082 489 2113 Bacchus
514 2083 619 2121 atque
661 2081 840 2113 Hercules.

145 2133 210 2164 Fea
236 2133 325 2163 teste
354 2131 386 2161 in
415 2129 613 2170 anaglypho
639 2131 748 2162 Musei
773 2131 843 2161 Va-

146 2182 247 2213 ticani
284 2182 359 2211 «est
393 2179 514 2211 videre
551 2180 656 2211 etiam
695 2180 840 2211 Dianam

145 2239 240 2268 arcu,
261 2231 414 2261 Hecaten
432 2230 506 2260 sace
524 2229 556 2260 in
573 2231 723 2268 utraque
738 2238 841 2260 manu

145 2280 305 2310 Titanum
344 2279 560 2318 impietatem
595 2277 840 2310 ulciscentes.»

190 2329 243 2358 0¹.
270 2328 322 2358 62.
347 2327 530 2368 Castaliae]
556 2327 650 2358 Pina.
679 2328 778 2367 Pyth.
801 2328 838 2366 4,

147 2378 200 2409 39ῑ
219 2374 335 2408 Λύκιε
349 2377 409 2407 καὶ
422 2374 547 2408 Δάλου
561 2374 742 2407 ἀνάσσων
757 2377 841 2408 Φοῖ-

146 2426 210 2465 βε,
234 2424 441 2470 Παρνασοῦ
466 2436 504 2457 τε
527 2423 671 2470 κράναν
693 2426 842 2457 Καστα-

146 2475 230 2508 λίαν
246 2475 397 2515 ([ιλὲων.
418 2474 635 2515 Κασταλίας
655 2473 840 2516 μαντικὸν

147 2523 254 2566 πόμα
271 2527 442 2557 memorat
468 2526 654 2564 Gregorius·
679 2526 837 2556 Nazianz.

148 2575 235 2606 Edit.
257 2575 362 2606 Paris.
383 2576 406 2605 Ι.
427 2583 504 2614 pag.
524 2574 597 2604 ⁴379.
625 2576 778 2614 Operose
796 2574 839 2605 de

147 2624 214 2655 hoc
239 2624 330 2655 sonte.
364 2626 396 2654 et
423 2624 466 2654 th·
497 2623 606 2654 altero
632 2624 838 2660 eof-momine

149 2681 260 2714 prope
277 2673 508 2707 Antiochiam.
536 2672 579 2703 de
605 2681 674 2712 quo
695 2672 838 2712 quidem

149 2722 182 2752 h.
217 2721 237 2753 Ι.
272 2723 423 2759 cog-'itare
461 2721 583 2759 nolim,
625 2722 692 2761 egit
729 2723 839 2762 Unger

264 2783 382 2811 lloiur.
408 2791 466 2810 vui.
503 2783 511 2809 Ι
569 2790 616 2810 En
645 2790 743 2810 intua
767 2782 810 2809 ΙΙΙ.

892 998 1001 1031 Theb.
1018 999 1197 1031 paradoxa
1209 1009 1245 1042 p.
1267 1001 1278 1031 4
1289 1001 1340 1032 45.
1359 1019 1393 1022 -
1409 1001 1499 1042 lavit]
1516 1002 1585 1033 Hac

892 1048 1003 1080 forma
1038 1049 1234 1089 antiquiore
1258 1058 1402 1090 semper
1426 1051 1587 1083 Horatius

892 1098 999 1129 utitur
1023 1099 1056 1129 in
1080 1097 1209 1138 lyricis.
1244 1099 1314 1130 Ct'r.
1334 1098 1396 1130 Od.
1415 1099 1435 1131 4-
1449 1126 1456 1140 ‚
1475 1100 1513 1138 6,
1532 1101 1585 1132 26.

894 1164 931 1169 -
946 1147 1076 1188 Lyciae]
1091 1156 1181 1187 quae
1196 1156 1278 1178 vera
1293 1157 1377 1180 sane
1392 1150 1466 1179 erat
1478 1150 1587 1189 patria

892 1194 1067 1236 sedesque
1086 1195 1199 1227 cultus,
1216 1196 1394 1236 Apollinis,
1414 1197 1500 1229 lucis
1517 1198 1586 1236 dei,

892 1246 927 1275 ut
939 1244 1029 1275 inter
1039 1240 1125 1275 alio's
1136 1244 1391 1276 demonstravit
1401 1247 1590 1278 Grotefend

892 1293 926 1325 in
950 1294 1044 1325 Actis
1069 1293 1232 1334 Philolog.
1275 1295 1449 1327 Bonnens.
1492 1295 1587 1328 4844.

936 1367 988 1398 63.
1030 1366 1082 1398 64..
1124 1367 1332 1405 natalemque
1364 1368 1500 1410 silvam]
1556 1371 1590 1401 in

893 1416 1053 1455 Cyntho,
1082 1415 1153 1447 Deli
1179 1418 1310 1448 monte..
1339 1435 1375 1440 —
1411 1418 1588 1459 Patareus]

892 1464 979 1495 Mela
1007 1465 1044 1503 4,
1071 1465 1130 1496 45ε
1172 1466 1350 1504 Pataram,
1386 1467 1508 1506 Lyciae
1531 1477 1591 1507 op—

888 1514 1017 1552 pidum,
1042 1513 1182 1544 nobilem
1204 1513 1285 1554 facit
1301 1515 1472 1547 delubrum
1488 1517 1589 1556 Apol-

891 1563 987 1601 linis,
1015 1564 1181 1602 quondam
1204 1564 1318 1603 opibus
1339 1568 1369 1595 et
1385 1566 1514 1596 oraculi
1527 1568 1591 1606 fide

892 1612 1048 1651 Delphico
1081 1613 1196 1643 simile.
1246 1614 1374 1645 Statius
1409 1614 1518 1646 Theb.
1552 1617 1588 1654 4,

893 1661 978 1692 696;
1015 1661 1136 1692 Phoebe
1153 1670 1299 1700 parens,
1335 1671 1392 1693 sea
1418 1666 1447 1694 te
1472 1665 1592 1703 Lyciae

891 1710 1060 1742 Pataraea
1100 1711 1219 1741 nivosis
1255 1711 1421 1743 Eaeercent
1458 1714 1592 1745 dumeta

892 1759 979 1799 iaqis
1001 1768 1057 1790 seu
1078 1768 1155 1790 rore
1167 1761 1289 1799 pudico
1307 1760 1472 1793 Castaliae
1486 1764 1592 1803 slavos

893 1817 990 1839 amor
1017 1811 1063 1839 est
1097 1808 1154 1839 tibi
1175 1818 1323 1850 mergere
1346 1811 1462 1842 crines.
1511 1813 1593 1843 Ser—

893 1858 970 1890 vius
995 1857 1040 1889 ad
1063 1859 1148 1890 Aen.
1174 1858 1210 1897 Ιι,
1232 1858 1315 1890 lli-4:
1343 1860 1592 1901 ConstacApol-

893 1907 991 1939 linem
1023 1916 1082 1939 sea:
1103 1908 1266 1939 mensibus
1287 1909 1480 1941 hiemalibus
1502 1913 1593 1951 apud

892 1957 1076 1995 Pataram,
1121 1958 1242 1996 Lyciae
1282 1959 1470 1998 ciuitatem,
1511 1961 1594 1992 dare

893 2014 1065 2044 responsa,
1112 2007 1198 2037 uncle
1241 2005 1441 2052 Παταρεὺς
1477 2009 1591 2048 Apollo

894 2055 1031 2093 (licitur,
1057 2058 1087 2085 et
1102 2064 1161 2086 scut*
1176 2057 1337 2087 mensibus
1352 2059 1443 2096 apud
1459 2059 1587 2090 Delam.

895 2104 1069 2144 Digressio
1094 2105 1182 2136 haec
1207 2105 1250 2135 de
1275 2105 1453 2146 Apolline,
1489 2108 1589 2139 cuius

891 2153 1166 2194 pulcherrimam
1199 2155 1346 2186 tormam
1372 2163 1453 2186 cum
1477 2156 1592 2187 admi-

893 2203 1025 2234 ratione
1063 2202 1321 2243 contemplatur
1355 2206 1477 2244 po'e'ta,
1520 2214 1590 2236 non

893 2253 966 2283 sine
991 2254 1064 2283 arte
1090 2253 1280 2293 opponitur
1305 2252 1469 2284 terribilis
1500 2253 1588 2285 illius

892 2310 1029 2342 pugnae
1048 2301 1258 2342 Phlegraeae
1278 2302 1446 2342 picturae.
1481 2303 1589 2333 Prae—

893 2353 988 2382 terea
1013 2352 1131 2382 autem
1156 2350 1276 2391 Apollo
1301 2352 1388 2382 deus
1421 2346 1585 2389 maxime,

891 2402 930 2432 ut
954 2401 998 2431 ita
1017 2400 1149 2438 dicam,
1176 2400 1359 2432 adamatus
1383 2402 1488 2440 atque
1513 2400 1588 2432 cnl-

893 2451 948 2481 tus
973 2450 1016 2481 ab
1042 2451 1197 2489 Augusto
1222 2451 1368 2490 eiusque
1400 2451 1498 2490 quasi
1532 2452 1587 2482 tu-

893 2498 959 2531 tela
983 2499 1166 2539 singularis
1190 2508 1230 2531 ac
1254 2500 1395 2540 propria
1421 2502 1506 2530 crat.

935 2574 987 2605 65.
1019 2574 1069 2604 l'is
1091 2574 1204 2604 consili
1228 2572 1309 2612 cet]
1344 2574 1518 2612 «Propter
1550 2571 1584 2602 id
1622 2598 1628 2605 ,

892 2623 1027 2664 ipsum,
1055 2623 1148 2664 quod
1175 2623 1276 2654 nimis
1302 2631 1425 2662 magna
1449 2631 1489 2652 ac
1510 2622 1584 2652 vio—

891 2670 982 2704 lenta
1019 2672 1168 2704 facinora
1207 2673 1343 2712 patrare
1374 2671 1451 2711 quis
1476 2679 1584 2701 cona-

890 2722 957 2758 tur,
976 2723 1088 2753 semet
1107 2721 1180 2762 ipse
1194 2720 1342 2762 perdit.»
1369 2719 1464 2751 Pind.
1482 2719 1580 2757 Pyth.

1323 2780 1356 2808 -ει
