1997 3219
338 225 418 266 ,4.76
850 226 1017 258 HORATII
1043 226 1263 259 CARMINUM

449 330 535 371 Dos
568 336 631 371 est
661 342 811 384 magna
842 328 1080 384 parentium

504 410 641 451 Virtus
675 415 715 451 et
746 415 941 451 metuens
973 408 1147 450 alterius
1176 408 1253 448 viri

451 491 575 532 Certo
606 488 780 531 foedere
811 488 1003 538 eastitas3

504 570 552 611 Et
588 583 768 625 peceare
800 566 917 611 nefas
954 575 1025 611 aut
1055 569 1238 625 pretium
1271 575 1336 611 est
1370 570 1487 610 mori.

447 675 483 717 Ο
515 674 710 731 quisquis
741 673 855 716 volet
884 671 1035 730 impias

503 754 668 797 Caedes
699 761 741 796 et
771 754 933 797 rabiem
964 754 1111 796 tollere
1144 754 1338 801 civicam,

419 886 472 918 24.
499 887 645 926 pretium
671 887 774 918 emori
802 885 983 919 Pulmanni
1007 886 1176 926 optimus,
1213 885 1419 917 Bersmanni
1452 893 1542 916 unus
1567 886 1602 917 et
1624 885 1730 917 Bent-

377 934 432 966 leii
456 946 504 974 ω,
524 935 671 975 prelium
692 935 778 966 'mori
802 937 968 976 quattuor
992 936 1158 967 Pottierii.
1187 936 1238 976 (Ut
1261 943 1342 974 nos,
1373 934 1522 975 BbSTC.)
1551 953 1585 956 —
1624 935 1678 966 25.
1705 935 1730 966 0

379 985 462 1024 quis,
490 985 562 1025 quis
581 1002 600 1007 -
621 1002 639 1007 -
655 983 820 1016 civicam?
843 985 943 1024 quasi
960 993 1002 1016 ex
1018 984 1189 1017 Diomede
1205 993 1239 1026 p.
1258 984 1333 1017 347.
1358 985 1396 1016 P.
1411 982 1521 1016 Bentl.
1544 1002 1579 1006 —-
1608 983 1662 1015 26.
1688 984 1728 1024 el]

377 1038 437 1066 aul
459 1034 572 1074 Sc‚Ct.

334 1152 463 1183 nitatur
479 1177 484 1189 ‚
505 1150 564 1182 ubi
582 1159 661 1183 eam
677 1154 844 1183 coercere
862 1153 1028 1189 eonetur;

334 1201 443 1231 immo
459 1200 637 1232 interdum
657 1201 752 1241 ipsas
770 1201 917 1232 civitatis
933 1199 1030 1241 leges

333 1248 464 1281 violare
489 1249 651 1281 audeat.»

375 1324 428 1355 24.
454 1324 507 1355 22.
541 1325 608 1356 Dos
630 1323 693 1365 est]
721 1324 842 1364 «Apud
867 1323 940 1356 illas
967 1333 1031 1355 na-

331 1373 444 1405 tiones
468 1374 612 1405 naturae
630 1374 884 1405 convenienter
905 1374 1031 1405 etiam-

332 1431 427 1455 nunc
460 1423 620 1455 viventes
654 1424 806 1454 maxima
841 1422 1031 1454 mulierum

333 1472 397 1504 dos
433 1473 486 1504 est
521 1472 663 1512 insignis
698 1473 828 1511 virtus,
866 1473 1027 1512 castitas,

333 1529 422 1561 quae
448 1522 584 1552 certum
609 1522 755 1561 coniugii
780 1523 923 1562 paetum
952 1530 1031 1553 ser—

333 1579 420 1602 vans
449 1570 493 1601 ab
526 1569 673 1601 aliorum
696 1571 853 1602 virorum
878 1579 1030 1602 eonsue-

332 1619 451 1651 tudine
477 1618 679 1650 ahhorret.»
720 1618 829 1651 Plaut.
854 1620 1026 1660 Amphitr.

333 1670 372 1708 2,
391 1669 428 1707 2,
446 1669 532 1700 2071
557 1669 633 1700 Non
656 1678 714 1710 eqo
740 1669 831 1700 illam
855 1669 961 1700 dotem
983 1669 1029 1700 mi

332 1727 398 1750 esse
433 1719 530 1757 duco,
573 1727 658 1757 quae
691 1719 747 1749 dos
785 1719 927 1755 diuitum·
966 1718 1029 1749 Sed

327 1768 527 1807 pudicitiam
561 1771 590 1799 et
618 1768 780 1806 pudorem
818 1770 847 1798 el
880 1767 1028 1798 sedatum

331 1818 536 1856 cupidinem,
561 1818 669 1848 Deum
690 1819 827 1855 metum,
850 1819 1028 1855 parentum

332 1875 480 1897 amorem
522 1869 551 1897 el
590 1869 767 1906 ceynacum
801 1866 1025 1896 concordiam.

333 1915 394 1955 (De
419 1916 517 1954 Rooy
541 1915 586 1946 ad
609 1913 752 1947 Martial.
779 1923 814 1955 p.
841 1915 893 1946 74.
920 1914 1027 1954 iungit

326 1965 520 2003 parenstam>
566 1973 691 2005 maqna
735 1964 860 2002 virtus,
906 1964 1025 2004 utique

330 2013 466 2053 prave.)
494 2032 529 2036 -
554 2013 757 2054 parentium]
792 2012 890 2044 Conf.
911 2012 973 2044 Od.
993 2012 1024 2049 3,

333 2063 370 2101 ⁴,
400 2063 460 2094 43:
500 2063 677 2094 elienlimn.
718 2063 780 2094 Od.
811 2062 847 2099 3,
878 2063 936 2100 211,
965 2061 1024 2094 44:

330 2112 538 2152 sapientium.
575 2112 686 2153 Epod.
718 2113 752 2150 1¹,
782 2112 841 2143 2οῑ
883 2112 1027 2151 Serpen—

331 2162 423 2193 tium.
450 2161 558 2202 Volgo
575 2161 836 2201 distinguebant
848 2164 1027 2200 parentum

331 2220 349 2242 a
374 2220 406 2242 v.
429 2220 568 2250 parem,
594 2212 748 2251 genitor,
782 2211 817 2241 et
835 2210 1027 2250 parentium

331 2270 349 2292 a
374 2270 406 2291 v.
428 2270 574 2300 parona,
599 2260 783 2292 obediens.
806 2277 842 2282 —-
870 2260 1024 2301 melu-ens]

333 2309 651 2352 «φυλασσιῃιένη,
676 2309 892 2341 abstinens.»

374 2383 427 2414 23
453 2383 506 2415 ⁶24.
549 2384 642 2414 Certo
665 2382 806 2423 foedere]
842 2383 1025 2414 Artissime

332 2433 457 2472 iunge:
496 2433 675 2470 «castitas,
707 2440 797 2471 quae
822 2430 1025 2463 fidelissimo

331 2490 413 2512 cum
448 2482 573 2512 marito
618 2480 749 2512 foederi
792 2481 947 2511 innititur
985 2489 1026 2511 ae

332 2532 526 2562 servatur.»
550 2547 584 2552 —
613 2531 804 2569 Etpeecare
820 2530 921 2570 nefas]
948 2531 1026 2561 «In—

332 2580 454 2611 haeret
500 2581 533 2611 in
582 2588 705 2611 eorum
753 2580 877 2610 animis
927 2580 1024 2611 nefas

332 2637 410 2659 esse
435 2628 645 2660 adulterium
669 2628 890 2659 committere
915 2637 1026 2660 nove-

332 2678 483 2717 rumque
509 2679 641 2709 certam
667 2678 742 2708 eius
768 2686 919 2717 poenam
952 2678 1024 2709 fore

332 2726 491 2758 ultimum
517 2726 759 2767 supplicium.»
798 2744 830 2748 —
864 2727 1023 2767 prelium]

333 2777 365 2805 ut
392 2773 480 2816 τιμή
497 2800 504 2811 ,
531 2772 685 2817 μισθός,
711 2774 923 2807 vocabulum
949 2784 1025 2806 ine—

1081 1151 1200 1189 dium;
1227 1151 1261 1182 h.
1288 1150 1309 1182 l.
1338 1150 1381 1181 de
1405 1159 1531 1191 poena.
1574 1151 1691 1182 Iuven.
1720 1151 1771 1188 43,

1081 1201 1163 1232 405:
1213 1200 1270 1231 Ille
1308 1208 1438 1231 crucem
1473 1199 1601 1231 sceleris
1628 1201 1774 1239 pretium

1080 1250 1172 1288 tulit,
1192 1250 1243 1280 hie
1260 1249 1424 1280 diadema.
1447 1266 1482 1271 —
1500 1249 1652 1290 escmori]
1673 1249 1774 1287 Quod

1080 1300 1114 1331 in
1132 1299 1218 1331 Cod.
1236 1298 1347 1330 Pulm.
1368 1300 1549 1339 repertum
1567 1300 1602 1330 et
1617 1307 1636 1329 a
1652 1299 1775 1330 Baxte-

1079 1357 1135 1387 ro,
1165 1347 1371 1385 Sanadono,
1402 1348 1557 1379 Gesnero
1588 1349 1773 1388 receptum

1080 1398 1135 1429 est
1157 1397 1280 1435 emori,
1313 1405 1355 1428 ex
1379 1396 1480 1427 solito
1505 1396 1714 1437 compendio
1737 1405 1771 1427 v.

1079 1449 1124 1477 esc
1159 1447 1276 1477 ortum
1310 1446 1461 1477 videtur.
1507 1446 1622 1476 Emori
1655 1447 1773 1476 autem

1078 1496 1195 1535 potius
1219 1495 1262 1526 de
1287 1494 1434 1526 naturali
1459 1496 1572 1525 morte
1598 1503 1704 1535 quam
1729 1494 1772 1526 de

1077 1544 1227 1575 violenta
1251 1546 1461 1584 usurpatur,
1488 1546 1613 1584 atque,
1653 1546 1689 1575 ut
1714 1544 1775 1575 {io-

1079 1595 1150 1626 euit
1165 1593 1430 1634 Dillenburger⁷
1450 1594 1610 1625 nostrum
1627 1595 1681 1624 est
1700 1593 1775 1623 «ab-

1076 1643 1220 1681 sterben,
1247 1644 1400 1674 animam
1417 1642 1608 1681 reddere»,
1634 1643 1671 1673 ut
1689 1651 1773 1673 sane

1078 1693 1131 1724 est
1165 1691 1258 1733 apuu
1293 1692 1366 1723 Cic.
1392 1692 1493 1722 Tuse.
1522 1692 1559 1730 4,
1582 1691 1618 1722 8:
1658 1692 1773 1722 Emori

1076 1742 1173 1779 nolo,
1219 1742 1273 1772 sed
1308 1750 1359 1772 me
1392 1749 1458 1772 esse
1491 1743 1658 1771 mortuum
1691 1740 1774 1771 nihil

1076 1791 1223 1822 aestimo.
1265 1792 1300 1821 et
1335 1788 1476 1821 Celsum
1500 1790 1538 1827 5,
1564 1790 1628 1820 ⁶26:
1668 1798 1772 1820 mem-

1076 1840 1194 1879 brum,
1240 1840 1327 1878 quod
1371 1838 1550 1878 paullatim
1598 1839 1769 1870 emoritur.

1077 1889 1149 1920 Hoe
1173 1888 1277 1919 dicit:
1311 1888 1445 1919 «omnis
1469 1886 1627 1918 adultera
1651 1897 1670 1918 a
1695 1896 1773 1919 ma-

1076 1938 1141 1969 rito
1183 1938 1409 1977 cognatisque
1445 1938 1614 1968 necatur»
1629 1962 1636 1975 ,
1678 1945 1768 1968 ηοη;

1078 1986 1171 2018 «sibi
1196 1987 1270 2027 ipsa
1294 1988 1446 2018 mortem
1463 1986 1696 2024 consciscit»,
1722 1986 1772 2017 uti

1076 2036 1212 2076 aceepit
1236 2037 1430 2074 Gesnerus⁷
1457 2036 1573 2067 minus
1597 2036 1677 2076 apte
1702 2036 1772 2066 Lu-

1076 2086 1205 2117 cretiae
1231 2083 1434 2125 exemplum
1457 2084 1621 2116 afferens,

1119 2136 1160 2166 25
1170 2135 1245 2166 -27,
1265 2134 1290 2166 O
1303 2134 1449 2174 quisquis
1461 2134 1542 2175 eet.]
1557 2133 1770 2167 Exclamatio

1076 2184 1308 2215 confidentiae
1325 2209 1331 2222 ,
1358 2185 1395 2214 ut
1418 2184 1464 2214 ait
1480 2183 1578 2214 Hand
1595 2184 1693 2215 Turs.
1712 2184 1768 2215 IV.

1075 2242 1108 2274 p.
1135 2233 1210 2265 353.
1258 2234 1296 2264 In
1315 2232 1458 2264 Bentleii
1480 2233 1768 2272 interrogatione:

1076 2284 1101 2314 O
1129 2283 1218 2322 quis,
1252 2283 1325 2321 quis
1346 2299 1398 2304 ——
1414 2300 1432 2304 -
1458 2281 1627 2313 civicam?
1666 2282 1768 2313 nimis

1075 2331 1285 2363 divelluntur
1308 2331 1514 2362 sententiae.
1541 2331 1769 2371 «Quicunque

1074 2390 1240 2413 amovere
1280 2380 1465 2412 conabitur
1493 2380 1625 2412 seelera
1659 2380 1771 2411 bello-

1074 2439 1153 2462 rum
1189 2430 1340 2462 civilium
1371 2431 1405 2461 et
1445 2429 1599 2461 stabilire
1640 2438 1771 2470 perpe-

1075 2482 1171 2512 tuam
1187 2489 1325 2521 paoem,
1352 2480 1380 2510 is
1406 2480 1434 2509 si
1458 2478 1569 2516 volet,
1596 2481 1633 2510 ut
1657 2479 1771 2519 singu-

1075 2529 1188 2561 larum
1223 2529 1364 2560 urbium
1396 2529 1490 2559 cives
1525 2530 1623 2567 grato
1654 2528 1769 2559 animo

1076 2580 1208 2610 statuas
1233 2587 1313 2609 euni
1344 2578 1568 2618 inscriptione
1592 2578 1691 2608 Pirm
1714 2576 1766 2607 vel

1074 2629 1218 2660 PARENTI
1235 2628 1358 2668 (huius)
1379 2635 1469 2659 VRBIS
1483 2628 1513 2658 ei
1528 2628 1668 2668 ponant,
1688 2626 1768 2656 ant-e

1076 2678 1190 2709 omnia
1216 2677 1395 2709 refrenare
1417 2676 1561 2708 debebit
1577 2675 1763 2712 licentiam,

1075 2735 1165 2767 quae
1184 2735 1277 2759 nune
1296 2727 1328 2757 in
1345 2725 1508 2757 omnihus
1525 2724 1632 2756 rebus
1654 2723 1768 2755 domi-

1076 2777 1219 2807 natur.»
1250 2794 1282 2797 —
1318 2774 1468 2814 quaeret]
1497 2781 1657 2813 quaerere
1683 2773 1715 2803 li.
1745 2772 1764 2803 Ι.
