1997 3219
305 211 385 251 338

815 208 982 240 HORATH
1008 207 1230 238 CARMINUM

588 314 691 355 Cum
724 310 889 352 famulis
920 310 1204 365 dominusque
1236 316 1375 351 terrae

481 416 754 459 Fastidiosus.

816 414 900 456 Sed
932 415 1072 456 Timor
1102 421 1144 456 et
1173 414 1309 455 Minae

474 497 689 539 Scandunt
720 495 899 539 eodem.
933 508 1018 550 quo
1051 487 1269 540 dominus,
1303 506 1444 549 neque

531 576 709 618 Decedit
740 582 884 617 aerata
916 574 1074 616 triremi
1106 580 1147 616 et

591 659 689 698 Post
720 656 907 711 equitem
939 654 1061 696 sedet
1093 661 1180 695 atra
1213 654 1336 696 Cura.

1694 654 1746 693 40

473 761 636 813 Quodsi
669 760 882 802 dolentem
914 770 991 801 nec
1023 758 1233 816 Phrygius
1266 758 1372 814 lapis

391 908 444 939 39.
471 906 522 938 40,
555 905 682 937 triremi
709 905 846 943 Postque
870 902 1021 934 malebat
1050 900 1178 939 Bentl,
1214 908 1294 932 cum
1319 903 1347 931 et
1371 900 1573 931 omitterent
1596 901 1704 940 ipsius

351 956 518 992 Codices,
546 956 583 985 ut
608 954 717 985 nostri
740 954 805 984 BT.

305 1089 364 1125 qui
396 1092 483 1124 opus
520 1083 585 1113 hoc
623 1082 838 1113 immensum
868 1080 1001 1111 facien-

305 1134 390 1165 dum
415 1142 434 1163 a
459 1131 601 1162 domino
627 1131 699 1162 sive
728 1137 934 1170 possessore
960 1127 1000 1158 il-

306 1182 364 1214 lud
395 1181 530 1212 locante
572 1179 771 1211 conduxit.»
826 1177 875 1209 Cf.
913 1178 999 1217 Epp.

306 1232 342 1270 ⁶2,
370 1232 408 1268 ’2,
436 1231 488 1261 72.

352 1280 405 1311 36.
445 1277 668 1317 dominusque]
707 1277 795 1316 «qui
828 1276 930 1315 urget
953 1276 1004 1305 in-

307 1337 432 1360 sanum
457 1327 525 1358 hoc
551 1335 655 1366 opus;
698 1334 780 1356 eum
810 1324 899 1356 adeo
932 1326 1004 1355 tae-

307 1378 367 1409 det
398 1378 513 1408 terrae
547 1375 771 1412 continentis,
808 1376 846 1405 ut
875 1374 943 1404 iam
969 1374 1002 1404 in

307 1428 382 1467 ipso
408 1426 495 1456 mari
523 1424 681 1455 hahitare
706 1423 821 1455 velit.»
869 1424 1003 1454 Seneca

306 1477 369 1517 Ep.
389 1476 449 1507 89:
480 1475 664 1513 Ubicunque
689 1474 719 1504 in
738 1474 880 1512 aliquem
897 1472 1004 1502 sinum

307 1526 383 1556 litas
409 1523 617 1561 curvabitur,
641 1531 698 1553 vos
716 1521 903 1562 (luxuriosi)
927 1530 1007 1560 pro-

307 1575 394 1606 tinas
414 1573 630 1613 fundamenta
655 1571 780 1602 iacietis
803 1579 861 1602 aee
877 1573 1006 1601 eonten-

308 1624 332 1655 ti
355 1623 435 1661 solo,
460 1622 523 1652 nisi
541 1621 627 1660 quod
642 1629 746 1651 mana
760 1619 913 1660 feceritis,
935 1627 1007 1650 mar-

308 1673 363 1703 ria
386 1671 490 1712 agyetis
513 1671 686 1701 introrsus.

353 1719 502 1752 37—40.
540 1719 604 1750 Secl
642 1718 730 1758 cet.]
758 1718 1005 1757 «Quocunque

311 1772 430 1802 autem
459 1769 486 1800 is
517 1767 572 1799 vel
602 1767 646 1799 ab
672 1768 738 1798 hae
762 1766 1006 1798 aedificatione

309 1819 365 1851 vel
396 1818 461 1849 alio
492 1817 535 1848 ab
568 1817 707 1857 negotio
732 1824 811 1847 sese
837 1816 1008 1847 convertit

312 1868 355 1900 ad
380 1867 591 1899 oblivionem
609 1874 774 1897 curarum
797 1867 856 1896 aut
880 1873 1007 1896 novam

311 1916 530 1957 voluptatem
555 1914 809 1955 quaerendam,
840 1913 1011 1945 nihilomi-

313 1975 379 1998 nus
393 1974 474 1997 eum
485 1964 837 2004 comitanturpriores
848 1962 1012 1994 sollicitu-

315 2015 448 2047 dines.»
485 2013 642 2044 Eandem
658 2013 869 2043 sententiam
886 2012 1011 2043 iisdem

316 2064 389 2095 sere
412 2062 531 2094 verbis
560 2063 662 2102 poeta
694 2061 866 2101 expressit
890 2060 952 2092 Od.
978 2061 1009 2098 ἱ),

319 2113 372 2151 46,
389 2112 425 2143 ⁶211
445 2121 451 2141 2
478 2111 614 2141 Seandil
631 2113 765 2141 aeratas
779 2110 899 2140 'vitiosa
915 2118 1015 2140 ‘naves

318 2162 409 2193 Cura
434 2169 491 2191 nee
519 2163 647 2191 turmas
672 2160 817 2197 equitum
843 2159 1011 2197 relinquit.

319 2211 369 2243 Cf.
399 2211 536 2241 Lucret.
566 2210 602 2247 ’2,
633 2208 693 2240 46ῑ
720 2209 826 2239 Metus
847 2208 1014 2239 hominum

317 2268 482 2298 caraeque
505 2266 656 2297 sequaces
671 2274 714 2279 --
730 2265 832 2294 neque
853 2257 1015 2297 fulyorem

317 2311 511 2339 reverentur
529 2307 570 2337 ab
589 2315 673 2337 auro
692 2307 757 2336 Nee
777 2306 906 2336 clarum
921 2306 1016 2336 vestis

319 2357 522 2397 splendore-m
541 2357 738 2395 purpureas.
763 2372 798 2376 —
828 2355 945 2395 Timor]
972 2363 1014 2385 ne

321 2415 405 2438 casu
433 2404 584 2435 adverso
614 2403 667 2434 vel
694 2403 879 2434 immatura
904 2405 1016 2434 morte

322 2455 423 2486 bonis
451 2454 523 2485 suis
548 2452 702 2490 excidat,
729 2452 821 2483 unde
846 2454 1016 2493 perpetua

324 2503 480 2535 anxietas
497 2502 531 2533 et
547 2501 731 2541 trepidatio
751 2509 832 2531 eum
846 2502 958 2532 vexat.
980 2518 1015 2522 —

324 2551 446 2592 Minae]
488 2551 644 2581 internae
684 2551 828 2590 propter
866 2550 1018 2580 facinora

326 2600 527 2631 commissa.
556 2617 591 2621 —
617 2598 750 2638 aerata]
779 2607 888 2638 «quae
913 2598 1020 2629 habet

326 2651 479 2680 rostrum
493 2656 672 2679 aereum.»
694 2664 728 2669 —
752 2647 890 2687 triremi]
915 2646 1021 2678 Intel-

327 2697 391 2737 lige
407 2697 449 2727 de
464 2696 619 2737 qualibet
631 2704 754 2736 magna
770 2704 856 2727 nave
870 2696 1021 2727 hominis

329 2745 521 2786 locupletis.
571 2745 625 2775 sie
651 2746 687 2775 (1.
707 2744 805 2775 Verri
827 2744 1020 2775 Mamertini

1052 1079 1222 1110 donarant
1240 1087 1356 1109 navem
1372 1078 1529 1117 cybaeam
1544 1078 1744 1110 maximam.

1051 1129 1196 1159 triremis
1213 1129 1328 1160 instar.
1363 1128 1434 1158 Cic.
1453 1127 1552 1158 Verr.
1571 1128 1696 1157 Aecus.
1716 1127 1746 1163 5,

1054 1178 1105 1208 47.
1134 1178 1218 1217 Epp.
1239 1178 1269 1215 ll,
1290 1177 1320 1215 l,
1339 1176 1398 1207 93:
1422 1176 1523 1215 priva
1539 1175 1691 1206 triremis.
1714 1191 1747 1196 —

1054 1226 1162 1257 Carae
1191 1234 1364 1266 personae
1402 1226 1482 1256 sunt
1518 1225 1621 1255 etiam
1657 1224 1748 1263 virg.

1053 1276 1139 1305 Aen.
1159 1274 1195 1312 6,
1222 1273 1297 1305 274,
1325 1275 1360 1305 et
1384 1274 1524 1305 Horatio
1549 1273 1610 1304 Od.
1638 1273 1669 1309 2.
1698 1273 1750 1310 16,

1053 1332 1109 1354 vv.
1128 1323 1162 1353 -Μ
1183 1324 1217 1354 et.
1230 1323 1282 1353 02¹2.
1299 1323 1460 1354 Refertur
1472 1323 1623 1354 maxime
1639 1322 1682 1351 ad
1693 1322 1754 1352 ho-

1054 1373 1156 1403 minis
1174 1373 1268 1402 avari
1281 1374 1472 1412 perpetuas
1490 1371 1750 1403 sollicitudines.

1053 1422 1154 1452 Atrae
1177 1423 1315 1459 autem,
1354 1422 1375 1452 Ξ.
1401 1417 1432 1452 e.
1461 1422 1617 1455 «tristes,
1651 1420 1753 1451 fune-

1055 1473 1177 1509 stae»,
1206 1472 1375 1502 vocantur
1404 1472 1510 1502 etiam
1539 1470 1600 1501 Od.
1628 1469 1665 1508 3,
1694 1469 1752 1508 44,

1057 1520 1108 1551 113.
1135 1519 1172 1557 4,
1201 1520 1258 1558 11,
1285 1519 1337 1550 35.
1364 1520 1432 1550 Sat.
1460 1520 1496 1558 ⁵2,
1524 1519 1560 1556 7,
1589 1519 1640 1549 115.

1099 1587 1152 1620 44.
1188 1587 1323 1627 Quodsi]
1355 1587 1424 1618 Cfr.
1451 1587 1512 1619 Od.
1549 1590 1586 1627 4,
1624 1592 1659 1630 t,
1694 1592 1747 1623 35.

1058 1638 1138 1668 Post
1160 1636 1417 1677 praecedentes
1442 1635 1596 1678 γνώμας
1620 1641 1655 1671 et
1671 1641 1756 1672 ima-

1058 1686 1154 1726 gines
1184 1686 1384 1726 propositas
1417 1686 1460 1717 ad
1493 1690 1609 1720 semet
1639 1689 1755 1730 ipsum

1059 1745 1151 1767 nunc
1176 1744 1213 1767 se
1232 1736 1403 1766 convertit
1426 1737 1548 1776 poeta,
1575 1739 1613 1769 ut
1637 1739 1669 1769 in
1688 1739 1753 1769 hac

1058 1780 1282 1830 αὐταρκείᾳ,
1309 1793 1416 1824 quam
1442 1786 1622 1826 tantopere
1648 1796 1754 1828 prae—

1060 1834 1169 1873 dicat,
1207 1843 1245 1865 se
1282 1834 1478 1865 confirmet.
1515 1853 1550 1857 —
1585 1837 1754 1877 dolentem]

1062 1892 1227 1923 «aegrum
1259 1883 1366 1914 animi
1399 1886 1432 1914 et
1464 1883 1684 1916 sollicitum.»
1718 1903 1752 1907 -

1059 1933 1221 1973 Phrygyias
1247 1932 1341 1973 lapis]
1369 1933 1449 1963 «Est
1473 1941 1630 1964 marmor
1654 1935 1757 1965 Doci-

1062 1990 1207 2012 menum
1246 1982 1318 2013 sive
1358 1981 1614 2020 Synnada-um,
1654 1982 1756 2023 volgo

1056 2033 1291 2070 paonazzetlo,
1311 2031 1401 2061 inter
1416 2030 1615 2070 pulchriora
1630 2033 1664 2062 et
1679 2040 1759 2072 pre-

1064 2080 1221 2118 tiosiora,
1254 2088 1297 2110 ex
1329 2088 1398 2119 quo
1423 2080 1633 2119 praesertim
1661 2080 1759 2112 eolu-

1064 2138 1167 2160 nmae
1193 2128 1340 2166 fiebant,
1368 2127 1490 2168 quales
1507 2130 1585 2159 sunt
1605 2129 1758 2169 peraltae

1065 2178 1140 2210 illae
1166 2178 1198 2208 in
1216 2177 1370 2208 Pantheo
1388 2178 1429 2208 M.
1448 2178 1656 2217 Agrippae.»
1679 2179 1757 2210 FEA.

1065 2228 1202 2260 Poetice
1228 2226 1439 2258 describitur
1459 2235 1476 2256 a
1495 2227 1600 2257 Statio
1626 2226 1704 2258 Silv.
1726 2229 1756 2266 «t,

1065 2278 1083 2308 5
1098 2302 1104 2315 ,
1120 2276 1171 2307 36.
1199 2276 1230 2307 in
1248 2275 1382 2306 balneis
1401 2275 1552 2306 Etrusci:
1580 2275 1659 2306 Sola
1682 2276 1761 2307 vitel

1063 2326 1160 2367 flavis
1181 2325 1370 2356 Nomadum
1394 2324 1501 2354 decisa
1524 2325 1664 2355 metallis
1677 2326 1762 2356 Pur—

1061 2383 1169 2415 pura,
1217 2373 1287 2403 sola
1329 2382 1410 2403 cavo
1457 2373 1619 2413 Phrygyiae
1660 2381 1760 2411 qaam

1066 2424 1240 2463 Synnados
1263 2426 1360 2453 anlro
1382 2423 1451 2461 Ipse
1478 2422 1662 2452 cruentavit
1690 2431 1762 2453 ma-

1067 2474 1148 2505 culis
1171 2471 1348 2503 lacentibus
1376 2471 1467 2502 Altis.
1510 2470 1757 2502 Pseudotibull.

1069 2524 1106 2561 3,
1141 2522 1179 2559 3,
1214 2521 1272 2552 slss:
1315 2521 1436 2559 Quidve
1479 2521 1592 2550 domas
1629 2521 1762 2558 procles!

1067 2571 1217 2611 Phryyiis
1250 2570 1371 2600 innixa
1400 2567 1583 2599 columnis?
1617 2568 1759 2599 Martial.

1071 2622 1107 2657 6,
1138 2620 1195 2657 42,
1231 2619 1282 2649 413.

1116 2694 1168 2726 42.
1196 2693 1248 2725 43.
1284 2693 1389 2724 sidere
1416 2692 1550 2732 clarior]
1583 2692 1638 2723 Sic
1662 2692 1762 2723 Silius

1076 2744 1108 2777 2,
1142 2743 1209 2772 167.
1238 2742 1280 2772 de
1310 2750 1483 2782 purpura:
1521 2741 1684 2771 radiantis
1715 2744 1763 2771 le-
