1997 3219
330 198 408 239 '22⁰
842 199 1007 230 llORATll
1034 198 1254 229 CARMINUM

667 304 835 354 Quaere
869 301 1022 343 modos
1054 300 1214 343 leviore
1246 300 1418 356 plecti-o.
1711 300 1762 340 4-0

329 422 430 460 igitur
459 422 597 452 antrum
622 421 748 451 veneri
780 420 950 458 dicatum,
988 421 1021 451 in
1118 419 1170 452 40.
1219 421 1337 451 leviore
1370 420 1506 460 plectro]
1547 419 1644 450 Oxid.
1682 420 1761 450 Mei.

329 470 422 511 quod
448 471 604 509 ingresso
629 471 754 510 poetae
780 469 823 501 de
840 469 1022 501 amoribus
1075 470 1134 506 40,
1177 469 1260 500 45οε
1307 469 1413 500 (faciut
1447 469 1573 508 plectro
1610 469 1766 509 graviore

330 520 589 557 tantummodo,
629 529 697 550 non
721 519 764 551 de
790 518 897 567 relius
922 518 1023 559 lugu-
1075 519 1235 558 (hyantas
1253 537 1269 541 -
1292 536 1320 548 —l
1352 520 1445 549 Nunc
1470 528 1549 557 opus
1572 522 1617 549 es!
1648 518 1766 549 leviore

330 569 451 602 lii-ihus
476 578 603 601 cauere
628 568 718 601 licet.
1073 568 1158 606 lyra.

808 840 1288 877 Excunsus

966 954 1015 984 An
1040 953 1078 983 C.
1104 954 1127 983 1.

378 1041 539 1072 Horatius
571 1048 653 1071 cum
683 1039 825 1071 Pollioni
857 1038 1033 1080 permulta
1065 1038 1214 1070 deberet
1239 1039 1311 1079 (ct'r.
1340 1040 1406 1070 Sat.
1436 1039 1471 1076 4,
1500 1040 1556 1074 40,
1583 1039 1662 1079 85),
1690 1047 1770 1069 con—

335 1098 543 1129 sentaneum
561 1097 646 1134 erat⁷
673 1096 710 1125 ut
726 1094 835 1135 lyrico
854 1095 959 1126 etiam
977 1095 1131 1126 carmine
1149 1095 1223 1126 eius
1240 1094 1362 1126 laudes
1380 1094 1609 1135 praedicaret.
1640 1093 1770 1125 Nihilo-

335 1152 449 1183 minus
473 1160 555 1183 cum
579 1150 634 1182 ille
660 1150 865 1182 iamdudum
890 1149 1115 1196 refrigeratus
1143 1153 1236 1182 esset
1263 1150 1306 1182 ab
1336 1151 1542 1189 Octaviano,
1579 1150 1673 1181 haud
1696 1150 1773 1181 inti-

335 1216 413 1239 mus
437 1208 471 1238 in
496 1207 570 1239 eius
595 1207 745 1237 amicitia
768 1205 908 1237 videtur
940 1205 1045 1237 fuisse
1069 1207 1190 1246 pocta⁷
1223 1206 1286 1238 sed
1311 1206 1437 1237 eodem
1461 1206 1533 1237 fere
1559 1214 1686 1246 genere
1713 1214 1773 1237 ne-

336 1262 555 1294 cessitudinis
573 1270 674 1301 usus,
702 1270 792 1301 quae
810 1262 840 1292 ei
858 1259 1100 1292 intercedebat
1116 1269 1198 1292 cum
1215 1261 1367 1293 Munatio
1385 1260 1524 1300 Planco,
1551 1270 1632 1292 cum
1649 1260 1769 1297 Dellio,

335 1328 417 1350 cum
441 1318 587 1350 Salustio
613 1318 737 1357 Crispo
762 1317 915 1354 minore,
943 1324 1025 1347 cum
1048 1316 1123 1356 ipso
1140 1317 1182 1348 Μ,
1203 1317 1371 1358 Agrippa,
1399 1315 1526 1356 quibus
1546 1316 1688 1357 singulis
1705 1318 1774 1348 sin-

336 1374 413 1414 gula
438 1374 618 1405 dumtaxat
639 1371 735 1414 μέλη
760 1372 946 1412 inscripsit.
997 1371 1176 1411 (Messalae
1209 1371 1323 1403 obiter
1352 1374 1488 1404 tantum
1519 1373 1676 1404 meminit
1707 1372 1769 1403 Od.

338 1430 376 1467 3,
404 1430 440 1460 ⁶24
460 1455 465 1468 ,
492 1430 510 1460 7
537 1438 614 1469 sqq.
643 1430 711 1459 Sat.
733 1429 767 1466 4,
795 1428 831 1466 6,
858 1427 910 1459 42.
931 1429 965 1458 et
989 1428 1046 1465 40,
1073 1428 1125 1459 85.
1151 1429 1189 1458 A.
1210 1429 1245 1459 P.
1265 1428 1352 1468 374.)
1379 1430 1539 1459 Attamen
1557 1429 1644 1468 grati
1668 1428 1773 1460 animi

337 1485 461 1526 plenus
485 1494 565 1516 eam
589 1485 812 1516 occasionem
836 1482 997 1515 Pollionis
1020 1482 1186 1514 laudandi
1210 1484 1335 1521 sumit,
1370 1492 1476 1523 quam
1501 1483 1672 1515 offerebat
1695 1482 1774 1515 bel-

336 1540 449 1572 lorum
485 1540 636 1571 civilium
671 1539 812 1571 historia
847 1538 890 1570 ab
927 1548 968 1570 eo
1005 1539 1199 1579 composita
1235 1537 1290 1569 vel
1324 1539 1393 1570 iani
1428 1539 1572 1570 recitata
1604 1538 1659 1570 vel
1693 1548 1773 1570 mox

338 1595 487 1627 edenda.
537 1594 705 1635 Singulari
736 1596 855 1626 autem
887 1596 961 1626 arte
993 1602 1136 1626 omnem
1167 1594 1344 1625 Octaviani
1376 1595 1592 1626 mentionem
1625 1595 1771 1631 dex-itam

338 1652 451 1682 neutri
477 1652 570 1682 enim
594 1652 689 1691 grata
714 1659 771 1682 res
797 1660 875 1682 esse
900 1651 1054 1691 poterat,
1089 1650 1117 1681 si
1141 1649 1375 1690 qualicunque
1401 1650 1506 1681 modo
1530 1651 1564 1681 in
1588 1649 1645 1682 tali
1670 1659 1775 1690 prae-

339 1708 438 1738 conio
463 1716 500 1737 Se
526 1707 729 1738 coniunctos
753 1706 933 1737 vidissent.
982 1706 1154 1746 Scriptum
1181 1706 1319 1737 videt-ur
1343 1715 1486 1737 carmen
1511 1706 1602 1737 circa
1627 1716 1657 1737 a*
1685 1715 1717 1737 u.
1741 1716 1770 1737 c.

339 1761 521 1794 724—727‘
551 1780 586 1784 —
624 1762 651 1793 ἶ.
678 1762 816 1793 Asinius
841 1762 902 1793 Cn.
930 1762 964 1792 F.
991 1760 1096 1792 Pollio
1122 1762 1223 1793 natus
1249 1770 1278 1792 a.
1307 1761 1380 1792 679.
1408 1762 1507 1792 XXII.
1535 1762 1658 1793 aetatis
1683 1771 1774 1793 anno

340 1817 518 1849 accusavit
542 1818 579 1848 C.
600 1818 786 1854 Catonem,
820 1817 887 1847 iam
918 1816 1125 1848 adolescens
1149 1817 1297 1856 leporum
1320 1817 1469 1848 Disertus
1486 1826 1573 1856 puer
1596 1827 1636 1848 ac
1657 1818 1775 1858 faceci-

340 1882 455 1907 arum.
483 1871 604 1903 Catull.
626 1872 686 1910 42,
712 1872 757 1909 8.;
785 1880 865 1903 mox
889 1871 1048 1903 militavit
1071 1871 1136 1903 sub
1158 1873 1307 1903 Caesare
1333 1873 1365 1903 in
1381 1872 1495 1904 Galliis
1520 1874 1554 1904 et
1576 1882 1640 1913 pcr
1663 1874 1775 1904 totum

343 1928 473 1960 bellum
498 1926 613 1965 civile3
640 1936 670 1958 a.
698 1928 771 1958 708.
798 1928 941 1967 praetor
965 1927 1075 1959 factus
1100 1929 1170 1965 est3
1198 1927 1358 1967 deposito
1385 1929 1587 1967 magistratu
1604 1928 1774 1959 adversus

342 1985 486 2015 Sextum
510 1983 716 2023 Pompeium
740 1981 873 2014 bellum
897 1983 1004 2022 gessit
1026 1984 1060 2014 in
1077 1983 1240 2023 IIispania
1257 1982 1437 2021 ulteriore,
1466 1984 1519 2014 cui
1537 1992 1618 2014 eum
1635 1984 1775 2024 praefe-

343 2041 440 2071 cerat
464 2040 608 2076 Caesam
647 2047 688 2069 ex
718 2047 787 2078 qua
819 2038 997 2079 provincia
1021 2040 1101 2079 post
1125 2039 1284 2070 Caesaris
1308 2039 1485 2069 interitum
1509 2040 1581 2069 tres
1605 2039 1648 2069 ad
1675 2039 1775 2070 (lice—

344 2104 466 2126 ronem
497 2095 591 2126 misit
620 2093 783 2134 epistolas
810 2093 872 2135 (ad
902 2094 995 2125 Fam.
1023 2094 1079 2132 40,
1107 2094 1286 2133 3’1-33,),
1314 2094 1347 2125 in
1372 2093 1500 2134 quibus
1524 2094 1588 2126 etsi
1613 2103 1717 2126 suum
1741 2095 1775 2126 in

343 2159 454 2191 remp.
481 2150 635 2181 studium
659 2149 899 2189 libertatisque
925 2149 1167 2180 defendendae
1200 2148 1415 2180 voluntatem
1448 2149 1598 2181 ostendit
1629 2150 1701 2190 (Ep.
1720 2150 1773 2181 30l:

342 2207 410 2243 Iba,
447 2207 474 2236 si
497 2207 531 2237 id
554 2206 684 2246 agitur,
720 2209 756 2236 ut
785 2214 903 2236 rursus
931 2205 965 2236 in
984 2208 1145 2244 potestate
1171 2205 1283 2235 onmia
1304 2205 1402 2236 unius
1424 2206 1505 2243 sint,
1543 2206 1728 2244 quicwzqae
1751 2206 1777 2236 is

344 2266 405 2300 est,
432 2262 460 2293 ei
481 2270 533 2292 me
551 2263 710 2302 profiteor
732 2260 941 2302 inimicum),
968 2262 1085 2292 tamen
1109 2269 1146 2291 re
1171 2269 1255 2291 vcra
1279 2261 1401 2291 firmus
1425 2261 1602 2301 proposito
1628 2260 1722 2301 (Veli.
1741 2261 1773 2300 ⁶2,

344 2317 410 2357 63.)
436 2319 471 2347 ct
499 2316 635 2347 Iulianis
659 2315 817 2357 partibus
843 2316 950 2354 fidus,
984 2316 1204 2356 Pompeianis
1228 2316 1398 2347 adversus
1424 2315 1485 2347 fuit
1508 2317 1543 2346 et.
1566 2325 1687 2347 mense
1713 2318 1776 2348 Sc-

346 2372 496 2413 ptembri
521 2381 551 2402 a.
580 2372 653 2402 744.
681 2380 763 2403 cum
791 2372 939 2402 Antonio
973 2372 1174 2412 Lepidoque.
1199 2380 1237 2402 se
1263 2372 1448 2403 coniunxit.
1496 2373 1523 2403 A
1547 2381 1617 2412 quo
1642 2373 1675 2403 in
1698 2371 1776 2403 Gal-

347 2428 428 2459 liam
461 2427 671 2467 Cisalpinam
702 2427 830 2458 missus
859 2427 949 2458 hanc
980 2427 1013 2458 in
1046 2428 1119 2458 eius
1151 2427 1219 2458 tide
1253 2428 1420 2459 continuit
1442 2427 1487 2458 ad
1511 2436 1640 2459 annum
1664 2436 1775 2467 usque

346 2482 434 2520 Ἠῶ,
462 2491 530 2522 quo
563 2481 683 2514 consul
713 2484 851 2514 creatus
877 2484 939 2514 est.
990 2483 1123 2515 Deinde
1148 2492 1165 2513 a
1191 2484 1233 2515 M.
1260 2484 1407 2514 Antonio
1436 2472 1557 2514 contra
1581 2483 1774 2520 Parthinos,

348 2538 473 2579 lllyrici
497 2538 664 2579 populum
696 2539 787 2570 circa
814 2538 1087 2577 Dyrrhachium,
1122 2539 1269 2576 missus,
1302 2549 1331 2570 a.
1360 2539 1432 2570 715.
1460 2538 1530 2570 Kal.
1557 2540 1640 2570 Nov.
1669 2538 1712 2569 de
1738 2539 1776 2569 iis

349 2595 565 2634 triumphum
595 2594 662 2633 egit
688 2594 767 2633 (Dio
798 2593 855 2631 48,
887 2593 939 2625 44.
966 2594 1057 2634 virg.
1084 2594 1153 2626 Ecl.
1181 2595 1230 2634 8.)
1259 2597 1362 2635 atque
1393 2604 1411 2625 c
1442 2594 1613 2625 manubiis
1642 2594 1776 2634 primus

349 2649 598 2681 bibliothecam
623 2649 798 2690 publicam
824 2650 952 2681 Romae
979 2650 1115 2681 dicavit.
1144 2650 1237 2689 (Plin.
1257 2651 1293 2687 7,
1320 2650 1349 2681 3.
1375 2652 1409 2681 et
1430 2650 1488 2687 35,
1515 2650 1558 2689 Ξ.)
1577 2650 1775 2689 Insequenti

351 2706 508 2745 temporo
534 2705 576 2736 ab
602 2706 799 2742 OctaxianO,
827 2707 861 2736 ut
880 2715 1001 2736 secum
1020 2708 1138 2737 conti-a
1158 2706 1341 2737 Antonium
1361 2707 1391 2736 in
1409 2704 1578 2746 proelium
1596 2706 1775 2736 Actiacum

350 2761 647 2802 proficisceretur.
682 2763 838 2802 rogatus,
874 2762 1018 2799 «Mea»,
1051 2763 1177 2801 inquit,
1207 2763 1263 2792 «in
1291 2762 1474 2793 Antonium
1499 2761 1627 2792 maiora
1654 2761 1774 2792 merita
