1997 3219
247 169 328 209 316

416 275 460 315 in
491 275 585 316 sinu
617 275 757 317 serens
789 275 895 317 deos

760 173 928 205 nonATn
955 174 1177 207 CARMINUM
1196 164 1202 169 “

471 355 520 396 Et
550 369 657 397 uxor
688 361 729 397 et
758 355 822 396 vir
852 356 1138 413 sordidosque
1170 363 1303 399 natos.

414 458 534 501 Nulla
567 459 722 501 certior
751 466 892 502 tamen

468 539 648 595 Rapacis
680 540 781 582 Orci
812 540 894 583 fine
926 540 1134 584 destinata
1631 546 1684 585 :30

410 619 515 661 Aula
548 619 723 663 divitem
752 628 896 667 manet

326 744 378 774 ⁶28.
399 752 460 782 que
477 752 546 774 om.
566 745 602 775 T.
625 762 660 766 —-
676 745 728 776 30.
745 746 884 784 Capacis
900 746 1044 778 Bentleii
1061 747 1224 787 suspicio.
1244 766 1277 770 —
1291 749 1355 788 fine
1372 748 1530 789 BhSTcd,
1551 753 1636 782 Pott.

283 801 419 831 omnes⁷
446 793 556 824 LCtF:
583 794 655 824 sede
679 803 720 825 ex
744 792 765 824 ὃ
790 796 824 825 et
847 794 959 826 tribus
985 795 1127 835 Cruquii
1154 795 1233 835 (non
1256 796 1395 835 Bland.)
1414 798 1522 830 Bentl.
1550 801 1592 832 M.

238 897 338 928 vicini
362 898 537 937 caespitem
560 901 671 929 nostro
687 899 754 929 solo
771 899 934 937 ordimur,

236 949 272 977 ut
295 947 351 984 qm·
375 947 530 978 latissime
552 957 638 978 rura
664 951 806 979 metatus
835 949 935 988 fuerit

235 996 390 1035 ultraque
425 996 553 1036 famam
591 998 738 1037 weyeric
781 998 932 1035 accolas,

235 1048 337 1082 quota
382 1049 551 1077 terrarum
602 1050 702 1086 parte
758 1046 935 1087 gaudeat?

235 1094 442 1135 Exemplum
459 1095 617 1136 perbene
636 1097 816 1127 narratum
833 1106 935 1137 prae-

236 1143 297 1175 bet
331 1143 497 1184 Apuleius
532 1146 611 1177 Met.
651 1145 689 1183 9,
722 1146 774 1177 35.
824 1147 930 1186 Quid7

239 1193 335 1233 quod
370 1194 438 1224 iam
474 1193 656 1226 Hebraeus
692 1195 844 1235 scriptor
883 1197 932 1227 sic

233 1242 278 1273 de
315 1251 356 1273 eo
393 1242 546 1274 facinore
582 1242 718 1275 Iocutus
754 1246 808 1275 est
846 1246 931 1276 Pro-

232 1291 330 1323 verb.
359 1292 418 1330 ¹23,
447 1292 509 1323 40:
549 1293 598 1323 Ne
627 1294 773 1333 attinyas
798 1303 931 1333 parvu—

232 1341 341 1372 lorum
376 1342 532 1373 terminos
564 1346 594 1373 et
628 1352 749 1383 aarum
781 1345 930 1384 pupillo-

232 1400 308 1422 rum
341 1400 382 1422 ne
415 1392 578 1429 introeas‚·
612 1393 822 1432 propinquus
844 1394 930 1425 enim

236 1441 368 1472 illorum
400 1442 497 1481 fortis
530 1446 575 1473 est
609 1446 639 1473 cl
672 1443 739 1482 ipse
771 1443 931 1474 indicabit

231 1493 348 1521 contra
372 1494 402 1521 te
424 1499 562 1522 cansam
586 1492 729 1523 illorum.

274 1540 326 1570 27.
364 1541 416 1571 ⁶28.
458 1541 494 1571 In
517 1541 606 1581 sinu]
639 1542 744 1572 Tacit.
770 1542 858 1573 Ann.
888 1542 925 1579 11,

230 1589 293 1621 40:
335 1590 503 1621 Incedebat
533 1591 680 1631 profuga
714 1592 805 1622 ducis
838 1600 928 1622 uxor

224 1640 406 1678 parvulum
421 1640 493 1670 sinze
507 1640 614 1680 filium
629 1649 756 1681 yercns.
789 1659 823 1662 —
853 1650 927 1671 sor-

228 1689 383 1728 didosque
408 1690 513 1730 natos]
549 1698 780 1730 «pannosos»
813 1690 923 1721 Voss:

229 1739 295 1768 die
318 1738 492 1769 naclacn
515 1739 720 1769 Kindlein.
769 1739 845 1770 Von
863 1739 926 1770 der

226 1787 390 1818 Decken:
427 1788 492 1818 die
516 1788 922 1819 bleichenKindlein.

227 1835 404 1875 Gargano:
432 1837 442 1866 i
464 1837 535 1877 fiqli
558 1838 684 1877 Ἰἰῃηιιᾰὶ.
733 1838 847 1869 Ausus
873 1839 927 1869 est

227 1886 359 1916 Garve:
386 1886 684 1917 scnmntzvolle
714 1887 921 1917 Kindlein·

224 1934 337 1966 Minus
375 1943 481 1974 quam
518 1944 581 1967 nos
617 1937 652 1967 in
684 1936 750 1967 hac
774 1937 925 1975 imagine

226 1983 454 2015 offendebant
478 1985 632 2025 antiqui,
674 1986 732 2025 qui
757 1985 925 2025 frequen-

226 2034 279 2063 ter
302 2043 381 2065 reos
407 2034 603 2065 sordidatos
620 2034 797 2065 videbant.
825 2035 921 2066 ovid.

223 2083 300 2113 Am.
330 2084 365 2121 4,
392 2083 428 2122 8,
456 2084 513 2114 39:
541 2084 730 2115 immundae
749 2102 784 2106 —
803 2102 839 2106 —
858 2086 925 2116 Sa-

223 2132 329 2163 binae.

265 2181 419 2213 29—32.
467 2182 569 2213 Nulla
613 2182 752 2223 certior]
805 2184 922 2221 «Quid

222 2230 372 2269 migrare
389 2230 520 2263 moliris
537 2233 681 2263 naturae
702 2231 788 2262 fines
806 2231 921 2272 leges-

222 2287 290 2318 que
326 2279 574 2312 mortalitatis‘?
624 2282 690 2311 Pro
727 2282 823 2312 certo
860 2281 920 2312 tibi

220 2328 444 2360 moriendum
462 2331 549 2360 est.»
576 2330 675 2361 Hunc
692 2329 808 2361 locum
826 2339 921 2362 com-

220 2385 366 2409 munem
399 2379 434 2408 et
464 2378 674 2418 imaginibus
699 2380 733 2410 et
757 2380 920 2411 constru-

221 2426 333 2457 ctione
369 2426 546 2466 aliquanto
582 2427 775 2459 difficiliore
804 2429 913 2469 poeti-

219 2485 299 2508 cum
313 2477 475 2509 reddidit.
492 2496 527 2500 —
547 2478 697 2519 Rapacis]
715 2477 914 2510 Callimach.

219 2526 280 2566 Ep.
317 2527 353 2564 2,
389 2527 428 2558 6:
463 2523 582 2569 Ἀΐδης
615 2523 828 2572 ἁρπακτήρ.
876 2529 917 2560 Et

220 2584 299 2606 cum
326 2577 435 2608 Orcus
460 2577 495 2608 h.
522 2576 543 2608 l.
583 2577 746 2617 (maxime
771 2579 916 2618 propter

218 2633 249 2655 ν.
277 2625 343 2664 36.)
376 2634 550 2666 personae
583 2627 697 2658 vicem
732 2627 912 2665 sustineat,

219 2672 343 2705 melior
381 2676 502 2715 utique
551 2677 605 2707 est
650 2675 760 2707 Codd.
811 2675 913 2708 lectio

219 2731 324 2762 quam
364 2723 506 2756 Bentleii
555 2725 708 2766 suspicio
756 2726 909 2765 capacis,

986 899 1081 938 quod
1106 899 1194 930 Orco
1219 901 1404 939 convenit,
1432 905 1606 942 quatenus
1630 905 1681 937 lo-

985 956 1065 979 cum
1091 949 1281 988 significat,
1323 952 1360 980 ut
1383 951 1456 982 Tib.
1485 953 1523 991 4,
1550 954 1588 992 3,
1615 955 1678 985 65:

984 1006 1098 1036 rapam
1120 1007 1230 1037 mors,
1270 1001 1389 1030 contra
1415 1001 1512 1032 Ovid.
1538 1004 1618 1034 Met.
1647 1003 1677 1040 -i,

983 1046 1058 1078 439.
1087 1048 1121 1078 et
1145 1048 1223 1079 Sen.
1252 1049 1352 1080 Herc.
1383 1050 1445 1081 fur.
1473 1051 1555 1082 661:
1595 1053 1679 1084 Ditis

981 1105 1121 1136 reanum
1155 1107 1278 1137 capax.
1322 1117 1356 1120 ——
1402 1100 1485 1140 stne]
1527 1101 1679 1133 Firmant

982 1146 1072 1177 hanc
1097 1146 1178 1180 lect.
1198 1147 1308 1179 Codd.
1329 1149 1397 1180 mei
1416 1159 1497 1181 cum
1515 1151 1678 1183 omnibns

981 1196 1146 1227 Pottierii.
1194 1197 1374 1229 Vocabulo
1409 1199 1582 1240 explicatu
1618 1201 1680 1232 dis-

981 1244 1113 1276 ficiliori
1131 1245 1284 1278 nonnulli
1299 1247 1555 1280 substituerunt
1572 1249 1675 1289 gloss.

978 1295 1059 1326 sede.
1081 1295 1149 1326 Sed
1162 1297 1238 1336 finis
1250 1297 1284 1327 h.
1304 1296 1324 1327 l.
1341 1299 1395 1329 est
1408 1300 1546 1329 «certus
1562 1300 1679 1330 termi—

980 1353 1061 1382 nus,
1082 1353 1188 1385 quem
1207 1346 1315 1377 Orcus
1341 1348 1459 1378 statuit
1475 1348 1676 1379 hominibus

979 1392 1158 1433 rebusque
1195 1395 1357 1426 humanis
1393 1405 1496 1428 suum
1533 1397 1674 1428 tandem

977 1441 1012 1472 in
1036 1451 1182 1482 regnum
1200 1444 1474 1476 recidentibus.»
1512 1447 1601 1477 Finis
1617 1456 1677 1477 au—

977 1491 1049 1521 tem
1076 1491 1130 1522 hic
1156 1493 1312 1531 destinat,
1340 1494 1517 1534 designat,
1545 1496 1677 1527 descri-

976 1539 1027 1570 bit
1043 1539 1150 1572 limite
1169 1541 1426 1584 (umssrc'inzt)
1445 1546 1520 1575 Orci
1538 1545 1672 1583 aulanu

976 1589 1011 1619 id
1048 1591 1117 1629 est,
1166 1592 1265 1622 «Orci
1301 1592 1377 1623 aula
1413 1595 1527 1625 certos
1567 1594 1675 1626 habet

976 1637 1121 1677 limites,
1160 1640 1248 1671 intra
1276 1650 1364 1682 quos
1389 1642 1448 1673 uhi
1473 1643 1583 1675 semel
1616 1644 1673 1675 fati

974 1685 1050 1727 lege
1075 1690 1322 1729 pervenimus,
1362 1692 1462 1723 nobis
1486 1693 1519 1724 in
1543 1702 1673 1733 perpe-

976 1737 1073 1767 tuum
1092 1739 1309 1770 manendum
1327 1742 1414 1771 est.»
1436 1759 1470 1762 —
1497 1743 1669 1783 destinata]

976 1785 1080 1817 ablat.
1097 1790 1366 1828 comparationis
1380 1791 1576 1831 iungendus
1590 1801 1671 1823 cum

975 1836 1170 1877 supplenda
1188 1846 1274 1869 voce
1295 1840 1393 1878 anm,
1422 1849 1489 1871 non
1511 1850 1592 1872 cum
1606 1842 1671 1882 fine

976 1886 1079 1926 (quod
1103 1895 1180 1917 voc.
1201 1887 1310 1919 semel
1336 1888 1517 1920 dumtaxat
1540 1899 1669 1929 genere

975 1935 1056 1966 seni.
1084 1937 1265 1977 usurpavit
1291 1938 1451 1970 Horatius
1475 1940 1584 1979 Epod.
1615 1941 1666 1978 ¹¹7,

975 1985 1015 2016 36
1032 1995 1037 2016 z
1066 1986 1156 2024 Quae
1170 1986 1274 2026 finis?
1298 1988 1335 2017 ut
1358 1988 1474 2019 statim
1492 1989 1670 2029 accipere-

975 2035 1031 2064 tur
1066 2035 1100 2066 τί
1133 2033 1262 2075 τέλος,
1300 2045 1367 2067 non
1399 2037 1452 2076 τίς
1483 2035 1665 2078 σκοπός);

973 2092 1090 2124 neque
1123 2083 1229 2115 ullam
1260 2086 1505 2118 auctoritatem
1536 2087 1669 2119 habent

973 2133 1042 2165 duo
1069 2135 1156 2165 Feae
1175 2135 1284 2166 Codd.
1311 2136 1471 2167 destinato
1496 2136 1668 2168 exhiben-

972 2184 1035 2214 tes.
1072 2183 1248 2215 Destinare
1265 2187 1383 2216 autem
1407 2186 1440 2216 h.
1459 2184 1480 2217 l.
1499 2185 1666 2217 limitibus

971 2233 1283 2273 circumscribere,
1320 2236 1358 2265 ut
1373 2235 1464 2275 Virg.
1485 2235 1558 2267 Cul.
1579 2236 1662 2267 389:

969 2282 1077 2313 locum
1103 2283 1192 2322 capit
1215 2284 1378 2324 impiger:
1402 2285 1487 2316 hunc
1513 2288 1542 2316 et
1557 2286 1591 2316 in
1607 2294 1664 2316 or—

969 2331 1038 2362 bem
1070 2333 1231 2364 Destinat.
1272 2351 1307 2356 —
1344 2334 1447 2374 Anla]
1495 2335 1663 2374 «quaevis

968 2380 1072 2412 sedes
1095 2381 1251 2422 ampla‚»
1278 2384 1358 2423 apte
1384 2384 1488 2414 etiam
1513 2383 1556 2414 de
1581 2383 1665 2414 inse—

968 2438 1088 2461 rorum
1112 2431 1210 2462 sede.
1237 2432 1354 2472 Eurip.
1375 2431 1446 2464 Alc.
1466 2427 1661 2474 2593212151.

965 2480 1015 2520 μέ
1044 2489 1100 2519 τις
1123 2498 1141 2503 -
1164 2499 1182 2503 -
1216 2479 1358 2512 νεκύων
1389 2481 1428 2521 ἐς
1452 2477 1583 2513 αὗλάν.
1623 2499 1657 2504 -—

965 2530 1094 2570 herum]
1133 2532 1207 2569 «tc,
1244 2530 1435 2562 multorum
1466 2531 1660 2571 mancipio-

965 2587 1043 2610 rum
1061 2579 1243 2611 dominum
1257 2578 1604 2620 locupletissimum.»
1624 2599 1655 2601 —

964 2628 1036 2659 Iam
1049 2628 1232 2661 videamus
1245 2629 1561 2661 constructionem:
1579 2629 1661 2659 Nal-

962 2677 997 2708 la
1019 2678 1101 2709 aula
1123 2679 1244 2709 certior
1265 2681 1375 2709 manet
1397 2679 1512 2709 herum
1528 2678 1659 2709 divitem

961 2725 1039 2758 aula
1060 2727 1223 2759 destinata
1247 2728 1363 2768 (quam
1380 2726 1457 2759 aula
1475 2727 1655 2767 destinata)
