1997 3219
699 219 775 249 Ltss.
803 219 856 249 111.
905 219 942 249 (ι.
968 218 1081 250 xxiv.
1552 216 1631 256 475

363 319 538 376 Aequali
572 328 736 362 recreat
766 327 881 362 sorte
914 315 1126 364 vicarius.⁴

306 423 391 467 lltic
422 431 555 466 matre
587 424 830 467 carentibus

361 504 570 560 privignis
601 504 753 547 mulier
785 512 992 561 temperat
1022 505 1245 553 innocens,

304 585 391 627 Nec
420 584 562 627 dotata
593 585 700 642 regit
729 585 865 627 virum

358 665 520 707 Coniux
552 679 630 708 nec
660 665 791 708 nitido
822 665 913 708 fidit
945 665 1150 708 adultero.
1576 667 1629 707 20

277 814 328 845 19.
356 815 478 845 dodata
503 815 538 845 T.
569 831 603 836 —
631 815 683 846 ΞΟ.
711 815 864 846 Conimw
886 815 949 846 BT.

187 959 248 990 que
277 951 347 981 ittos
370 951 473 982 alunt.
520 951 562 982 Hi
595 960 710 982 rursus
743 951 882 982 invicem
932 951 1152 991 Boettigero:
1182 960 1321 992 «quem,
1340 951 1400 983 ubi
1417 961 1528 984 annus
1545 961 1629 984 suus

187 1008 276 1031 anno
296 1003 370 1039 post
396 1001 427 1030 in
452 1000 557 1031 armis
584 1003 681 1037 sunt,·
716 1000 764 1031 illi
795 1000 882 1031 domi
931 1000 1132 1041 praeteriit,
1163 1008 1276 1041 aequa
1300 1009 1424 1034 rursus
1447 1009 1526 1033 sors
1550 1001 1630 1042 qui-

186 1053 365 1080 remanent.
424 1049 479 1080 Sic
523 1058 627 1088 neque
670 1050 882 1090 agricultura
933 1050 1078 1081 est-endi
1102 1052 1256 1082 manet.»

186 1107 243 1129 nec
265 1099 353 1129 ratio
376 1102 474 1137 atque
496 1107 574 1129 usus
597 1099 668 1130 belli
692 1099 882 1130 intermitti·
976 1099 1028 1131 48.
1054 1100 1218 1140 P1·ivi9nis
1232 1117 1251 1122 -
1267 1099 1437 1141 temperat]
1457 1107 1628 1131 «noverca

185 1152 250 1178 tur.
298 1148 362 1179 Sed
392 1148 519 1187 privati
552 1156 592 1179 ac
626 1149 772 1188 separati
805 1149 882 1189 agri
932 1149 1044 1189 parcit
1057 1149 1241 1189 privignis,
1268 1148 1422 1181 abstinet
1437 1149 1480 1180 ab
1500 1149 1539 1181 iis
1557 1158 1630 1180 ma-

185 1198 274 1237 apud
307 1206 361 1228 cos
396 1197 476 1228 nihil
509 1201 576 1234 est‚·
620 1205 724 1236 neque
753 1198 882 1238 longius
931 1206 1019 1235 nus;
1055 1206 1144 1236 non,
1181 1199 1220 1229 ut
1243 1197 1337 1239 apud
1360 1207 1448 1237 nos,
1482 1198 1627 1229 insidias

184 1256 272 1278 αιιιιο
290 1255 459 1278 remanere
484 1256 547 1277 nno
571 1247 602 1277 in
628 1246 698 1277 Ioco
722 1246 882 1278 incolendi
932 1246 982 1277 eis
999 1240 1134 1278 struit.'»
1169 1247 1239 1278 Cic.
1258 1247 1358 1279 Verr.
1377 1248 1459 1279 Ace.
1478 1248 1516 1286 2,
1535 1248 1567 1285 (Ξ,
1586 1246 1626 1279 4:

183 1305 285 1327 causa
317 1296 400 1327 lieet.
449 1296 517 1327 tlfr.
545 1296 650 1327 Taciti
675 1297 791 1327 Germ.
823 1296 878 1328 ⁶26.
930 1306 996 1327 nonv
1010 1297 1115 1327 solum
1137 1296 1232 1327 sociis
1253 1296 1288 1327 in
1304 1305 1340 1328 eo
1356 1297 1435 1328 bello
1451 1297 1625 1335 consuluit,

183 1346 283 1377 Hune
319 1346 515 1376 suevorum
551 1354 688 1377 morem
723 1354 761 1376 re
796 1353 880 1376 vera
930 1354 1045 1376 verum
1072 1345 1173 1377 etiam
1194 1347 1359 1385 superatis
1380 1346 1522 1377 hostibus
1546 1349 1628 1378 tem—

184 1394 276 1435 apud
303 1396 405 1425 Getas
430 1403 571 1434 quoque
591 1393 782 1426 obtinuisse
801 1403 882 1426 cen-
925 1395 1072 1434 perat-it.
1109 1395 1329 1427 Reiieiendae
1348 1394 1435 1427 aliae
1452 1396 1629 1437 interpre-

184 1446 237 1475 set
262 1444 468 1481 Grimmius,
495 1452 577 1475 cum
602 1442 760 1485 plerique
784 1443 880 1475 arbi-
931 1444 1101 1476 tationes:
1143 1443 1172 1484 1¹)
1206 1445 1402 1485 «priVignos
1434 1444 1625 1485 gubernat,

186 1494 264 1524 trati
289 1494 376 1531 sint,
403 1493 562 1525 Caesaris
580 1494 817 1524 narrationem
834 1492 878 1525 de
930 1493 1053 1533 regit.»
1082 1494 1112 1534 ἓ)
1142 1494 1202 1525 «iis
1226 1493 1353 1535 poeula
1377 1495 1503 1526 miscet
1526 1495 1628 1526 inno—

930 1546 1001 1581 xia,
1028 1552 1098 1574 non
1121 1545 1296 1575 venenata
1307 1552 1343 1581 »;
1370 1545 1494 1575 neutra
1519 1543 1625 1582 enim,

931 1592 1022 1624 nullo
1057 1591 1216 1635 ἐπιθέτῳ
1232 1616 1241 1631 ‚
1282 1592 1412 1633 quibus
1436 1593 1624 1630 innitatur,

931 1651 1011 1673 cum
1045 1651 1077 1673 v,
1114 1645 1273 1682 temperat
1308 1643 1517 1681 coniuncto,
1564 1641 1628 1674 ad-

929 1691 1019 1722 mitti
1044 1692 1172 1731 potest.

975 1740 1026 1771 49.
1046 1740 1099 1771 020.
1126 1739 1251 1780 dotata]
1278 1739 1378 1772 «dote
1395 1739 1504 1779 freta,
1523 1739 1628 1771 adeo-

930 1797 999 1829 que
1047 1788 1202 1830 superba
1241 1790 1349 1830 atque
1397 1790 1626 1830 imperiosa.»

184 1542 246 1574 illis
280 1552 298 1573 a
335 1545 436 1583 pot-ta
463 1542 507 1573 ad
533 1543 596 1574 hos
621 1551 684 1574 suo
709 1542 878 1574 arbitratu

183 1601 262 1624 esse
281 1591 496 1623 translatam.
525 1593 560 1623 ln
578 1591 665 1623 libro
683 1601 747 1624 suo
765 1593 876 1624 Gesch.

182 1643 239 1673 cler
276 1642 443 1672 deutschen
479 1642 556 1680 Spr.
594 1643 617 1672 l.
650 1650 684 1682 p.
720 1642 793 1673 2189.
834 1641 879 1673 ad

183 1692 342 1722 nostrum
355 1689 472 1722 locum
485 1691 572 1722 haee
586 1691 743 1732 scripsit:
766 1692 880 1722 «Dtese

181 1740 423 1781 Emstimmunss
467 1739 648 1781 (za-isehen
693 1740 879 1772 Germanen

181 1790 248 1820 und
283 1789 395 1830 Geten)
429 1789 514 1829 :eiqt
548 1789 615 1821 sich
641 1790 718 1821 weit
749 1790 880 1821 starker

182 1839 261 1870 noch
291 1838 339 1869 bei
371 1839 441 1869 dem
465 1839 768 1870 Zusammenhalten
797 1840 879 1870 viel·
930 1837 1040 1869 Plaut.
1073 1839 1164 1870 Men.
1194 1839 1231 1877 ὅ,
1262 1839 1299 1877 2,
1337 1838 1397 1869 ⁴6:
1447 1839 1499 1869 Ita
1530 1839 1629 1870 istaec

929 1887 1053 1926 solent,
1101 1896 1186 1927 quae
1219 1888 1309 1919 viros
1347 1887 1529 1919 subservire
1568 1887 1628 1919 sibi

924 1936 1097 1976 postulant
1129 1938 1200 1968 dote
1227 1937 1354 1977 fretae,
1390 1937 1523 1977 seroces
1571 1937 1629 1968 Ti-

930 1986 1034 2018 tinius
1068 1986 1179 2017 Bothii
1214 1995 1247 2027 p.
1285 1985 1350 2018 64:
1395 1987 1513 2018 Verum
1541 1987 1628 2018 enim

929 2035 1048 2065 dotiba’
1074 2035 1203 2066 deleniti
1226 2035 1312 2066 ultro
1335 2035 1435 2066 etiam
1465 2035 1628 2067 uxoribus

929 2084 1143 2115 ancillantur.
1186 2082 1293 2115 Plaut.
1320 2083 1395 2115 Aut.
1422 2084 1462 2123 3,
1488 2085 1530 2123 5,
1557 2085 1591 2115 61
1615 2094 1620 2114 2

928 2134 1016 2165 Nam
1029 2141 1114 2172 quae
1133 2133 1282 2164 indotata
1293 2136 1357 2172 est,
1374 2143 1413 2166 ea
1425 2134 1459 2165 in
1466 2137 1627 2173 potestate

181 1888 412 1927 besprochener
448 1888 693 1929 Aeusserunyen
740 1889 880 1920 Caesars

181 1938 249 1968 und
286 1938 359 1969 Tac.
399 1938 478 1969 iiber
515 1939 566 1970 die
598 1938 879 1979 Ackerbeslellmiy

182 1987 240 2017 (ler
262 1988 387 2019 Suet-en
412 1989 477 2018 und
494 1988 679 2019 Germanen
703 1989 879 2029 insgsemein

183 2037 240 2067 mit
263 2037 354 2073 (lent,
386 2045 458 2067 was
485 2037 598 2068 Horaz
620 2046 683 2067 von
708 2038 766 2068 cler
792 2038 878 2078 99ίί-

181 2085 272 2116 schen
299 2086 422 2116 meldet.
468 2086 538 2117 Wie
561 2094 769 2126 angsemessen
795 2087 879 2117 auch

181 2134 252 2165 dem
278 2135 450 2166 Uebertritt
481 2144 542 2166 aas
571 2136 643 2167 dem
666 2136 879 2166 Hirtenstand

930 2186 974 2214 est
996 2183 1061 2213 ¹viri
1075 2191 1085 2219 ‚·
1109 2184 1252 2214 Dotatae
1268 2186 1417 2214 mactant
1441 2187 1471 2215 et
1493 2185 1582 2214 man
1597 2187 1626 2216 et

930 2233 1050 2263 datnno
1075 2232 1173 2263 viros.
1202 2250 1236 2254 —
1276 2232 1397 2273 viram]
1426 2233 1623 2271 «maritum,

930 2282 989 2322 qui
1014 2282 1087 2322 ipse
1113 2281 1258 2313 domum
1283 2290 1385 2313 suam
1413 2291 1536 2322 regere
1561 2282 1626 2313 de-

929 2330 1066 2362 beret.»
1114 2330 1339 2371 (Monentlum
1373 2333 1451 2363 erat·
1482 2334 1626 2372 propter

929 2381 1068 2413 Axtium
1092 2381 1125 2412 in
1151 2381 1287 2412 Comm.
1315 2380 1397 2421 phil.
1425 2382 1464 2412 11.
1491 2390 1524 2422 p.
1555 2380 1624 2419 23.)

933 2448 968 2452 —
1004 2430 1126 2472 nitido]
1169 2431 1342 2461 «formoso
1378 2432 1413 2462 et
1448 2432 1624 2471 compto.»

930 2480 999 2511 Csr.
1025 2479 1088 2511 Od.
1113 2480 1152 2519 2,
1181 2480 1241 2517 42,
1268 2481 1331 2511 49:
1379 2480 1490 2510 nitidis
1522 2480 1626 2520 virgi-

183 2185 213 2214 in
244 2185 294 2216 clie
317 2185 596 2225 Feldwirthsehast
631 2186 689 2216 cler
715 2185 880 2224 jahrliche

180 2233 418 2265 Ackerweehsel
440 2235 596 2266 erscheint
611 2260 619 2271 ,
647 2244 720 2265 war
741 2244 777 2265 er
799 2235 880 2265 doch

180 2286 283 2314 etwas
317 2286 411 2314 anter
446 2284 530 2315 allen
566 2283 703 2324 ἐώνὶῃειι
744 2284 879 2315 Vo'llcern

181 2342 215 2362 so
230 2333 335 2373 weniy
350 2333 692 2373 1i'ah1·9eteorrirtierzeS‚
712 2334 788 2364 class
799 2342 879 2364 man

182 2383 308 2412 claraus
359 2383 424 2422 auf
473 2382 880 2422 Stammverwandtschaft

182 2432 293 2467 derer,
345 2431 396 2461 die
434 2431 486 2462 ihn
526 2432 738 2470 beabat-laten,
787 2432 877 2463 einen

181 2480 488 2511 wahrscheinliehen
525 2481 655 2511 Schluss
689 2490 731 2512 za
768 2481 879 2512 ziehen

182 2529 354 2569 bercehtiqt
379 2530 498 2560 wint.»
522 2547 556 2552 —
582 2530 720 2571 recreat]
748 2531 878 2562 «otium
930 2529 1033 2560 nibus.
1071 2547 1106 2552 -
1146 2538 1203 2560 nee
1219 2547 1237 2552 -
1251 2530 1322 2570 fidit
1346 2529 1508 2570 adultero]
1536 2538 1624 2560 anon

182 2579 263 2609 huic
292 2577 441 2618 praebet
471 2580 603 2616 aequali
632 2583 717 2610 sorte
750 2579 878 2611 laboris
931 2580 1081 2617 tantam,
1110 2581 1144 2610 ut
1170 2580 1206 2610 tit
1231 2579 1324 2619 apud
1352 2588 1433 2616 nos,
1461 2578 1625 2610 litim-iant

183 2626 256 2664 itte,
293 2628 350 2667 qui
383 2628 413 2658 in
447 2628 522 2658 eius
549 2629 659 2659 sicem
685 2628 876 2659 succedit.»
903 2629 905 2665 Ι
931 2629 1069 2669 reponit
1114 2630 1146 2660 in
1182 2628 1340 2660 adultero
1377 2630 1538 2669 potente,
1590 2630 1623 2657 ut

182 2676 298 2708 Artius
321 2676 493 2715 iungenda
513 2685 567 2707 xx.
587 2677 732 2708 vicarius
746 2678 879 2715 aequata
903 2677 906 2706 ἰ
931 2678 1004 2709 eius
1029 2677 1154 2709 auxilio
1180 2678 1405 2718 impudenter
1429 2677 1538 2714 freta,
1565 2686 1625 2707 su-

182 2729 290 2763 sorte,
341 2725 545 2765 uaequaiem
592 2728 725 2757 sortem
765 2726 880 2757 susci-
931 2726 1039 2768 perba
1065 2729 1168 2768 atque
1196 2727 1382 2768 imperiosa
1399 2726 1441 2758 sit
1461 2726 1493 2757 in
1511 2726 1624 2767 ipsum

185 2775 318 2814 piens„
367 2774 438 2806 Noti
477 2784 560 2805 vero
591 2774 766 2815 explieat-e
799 2784 879 2807 eum
933 2777 1116 2814 maritum,
1158 2776 1249 2807 hune
1274 2776 1416 2817 spernat
1441 2776 1542 2815 eique
1569 2784 1624 2805 re—
