1997 3219
774 172 905 203 himin.
955 172 1081 203 (IARM.
1113 172 1150 202 ll.

1616 169 1687 209 (35¹

487 276 632 330 Neque
666 275 870 317 excitatur
901 273 1079 317 classico
1112 273 1230 315 miles
1263 274 1391 314 truci.
1671 274 1694 311 ὅ

542 356 686 410 Neque
718 354 861 396 horret
894 354 1042 395 iratum
1074 368 1214 397 mare.

485 437 722 491 Forumque
754 435 853 476 vitat
884 442 925 475 et
955 433 1140 494 superba
1174 434 1326 475 civium

543 515 829 557 Potentiorum
860 513 1012 555 limina.

485 595 590 649 Ergo
623 602 693 636 aut
722 593 864 636 adulta
894 593 1041 635 vitium
1073 594 1305 649 propagine

538 674 648 716 Altus
681 675 845 716 maritat
876 673 1079 729 populos,
1651 673 1695 714 ΙΟ

481 758 559 795 Aut
592 754 630 795 iu
664 754 840 796 reducta
872 753 980 795 valle
1013 754 1289 808 mugientium

341 887 370 916 5
399 885 463 916 Nec·
488 887 509 915 t.
540 903 573 906 ψ
601 885 631 915 6.
658 885 724 916 Nec
747 884 847 922 bc‹t,t
873 887 907 916 et
933 883 1120 916 Bentleius.
1145 902 1179 906 —
1207 884 1237 915 9.
1265 885 1399 916 adultae
1421 894 1450 915 e.
1474 885 1653 925 propa-qimi

302 934 422 966 Bothe.
463 951 498 956 —-
540 934 601 965 Vv.
630 933 689 971 lO,
717 933 779 969 13,
808 933 858 965 it.
901 934 956 971 Μ,
985 933 1044 972 12,
1072 933 1112 964 ’15
1142 934 1208 963 cet.
1265 934 1301 963 G.
1330 932 1509 965 Fabricius
1535 933 1650 966 457⁴..

300 983 339 1014 H.
367 983 564 1024 Stephanus
590 983 707 1021 i577.,
734 982 818 1014 Cod.
857 981 976 1014 Altors.
1004 983 1054 1023 (‘?),
1081 981 1336 1021 Mitscherlicn,
1374 984 1536 1024 Doering.
1586 983 1653 1014 Sed

298 1031 466 1064 librorum
491 1032 651 1063 ordinem
676 1032 827 1064 restituit
849 1031 965 1073 Regel.

261 1157 333 1180 cere
358 1149 461 1180 sotum
484 1148 541 1180 sub
567 1157 708 1180 vomere.
739 1165 775 1170 —
807 1147 951 1188 Solutus]
1001 1147 1103 1189 putus
1139 1149 1236 1189 nigra
1278 1150 1394 1181 minus
1436 1149 1546 1181 densa
1592 1148 1694 1186 solio7

257 1196 950 1238 «quinequedatnequeaccipitsenori.»
999 1197 1133 1239 palmiti
1168 1197 1326 1239 pluribus
1374 1198 1536 1230 indurato
1572 1198 1693 1235 annis⁷

300 1248 393 1279 5-8.
423 1247 545 1288 Neque]
574 1248 714 1287 «Neque
739 1245 862 1278 militat
885 1254 951 1277 nec
1002 1255 1110 1287 quem
1134 1248 1311 1278 draconem
1334 1247 1527 1286 vocabant,
1553 1247 1697 1278 marita-

261 1297 497 1328 mercaturam
515 1298 657 1327 exercet
681 1304 746 1328 nec
772 1297 951 1335 tamquam

255 1346 406 1386 petitor,
432 1354 534 1383 reus,
560 1344 770 1384 advocatus,
803 1352 951 1376 accusa-

254 1396 308 1425 tor
325 1394 473 1425 forensia
489 1393 595 1425 hahet
612 1394 767 1433 negotia,
787 1402 852 1424 nec
869 1401 951 1424 cum

256 1442 382 1474 nullius
406 1443 450 1474 sit
473 1441 597 1480 cliens,
635 1450 738 1473 mane
761 1444 951 1483 patronum

257 1492 452 1533 superbum
469 1491 621 1523 salutare
639 1500 786 1523 necesse
808 1490 949 1522 hahet.»

258 1558 295 1564 —
314 1540 490 1581 actitatur]
519 1550 558 1572 «e
580 1549 704 1578 somno
722 1540 766 1571 ad
783 1549 949 1581 pugnam,

254 1590 359 1621 tubae
411 1590 549 1622 terribili
593 1589 734 1620 sonitu.»
785 1590 950 1629 (Ennius.)

255 1638 376 1670 Tibull.
406 1640 440 1677 l,
468 1640 504 1678 4,
532 1638 570 1671 42
596 1640 725 1670 Martia
747 1639 800 1669 cui
824 1646 953 1669 somnos

257 1689 394 1719 classica
417 1688 515 1727 pulsa
537 1688 662 1729 fugent.
692 1706 726 1710 —
763 1687 817 1719 Ad
841 1688 951 1719 totum

256 1737 372 1768 locum
389 1738 450 1769 cfr.
467 1738 557 1777 Virg.
574 1740 698 1778 Georg.
725 1738 744 1768 ⁶2
761 1763 768 1776 ‚
794 1736 855 1769 493
870 1744 949 1777 sqq.

257 1785 447 1817 Columella
473 1786 583 1817 Praei.
611 1786 642 1826 g.
669 1787 701 1817 7.

297 1836 327 1866 9.
367 1836 417 1866 iO.
454 1835 562 1876 Ergo]
601 1835 744 1875 «Igitur,
787 1843 868 1866 cum
906 1834 950 1866 ab

256 1884 428 1916 eiusmodi
465 1884 558 1915 tricis
592 1883 682 1915 liber
712 1885 776 1922 sit,
812 1884 953 1915 maritat

260 1933 407 1965 arbores
424 1933 587 1972 ritibus»
613 1933 709 1973 quod
724 1932 875 1964 verbum
892 1942 953 1964 ru-

258 1984 427 2014 sticorum
441 1983 622 2023 proprium
643 1984 706 2013 est.
749 1982 798 2013 Cs.
815 1980 950 2013 Colum.

258 2033 314 2070 tt,
347 2033 384 2069 2,
414 2032 466 2063 79.
504 2049 538 2054 —
591 2031 705 2062 Vitam
741 2031 952 2062 rusticorum

259 2080 423 2112 Italorum
465 2081 603 2121 egregie
647 2080 815 2112 describit
853 2079 950 2111 Ovid.

257 2131 344 2162 Fast.
368 2129 406 2167 li,
427 2130 483 2161 691
503 2138 580 2170 sqq.
604 2146 638 2151 —
655 2129 851 2171 propaqine]
873 2130 953 2161 vitis

255 2178 464 2211 ramusculis
501 2179 534 2210 in
571 2180 702 2210 terram
735 2179 888 2210 curvatis
912 2187 954 2210 ae

256 2228 403 2266 defixi53
430 2227 523 2260 unde
553 2237 634 2260 eum
666 2227 843 2260 radicibus
867 2228 953 2259 actis

259 2277 536 2313 convaluissent,
575 2278 675 2308 tertio
708 2286 799 2308 anno
833 2277 954 2308 adultis

257 2327 403 2359 arbores
441 2327 703 2359 maritabantur.
744 2344 778 2350 —
828 2326 979 2359 Alcas-'

253 2377 404 2419 populos]
431 2377 537 2407 Varro
562 2378 626 2408 RB.
649 2378 683 2415 1,
703 2376 741 2408 8:
776 2377 833 2407 Ubi
856 2394 873 2399 -
889 2386 955 2407 na-

255 2429 333 2457 tura
359 2426 513 2464 humida,
547 2426 589 2456 ibi
613 2425 712 2457 altius
734 2426 809 2456 ritis
835 2425 951 2457 tollen-

258 2475 302 2506 da
314 2500 321 2511 ‚
348 2476 434 2514 quod
458 2476 491 2506 in
502 2478 606 2514 partu
623 2478 650 2506 et
668 2475 824 2506 alimonio
839 2477 953 2506 vinum

257 2532 319 2554 non
347 2528 379 2554 u!
405 2526 435 2555 in
461 2525 563 2556 calice
585 2524 715 2562 quaerit
732 2533 874 2563 aquam,
900 2526 953 2556 sed

255 2572 373 2604 solem:
401 2574 493 2605 unde
521 2574 586 2604 iam
613 2575 698 2604 (lato
722 2576 952 2614 praeceptum

257 2622 376 2653 dedit:
431 2624 537 2661 (mam
581 2622 775 2653 altissimam
823 2623 953 2654 vineam

256 2672 367 2711 [acilo.
395 2671 493 2703 Aetas
507 2698 514 2709 ,
542 2670 635 2712 quod
654 2670 728 2702 aliis·
747 2670 878 2712 placet,
899 2671 951 2703 vel

258 2723 442 2762 proptervo
478 2720 724 2757 reiieiendum,
765 2722 856 2761 quod
890 2730 951 2761 po-

1002 1295 1118 1327 batur.
1145 1295 1229 1328 Plin.
1248 1296 1287 1327 H.
1306 1297 1346 1328 N.
1367 1296 1426 1335 47,
1444 1296 1505 1335 23,
1525 1295 1577 1327 35.
1609 1297 1697 1327 «Po-

1001 1344 1104 1387 pulus
1125 1345 1196 1376 alta
1216 1345 1348 1386 pariter
1373 1345 1500 1377 dieitur
1522 1354 1541 1376 a
1563 1343 1696 1376 Tibullo

1002 1395 1014 1425 st
1034 1419 1041 1433 ‚
1060 1394 1097 1434 4,
1117 1394 1189 1433 30.,
1215 1394 1300 1426 celsa
1317 1403 1336 1425 a
1354 1394 1513 1426 Phaedro
1530 1394 1561 1432 3,
1578 1394 1629 1432 47,
1648 1393 1693 1431 4.,

996 1444 1231 1483 procerissima
1245 1444 1315 1475 Cic.
1332 1443 1375 1475 de
1387 1445 1489 1484 Legg.
1506 1444 1601 1481 4‚5.»
1617 1443 1693 1474 FEA.

1003 1491 1193 1524 Columella
1219 1494 1255 1531 5,
1283 1493 1318 1531 6,
1341 1492 1383 1524 4:
1420 1493 1519 1524 Vitem
1546 1492 1696 1524 maxime

996 1542 1140 1581 populus
1161 1542 1291 1573 videtur
1313 1541 1419 1581 alere,
1446 1542 1560 1572 deinde
1575 1542 1693 1572 ulmus.

1047 1592 1081 1622 Μ
1104 1609 1123 1614 -
1140 1590 1192 1622 44.
1226 1593 1307 1622 Post
1335 1590 1531 1622 Fabricium
1560 1592 1594 1622 et
1618 1591 1697 1622 Ste-

1001 1640 1158 1681 phanum
1182 1639 1278 1671 multi
1297 1640 1383 1672 Edd.
1400 1665 1406 1679 ‚
1434 1640 1539 1671 etlam
1555 1640 1690 1671 Mitsch.

1003 1691 1038 1720 et
1054 1689 1224 1729 Doering‚
1252 1697 1422 1721 versuum
1438 1689 1599 1720 ordinem
1616 1697 1699 1720 con—

1003 1739 1055 1769 tra
1080 1738 1191 1769 Codd.
1225 1738 1270 1769 ita
1301 1739 1541 1776 inverterunt,
1579 1739 1616 1769 ut
1644 1740 1699 1769 est

1002 1787 1037 1818 in
1060 1787 1160 1818 Varr.
1187 1788 1301 1825 Lect.⁷
1337 1796 1407 1828 quo
1435 1787 1559 1818 vitium
1590 1788 1698 1818 mari-

1003 1835 1171 1868 tationem
1203 1837 1367 1868 continuo
1403 1837 1582 1877 exciperet
1612 1836 1698 1867 insi-

1003 1885 1105 1916 tionis
1129 1885 1241 1916 simile
1273 1894 1373 1926 opus.
1422 1886 1489 1917 Sed
1521 1894 1590 1916 non
1621 1885 1696 1917 sine

1003 1935 1077 1964 arte
1102 1934 1255 1974 primum
1280 1936 1455 1966 memorat
1481 1935 1603 1966 vitium
1628 1933 1699 1966 cul-

1004 1984 1138 2021 turam,
1168 1983 1295 2014 deinde
1322 1984 1432 2014 otium
1456 1983 1587 2015 domini
1611 1992 1697 2016 suos

1003 2040 1128 2071 greges
1172 2040 1236 2072 per
1279 2033 1458 2064 sinuosam
1501 2031 1696 2064 convallem

1004 2089 1144 2121 sparsos
1177 2089 1258 2112 eum
1296 2080 1424 2112 laetitia
1455 2081 1698 2122 contemplan-

1003 2131 1068 2167 tis,
1103 2131 1177 2162 tum
1202 2139 1324 2163 rursus
1348 2132 1484 2171 gratum
1508 2131 1696 2172 putationis

1004 2180 1039 2211 et
1063 2179 1231 2211 insitionis
1256 2188 1363 2220 opus,
1391 2179 1485 2220 quod
1503 2179 1647 2220 quidem
1662 2180 1696 2211 in

1004 2237 1166 2260 mensem
1195 2230 1356 2261 Martium
1388 2229 1582 2267 incidebat,
1615 2237 1696 2261 eum

1003 2278 1178 2309 maritatio
1196 2277 1296 2309 fieret
1312 2287 1435 2310 mense
1453 2278 1612 2309 Octobri:
1647 2279 1696 2308 sic·

1005 2329 1164 2358 naturam
1191 2327 1301 2368 ipsam
1326 2331 1469 2359 secutus
1488 2330 1695 2369 perpetuam

1003 2386 1044 2408 ae
1079 2378 1224 2417 propter
1258 2377 1324 2408 hoc
1360 2377 1475 2416 ipsum
1507 2377 1695 2408 iucundam

1004 2427 1093 2457 vitae
1135 2426 1284 2457 rusticae
1331 2427 1535 2457 varietatem
1575 2427 1679 2466 pingit

1005 2476 1060 2507 «ln
1097 2475 1215 2506 verbis
1251 2476 1369 2506 autem
1394 2475 1467 2506 ‘Aul
1499 2475 1529 2505 in
1562 2476 1695 2506 reducta

1005 2524 1085 2556 nihil
1111 2524 1231 2555 diutini
1255 2524 1371 2565 operis⁴
1394 2526 1464 2561 est,
1492 2524 1553 2555 sed
1579 2523 1696 2555 brevis

1005 2575 1137 2605 tantum
1181 2573 1391 2604 intermissio
1435 2574 1465 2603 et
1513 2571 1692 2614 voluptas.

1003 2624 1214 2664 prospectus
1266 2623 1505 2653 armentorum
1546 2630 1696 2662 pascen-

1005 2673 1108 2707 tium,
1136 2672 1193 2711 ‹1ui
1221 2680 1287 2702 non
1314 2671 1420 2702 modo
1446 2672 1534 2702 inter
1559 2672 1696 2703 marita-

1004 2722 1132 2752 tionem
1171 2722 1202 2751 et
1241 2721 1458 2758 insitionem,
1501 2721 1563 2752 sed
1591 2721 1693 2752 etiam
