1997 3219
306 206 384 248 412

642 313 729 354 Ore
760 311 958 368 trilingui.

817 210 985 241 HORATII
1011 209 1232 243 CARMINUM

527 416 638 467 Quin
669 423 711 458 et
740 416 857 458 Ixion
888 416 1120 474 Tityosque
1151 415 1264 458 voltu

529 496 632 539 Risit
662 496 809 545 invito,
844 496 956 539 stetit
985 510 1092 539 urna
1126 495 1315 553 paullum

528 576 669 625 Sicca,
704 575 807 618 dum
836 564 955 632 grato
985 577 1119 619 Danai
1149 576 1312 633 puellas

640 656 835 699 Carmine
866 656 1042 699 mulces.

524 761 678 804 Audiat
708 761 828 819 Lyde
859 761 999 804 scelus
1030 768 1158 818 atque
1188 768 1310 804 notas

524 842 741 899 Virginum
772 855 935 899 poenas
966 848 1007 885 et
1037 842 1161 884 inane
1192 841 1393 899 lymphae

386 974 438 1005 2⁴.
490 973 614 1013 (Habet
638 974 848 1014 scripturam
871 973 962 1005 volta
986 973 1029 1013 c.)
1054 991 1088 996 -
1115 972 1168 1004 26.
1191 981 1317 1012 poenas
1333 981 1402 1004 om.
1423 973 1458 1003 T.

301 1089 409 1121 fertur
443 1090 548 1121 etiam
583 1089 627 1120 ad
658 1099 690 1120 v,
724 1091 860 1129 spiritus
893 1093 992 1127 teter,

300 1139 359 1179 qui
376 1139 517 1179 proprie
538 1140 767 1180 «prorumpit,
791 1140 992 1170 emittitur.»

302 1206 337 1210 ——
357 1188 420 1219 Ore
443 1188 604 1229 trilinyui]
625 1189 663 1219 ut
686 1188 748 1220 Od.
773 1189 810 1227 2,
839 1189 897 1227 49,
924 1188 991 1227 34.,

298 1236 359 1268 ubi
382 1237 473 1268 vide.
523 1237 599 1269 Est:
636 1237 707 1268 «de
733 1237 845 1269 tribus
868 1236 993 1278 linguis

298 1285 440 1326 triplicis
465 1287 568 1317 oris.»
597 1303 632 1307 —
659 1287 810 1318 Naekius
834 1287 890 1317 hic
910 1295 996 1327 quo-

299 1342 368 1374 que
393 1336 431 1366 ut
462 1334 482 1366 l.
508 1334 529 1366 l.
557 1334 724 1375 explicat:
763 1344 902 1367 «unum
934 1344 991 1374 os,

298 1384 332 1415 in
357 1392 427 1424 quo
452 1386 524 1416 tres
546 1383 684 1424 linguae
707 1385 779 1416 sive
804 1383 919 1424 lingua
937 1385 996 1416 tri-

299 1432 386 1470 ssda3
414 1434 609 1474 praecessit
633 1434 725 1465 enim
750 1437 884 1472 caput.»
923 1434 994 1465 Ve-

298 1491 377 1513 rum
417 1482 541 1523 triplex
587 1484 692 1522 eaput
729 1481 993 1522 intelligendum

299 1540 377 1563 esse
408 1532 491 1563 satis
523 1539 702 1572 superque
734 1533 838 1572 poeta
862 1532 994 1571 signifi-

299 1589 397 1612 casse
419 1581 560 1612 videtur
579 1589 635 1611 vv.
655 1581 717 1612 Ore
734 1581 894 1621 {rilinyui
922 1580 991 1612 Cfr.

296 1630 390 1669 Virg.
409 1630 493 1661 Aen.
513 1630 549 1667 6,
569 1629 650 1661 447:
679 1629 836 1661 Cerberus
850 1630 929 1661 liaeo
946 1630 994 1660 in-

296 1688 374 1719 gens
389 1679 516 1710 latratu
535 1687 639 1719 regna
660 1679 795 1719 trifauci
816 1680 990 1717 Personat,

296 1728 331 1759 id
348 1729 418 1766 est,
458 1727 611 1759 «latratu
628 1727 739 1759 tribus
756 1737 799 1759 ex
816 1727 991 1768 capitibus

296 1776 483 1817 prolato»,
525 1777 645 1816 sicque
688 1776 788 1808 Silius
822 1777 862 1815 2,
907 1777 989 1808 554:

294 1826 468 1866 formaque
499 1826 634 1865 trifauci
663 1826 820 1857 Personat
842 1826 993 1865 informis

297 1875 492 1906 lacrimosae
522 1875 647 1905 ianitor
679 1875 788 1906 auiae.
817 1892 852 1897 --
878 1875 991 1907 Minus

297 1924 415 1963 gratae
441 1924 560 1955 nostro
586 1924 681 1954 certe
699 1932 805 1955 sensu
822 1924 991 1964 imagines

296 1971 372 2003 illae
396 1981 430 2003 v.
458 1972 509 2003 49.
537 1974 572 2003 et
595 1981 695 2013 pron.
723 1973 806 2011 cias,
838 1981 907 2012 quo
932 1981 991 2004 so—

295 2021 367 2053 lent
391 2021 569 2053 abstinere
596 2022 685 2062 epici
711 2023 745 2053 et
768 2020 884 2053 melici
910 2022 987 2062 (cfr.

295 2072 414 2102 tamen
449 2070 510 2101 Od.
545 2070 583 2109 4,
622 2071 658 2107 8,
698 2071 777 2111 ι18.),
814 2072 848 2102 in
885 2080 991 2103 causa

296 2119 449 2158 suerunt,
482 2128 545 2150 cur
568 2120 806 2151 recentiorum
830 2120 991 2162 complu-

296 2178 353 2201 res
376 2170 468 2200 hanc
491 2169 659 2209 strophen
685 2170 825 2200 Horatio
852 2169 990 2201 abiudi-

296 2220 431 2257 carent,
459 2227 609 2258 quorum
627 2227 750 2250 severa
767 2219 894 2250 iudicia
911 2227 990 2250 om-

295 2268 392 2299 nium
426 2268 556 2308 optime
592 2268 753 2308 exposuit
789 2268 986 2308 Liibkerus‚

295 2318 359 2347 etsi
383 2325 426 2348 ne
450 2317 507 2348 hic
532 2317 675 2356 quidem
700 2316 743 2347 de
763 2317 797 2348 h.
816 2316 837 2348 l.
857 2317 989 2360 νοθείᾳ

295 2366 379 2397 mihi
396 2366 580 2406 persuasit.
613 2365 783 2397 Videlicet
798 2367 902 2406 poeta
919 2376 988 2398 non

297 2415 371 2446 sine
407 2417 503 2446 certo
540 2414 681 2446 consilio
715 2415 895 2447 immorari
927 2415 990 2446 ali-

295 2465 465 2502 quantum
495 2462 604 2494 voluit
635 2464 749 2496 saevis
780 2464 857 2495 Orci
886 2465 988 2495 terri—

295 2511 396 2547 culis.
424 2513 458 2543 et
482 2513 586 2544 totius
610 2512 776 2552 strophae
801 2514 985 2552 sententia,

295 2569 400 2600 quam
434 2562 520 2592 mira
554 2563 627 2592 arte
660 2561 859 2593 calumniati
894 2564 985 2600 sunt,

295 2611 329 2639 et
363 2610 619 2650 simplicissima
653 2612 687 2641 et
716 2619 780 2651 per
803 2619 840 2642 se
867 2610 989 2642 claris-

295 2659 383 2689 sima
403 2660 476 2690 est:
505 2660 692 2697 «Quamvis
717 2659 893 2691 Cerberus
910 2661 990 2691 lior—

293 2706 393 2737 ribile
431 2717 471 2739 ac
508 2709 676 2740 furiosum
712 2709 756 2740 sit
791 2710 987 2740 monstrum

294 2756 557 2796 acerrimusque
583 2757 659 2789 Orci
693 2758 829 2789 custos,
871 2759 985 2788 lamen

1045 1090 1120 1130 ipse
1156 1097 1298 1130 quoque
1334 1089 1438 1120 cessit
1473 1087 1610 1121 blandis
1645 1089 1742 1129 lyrae

1045 1139 1175 1170 sonis.»
1222 1138 1309 1169 Vide
1334 1138 1541 1170 Excursum.

1088 1188 1140 1219 2-l.
1159 1188 1256 1218 Iarion
1274 1187 1453 1228 Tityosque]
1472 1187 1569 1218 Pind.
1588 1188 1686 1227 Pyth.
1709 1188 1739 1226 2,

1044 1237 1080 1269 24
1096 1246 1102 1267 :
1126 1233 1263 1277 Ἰξίονα
1278 1256 1297 1261 -
1312 1254 1331 1259 -
1348 1235 1387 1268 ἐν
1410 1234 1601 1281 πτερόεντι
1617 1236 1744 1281 τροχῷ

1043 1284 1176 1317 Παντᾰ
1188 1283 1470 1327 κυλινδόμενον.
1486 1286 1619 1317 Seneca
1635 1287 1738 1318 Herc.

1045 1335 1110 1367 fur.
1149 1336 1232 1367 752:
1285 1336 1427 1375 Rapitur
1468 1336 1595 1366 volucri
1638 1339 1743 1367 torius

1043 1385 1140 1417 Lcion
1165 1389 1249 1417 rota.
1275 1395 1309 1417 v.
1337 1385 1421 1417 758:
1458 1385 1594 1417 Praebet
1615 1386 1742 1417 volucri

1046 1434 1153 1473 Tityos
1175 1438 1328 1466 aeternas
1351 1435 1460 1474 dapes.
1510 1434 1578 1466 Cfr.
1608 1435 1670 1466 Od.
1700 1436 1738 1473 2,

1045 1482 1105 1522 44,
1125 1484 1155 1515 8.
1183 1485 1217 1515 et
1241 1484 1278 1522 3,
1297 1483 1334 1522 4,
1355 1484 1408 1515 77.
1435 1483 1557 1515 Tibull.
1578 1485 1590 1514 4
1610 1509 1616 1522 ,
1636 1483 1666 1522 3,
1686 1484 1738 1516 73.

1043 1532 1095 1563 Ad
1129 1534 1242 1564 totum
1276 1532 1394 1564 locum
1429 1533 1491 1564 Od.
1518 1533 1560 1571 2,
1592 1533 1653 1571 113,
1685 1533 1737 1564 37.

1042 1582 1169 1614 Ixionis
1194 1582 1383 1622 imaginem
1412 1591 1445 1612 v.
1471 1582 1625 1613 Visconti
1651 1583 1737 1613 Mus.

1041 1631 1098 1662 Pio
1130 1631 1226 1662 Clem.
1260 1631 1300 1662 V.
1327 1631 1363 1662 T.
1390 1630 1467 1668 29.‚
1508 1629 1611 1662 aliam
1640 1631 1736 1662 Areh.

1041 1680 1118 1711 Zeit.
1144 1681 1184 1710 ΙΙ.
1210 1688 1244 1720 p.
1270 1679 1344 1711 224.

1086 1729 1139 1760 22.
1165 1728 1261 1769 Risit]
1287 1729 1337 1759 De
1354 1736 1420 1760 usu
1437 1736 1534 1760 num.
1554 1728 1738 1769 singularis

1043 1779 1123 1809 ante
1158 1776 1259 1818 plura
1294 1777 1436 1808 nomina
1467 1778 1503 1809 et
1531 1779 1612 1818 post
1638 1777 1739 1819 plura

1042 1826 1136 1868 apud
1160 1826 1341 1858 Horatium
1373 1826 1517 1859 consule
1542 1826 1739 1860 Bentleium

1042 1876 1087 1907 ad
1113 1875 1174 1907 Od.
1206 1876 1241 1913 ¹1,
1271 1874 1329 1913 24,
1360 1875 1391 1906 8.
1424 1893 1460 1897 —
1486 1876 1738 1908 Hermesianax

1040 1934 1073 1957 v.
1093 1925 1123 1956 9.
1151 1924 1195 1956 de
1213 1924 1369 1965 Orpheo:
1395 1922 1578 1956 Κωκυτόν
1602 1926 1631 1956 τ’
1649 1921 1740 1957 ἀθέ-

1040 1982 1178 2015 μιστον
1219 1971 1274 2004 ἐπ’
1316 1969 1459 2017 ὀφρύσι
1500 1972 1738 2016 μειδήσαντα

1040 2019 1127 2053 Eme
1158 2022 1222 2053 καὶ
1257 2019 1461 2054 αἰνοτάτου
1485 2021 1622 2064 βλέμμ’
1646 2019 1737 2055 ὑπέ-

1040 2081 1145 2113 μεινε
1168 2069 1302 2111 κυνός,
1324 2067 1385 2102 Ἔν
1409 2072 1498 2117 πυρὶ
1513 2071 1584 2113 μὲν
1601 2069 1737 2114 φωνήν

1040 2120 1307 2162 τεθοωμένου,
1355 2120 1394 2152 ἐν
1438 2121 1527 2165 πυρὶ
1561 2119 1591 2152 δ’
1627 2116 1737 2163 ὄμμα

1040 2167 1214 2215 Σκληρὸν
1236 2171 1468 2215 τριστοίχοις
1484 2169 1595 2211 δεῖμα
1611 2172 1737 2215 φέρων

1040 2219 1238 2259 κεφαλαῖς.
1260 2237 1295 2242 -
1320 2219 1421 2260 urna]
1446 2219 1479 2251 id
1506 2222 1578 2258 est,
1607 2229 1736 2251 «urnae

1040 2268 1295 2309 singularum»;
1321 2277 1405 2300 nam
1429 2270 1488 2309 qui
1505 2269 1548 2300 de
1568 2268 1659 2301 dolio
1684 2271 1737 2301 in—

1040 2319 1298 2359 terpretantur,
1325 2317 1398 2349 salsi
1424 2319 1516 2350 sunt.

1083 2367 1135 2399 23.
1166 2367 1280 2398 Danai
1299 2367 1445 2407 puellas]
1472 2368 1630 2399 Danaum
1654 2376 1736 2398 nar-

1039 2417 1117 2447 rant
1140 2415 1230 2447 [ilios
1246 2416 1395 2456 Aegypti
1418 2416 1554 2456 (fratris)
1573 2417 1736 2447 metuen-

1040 2466 1111 2497 tem
1135 2473 1217 2496 cum
1243 2465 1492 2505 quinquaginta
1517 2464 1653 2496 filiabus
1670 2466 1735 2496 Ar-

1039 2523 1120 2554 gos,
1148 2523 1237 2554 quae
1256 2514 1398 2553 antiqua
1414 2514 1525 2554 patria
1544 2515 1634 2552 erat,
1654 2521 1736 2544 con—

1039 2563 1180 2604 fugisse.
1200 2562 1251 2594 Ibi
1268 2571 1376 2603 regno
1390 2564 1538 2604 potitum
1552 2562 1735 2601 Aegyptia-

1039 2612 1112 2650 dis,
1139 2612 1197 2652 qui
1224 2621 1264 2643 ea
1288 2620 1394 2643 causa
1418 2613 1528 2652 Argos
1550 2613 1731 2647 venerant,

1038 2660 1270 2701 despondisse
1297 2660 1442 2700 quidem
1459 2659 1566 2697 filias,
1600 2659 1661 2690 sed
1681 2660 1733 2691 his

1039 2709 1130 2741 elam
1154 2710 1402 2748 mandavisse,
1434 2711 1472 2740 ut
1494 2709 1606 2750 prima
1631 2710 1732 2740 nocte

1040 2766 1188 2798 sponsos
1207 2759 1465 2790 interimerent:
1497 2756 1591 2797 quod
1608 2756 1732 2788 secisse
