1997 3219
718 193 792 223 ΗΒ.
820 192 857 223 11.
907 192 943 221 (ἶ.
971 190 1054 222 XVI.

1529 184 1607 224 297

651 490 959 532 cmlv
997 489 1146 528 xw-

415 630 558 673 Otium
589 629 710 671 divos
741 634 860 684 rogat
890 627 931 668 in
961 626 1116 683 patenti

405 712 590 753 Prensus
620 711 811 765 Aegaeo,
845 707 969 749 simul
999 713 1088 749 atra
1118 706 1254 749 nubes

404 789 599 833 Condidit
627 788 769 830 lunam
798 801 939 844 neque
970 794 1085 830 certa
1114 786 1273 843 fulgent

275 941 357 972 XVI.
384 941 490 971 Inscr.
517 937 605 978 volg.
650 938 700 969 Aa
721 937 909 977 Pompeium
933 936 1133 976 Grosphum,
1165 938 1201 967 et
1223 936 1272 968 sic
1296 937 1356 967 BS.
1397 953 1432 958 -
1472 937 1570 967 Modo

232 991 376 1030 loquitur
398 990 441 1020 ad
465 989 646 1028 Grosphum
678 987 713 1018 b.
742 1005 776 1009 —
801 988 851 1018 Ad
874 987 1057 1026 Grosphum
1086 986 1273 1025 Pompeium
1296 986 1332 1017 T.
1361 1004 1396 1008 —
1423 985 1569 1026 Grospho

228 1041 393 1071 ostendens
416 1048 515 1079 quam
539 1038 711 1070 iocundum
736 1038 775 1068 sit
799 1037 900 1068 otium
921 1045 951 1067 c.
981 1053 1015 1057 —
1043 1035 1072 1066 4.
1094 1038 1228 1074 patente
1243 1045 1272 1065 ω
1287 1058 1296 1074 ,
1320 1034 1508 1067 Bentleius.
1531 1052 1565 1056 -

227 1091 258 1121 Ξ.
282 1091 411 1120 Pressas
442 1088 550 1119 Codd.
577 1087 706 1128 aliquot
731 1085 765 1126 (ὁ
796 1095 850 1127 ap.
878 1085 1014 1116 Kirehn.
1040 1085 1079 1116 N.
1106 1085 1144 1122 Q.
1173 1085 1252 1115 Hor.
1279 1093 1313 1125 p.
1340 1084 1420 1124 56.)‚
1458 1084 1563 1116 etiam

228 1139 394 1173 Pottierii;
422 1138 528 1169 nostri
553 1146 632 1168 non.
663 1154 696 1158 —
723 1136 754 1167 3.
780 1136 893 1166 lunam
924 1143 1101 1175 superscr.
1137 1132 1211 1165 «vel
1235 1134 1361 1165 lumen»
1387 1133 1421 1164 d.
1449 1133 1568 1173 (lumen

229 1197 317 1219 unus
342 1187 434 1228 apud
459 1185 591 1218 Combe
617 1187 649 1217 et
674 1194 763 1217 corr.
790 1185 897 1216 Vatic.
923 1186 973 1223 A.)

229 1324 312 1355 XVI.

188 1373 381 1413 Grosphus,
425 1380 533 1412 eques
577 1372 751 1402 Romanus
790 1371 876 1401 Sici—

187 1422 325 1458 liensis,
371 1421 413 1452 de
439 1429 507 1461 quo
532 1421 616 1461 Epp.
644 1421 678 1457 l,
715 1420 769 1456 1¹2,
804 1419 871 1456 ⁵22,

187 1472 330 1503 sortasse
355 1479 396 1501 ex
421 1470 545 1501 eadem
569 1471 689 1510 gente,
721 1477 789 1509 qua
814 1468 873 1500 suit

187 1518 373 1551 Eubulidas
414 1520 590 1560 Grosphus
629 1518 873 1558 Centuripinus

188 1570 269 1607 (Cic.
295 1569 393 1599 Verr.
419 1570 499 1599 Ace.
527 1568 562 1605 3,
588 1568 653 1607 23).
687 1568 786 1599 Hune
803 1568 873 1598 Ho-

187 1619 260 1649 ratii
285 1618 435 1648 amicum
459 1616 513 1648 vel
537 1619 673 1658 patrem
698 1618 771 1648 eius
789 1616 874 1648 civi-

189 1670 295 1698 tatem
320 1667 510 1698 Romanam
539 1675 602 1707 per
625 1667 686 1698 Cn.
713 1667 773 1697 aut
793 1667 870 1697 Sex.

188 1717 390 1757 Pompeium
416 1716 583 1756 adeptum
608 1724 685 1747 esse
711 1715 870 1746 arbitror.

191 1783 226 1788 —
245 1766 439 1797 sententias
461 1766 547 1797 duas
563 1766 746 1806 primarias
763 1764 873 1797 habes

188 1824 219 1845 v.
247 1815 296 1846 43.
323 1817 355 1846 et
385 1824 417 1846 v.
446 1816 496 1846 25.
537 1834 571 1837 —
609 1815 874 1856 Compositionis

190 1866 327 1904 tenipus
362 1863 496 1895 definiri
532 1864 667 1904 nequit3
709 1864 876 1895 fluctuant

190 1914 278 1944 inter
301 1922 331 1944 a.
358 1914 420 1945 726
445 1916 479 1945 et
502 1914 575 1945 73⁴.

236 1963 263 1992 t.
290 1963 407 2003 Otium]
435 1963 611 2002 «quietum
634 1963 723 1994 vitae
748 1965 877 1994 statum

192 2011 413 2042 coniunctum
438 2020 519 2042 cum
542 2012 793 2043 sufficientibus
814 2012 880 2042 sor-

193 2060 282 2091 tunis
306 2069 517 2100 semperque
546 2063 719 2092 remotum
743 2070 761 2091 a
786 2061 879 2101 peri—

193 2108 293 2142 eulis.
314 2109 416 2145 euris,
436 2109 758 2141 vehementioribus
774 2110 879 2140 animi

194 2158 362 2193 inionibus,
391 2160 536 2198 negotiis
562 2160 644 2190 item
669 2168 709 2190 ae
730 2159 882 2190 muneri-

194 2208 258 2239 bus
287 2207 450 2248 publivis,
484 2209 652 2249 imprimis
683 2218 700 2239 a
727 2208 878 2240 militia.»

194 2258 287 2288 linw-
312 2256 468 2299 σχολήν,
495 2257 665 2290 Aristoteli
683 2267 788 2299 saepe
805 2256 881 2289 δια-

193 2305 337 2348 γωγήν,
383 2307 663 2348 tranquillitatem
702 2310 879 2348 tamquam

194 2356 298 2387 tini-ni
329 2356 500 2388 honorum
531 2359 693 2397 expetunt
727 2356 769 2388 illi
803 2358 878 2398 ipsi,

193 2406 250 2445 qui
277 2406 434 2436 maximis
458 2414 495 2436 se
517 2407 605 2436 xitae
623 2406 880 2439 discriminibus

194 2458 386 2495 exponunt.
425 2458 599 2486 mers-ator
627 2458 659 2486 et
691 2455 807 2492 miles,
846 2459 881 2487 ut

194 2505 300 2544 copiis
325 2506 452 2544 paratis
470 2506 610 2536 tandem
628 2506 796 2542 otientur3
823 2514 882 2536 ve-

195 2561 269 2583 rum
301 2555 416 2584 antem
447 2554 553 2585 otium
585 2554 713 2594 pendet
740 2563 779 2585 ex
805 2555 880 2586 ani—

196 2602 239 2631 mi
259 2601 348 2632 hene
366 2603 548 2643 compositi
566 2604 755 2634 constantia
775 2605 880 2644 atque

195 2659 310 2682 reruni
363 2654 585 2684 externarum
635 2653 877 2693 despicientia,

196 2708 299 2738 quam
325 2701 472 2741 quisque
494 2701 633 2733 sibimet
658 2702 731 2742 ipse
748 2698 881 2747 αὐταρ-

197 2749 276 2791 κείᾳ.
309 2758 368 2780 sua
405 2753 583 2790 praestari·
623 2750 727 2783 dehet
766 2761 878 2792 neque

372 1323 549 1363 Grosphus
593 1324 646 1354 est
690 1322 876 1362 Pompeius
926 1322 1148 1361 exspectare,
1174 1322 1211 1351 ut
1228 1328 1311 1351 casu
1328 1320 1550 1351 nanciscatur
1565 1319 1612 1358 id,

926 1369 1019 1410 quod
1043 1370 1149 1410 optat.
1192 1369 1256 1409 (Sic
1274 1370 1326 1400 ter
1341 1369 1444 1400 otium
1461 1368 1614 1401 Catullus

923 1421 958 1451 51
976 1445 982 1458 ,
1009 1419 1073 1458 42.)
1101 1437 1136 1441 —
1162 1419 1196 1449 in
1211 1419 1350 1459 patenti]
1371 1419 1424 1450 «in
1440 1418 1509 1450 alto
1526 1420 1613 1450 mari

923 1467 1150 1510 procelloso.»
1169 1469 1361 1500 Monstrum
1378 1467 1534 1500 lectionis
1549 1468 1615 1499 ha—

922 1518 1032 1550 bebat
1070 1518 1198 1549 Barthii
1238 1518 1373 1549 Codex:
1422 1517 1611 1557 imponenti,

922 1568 1014 1600 unde
1039 1568 1242 1599 Sanadonus
1264 1568 1445 1607 impotenti.

965 1618 997 1648 ⁶2.
1023 1617 1171 1658 Prensus]
1207 1616 1302 1648 Ovid.
1329 1618 1410 1648 Met.
1437 1616 1494 1654 Η,
1533 1615 1612 1646 663;

921 1666 1059 1697 Nubilus
1081 1667 1208 1706 Aeqaeo
1232 1666 1399 1706 deprendit
1422 1666 1457 1696 in
1473 1674 1616 1704 aequore

923 1716 1034 1747 navim
1049 1716 1175 1748 Auster.
1202 1716 1292 1756 Virg.
1313 1717 1373 1747 Ge.
1392 1714 1427 1754 li,
1447 1714 1526 1746 424:
1553 1715 1617 1745 De-

918 1767 1047 1805 prensis
1073 1766 1151 1797 olim
1177 1766 1273 1796 statio
1297 1765 1457 1806 fidissima
1483 1765 1614 1802 nauti33

924 1816 983 1847 ubi
1014 1816 1174 1847 Servius:
1215 1816 1409 1855 «deprensus
1439 1815 1616 1846 nauticum

923 1865 1073 1896 verbum
1090 1865 1160 1903 est,
1188 1873 1269 1896 cum
1286 1865 1494 1906 tempestate
1515 1872 1618 1895 oecu-

926 1916 1085 1955 pantur.»
1132 1914 1186 1945 Sic
1230 1913 1325 1945 Plato
1361 1913 1488 1946 Phaed.
1535 1921 1613 1954 pag.

926 1964 979 1995 58.
998 1964 1041 1995 B:
1069 1958 1161 1994 ὅταν
1184 1959 1350 2000 τύχωσιν
1371 1958 1510 2004 ἄνεμοι
1525 1958 1618 1993 ἀπο-

927 2011 1108 2052 λαβόντες
1134 2008 1284 2052 αὖτούς.
1323 2012 1479 2053 Apollon.
1505 2012 1614 2044 Rhod.

929 2064 964 2100 Ξ,
994 2063 1093 2094 4087:
1135 2057 1182 2094 οὔ
1213 2072 1288 2101 σφε
1311 2060 1516 2100 κατέλλαβε
1539 2062 1617 2099 χεί-

928 2121 1049 2153 ματος
1077 2106 1157 2155 ὥρη
1181 2107 1434 2156 Ἇπροφάτως.
1480 2112 1618 2142 Prensus

930 2162 1030 2201 igitur
1057 2160 1211 2192 subitum
1246 2160 1417 2201 procellae
1447 2161 1617 2201 impetum

929 2210 1114 2250 significat;
1138 2219 1268 2249 pressus
1290 2210 1457 2249 naufragii
1483 2210 1619 2250 pericu-

930 2259 1012 2291 lum.
1072 2258 1156 2290 lllud
1191 2268 1274 2290 sane
1312 2256 1615 2303 ποιητικώτερον.

931 2310 1001 2341 lloc
1026 2308 1124 2340 dicit:
1160 2310 1216 2341 «ln
1241 2309 1438 2340 huiusmodi
1453 2310 1618 2347 *extremo

930 2359 1018 2389 vitae
1036 2358 1235 2391 discrimine
1254 2359 1340 2390 deos
1356 2360 1520 2399 precatur
1536 2366 1620 2388 nau-

930 2410 979 2445 ta,
1015 2410 1053 2439 ut
1082 2408 1148 2440 hoo
1181 2410 1284 2440 etiam
1316 2409 1480 2449 superato
1510 2407 1618 2438 otium

931 2458 1071 2490 tandem
1110 2457 1190 2490 illud
1229 2459 1287 2490 diu
1322 2458 1518 2499 quaesitum
1553 2456 1618 2488 sibi

930 2507 1116 2548 obtingat.»

972 2557 1003 2588 3.
1032 2558 1172 2588 «Lumen
1198 2566 1261 2598 pro
1284 2558 1398 2588 limam
1424 2557 1532 2596 magis
1549 2555 1619 2597 pla-

930 2608 1003 2643 cet,
1023 2608 1059 2638 ut
1075 2607 1179 2638 etiam
1196 2606 1246 2639 sol
1263 2606 1616 2647 csmiprehendatur.»

931 2657 1070 2686 Grzssffli.
1097 2655 1185 2687 «Sed
1211 2656 1323 2695 imago
1346 2656 1455 2687 noctis
1472 2657 1525 2687 est
1541 2654 1616 2687 loco

931 2707 965 2736 et
998 2705 1046 2736 rei
1082 2706 1227 2746 aptior.»
1275 2705 1396 2736 Zflusr..
1442 2722 1475 2726 —-
1515 2705 1615 2745 cer-la]

933 2753 1080 2794 aquibus
1097 2753 1191 2791 alias,
1211 2762 1292 2786 cum
1309 2762 1431 2786 eorum
1449 2753 1616 2786 claritudo
