1997 3219
308 157 388 198 364

812 162 980 193 llORATll
1005 163 1224 195 CARMINUM

476 263 633 304 Vestris
665 263 847 305 amicum
878 263 1060 306 fontibus
1092 271 1133 306 et
1164 265 1304 307 choris
1692 268 1742 308 257»

474 343 564 384 Non
595 357 662 385 me
694 342 898 399 Philippis
928 357 1052 386 versa
1084 345 1199 390 acies
1232 352 1364 387 retro.

527 424 691 465 Devota
722 436 805 465 non
837 424 1033 465 exstinxit
1063 424 1211 473 arbos,

582 504 668 545 Nec
699 502 841 545 Sicula
872 503 1094 546 Palinurus
1124 505 1252 547 unda.

471 607 693 663 Utcunque
724 621 892 651 mecum
922 622 998 651 vos
1030 610 1165 659 eritis,
1200 610 1335 653 libens

469 688 753 730 insanientem
784 689 923 731 navita
953 691 1192 746 Bosporum

1687 693 1739 734 30

523 768 709 811 Tentabo
740 776 782 812 et
811 777 984 813 urentes
1015 784 1168 813 arenas

584 849 735 891 Litoris
766 849 929 907 Assyrii
959 850 1120 901 viator,

386 973 437 1003 27.
464 972 566 1003 arbor
588 971 725 1010 BbSed,
763 974 850 1004 Pott.
878 982 1019 1012 omnes,
1056 975 1080 1005 L
1115 976 1149 1005 et
1172 974 1282 1006 Bentl.
1310 984 1391 1007 cum
1415 976 1487 1008 suis
1512 976 1689 1009 omnibus.

344 1022 393 1060 (Ut
416 1029 498 1059 nos,
519 1022 567 1060 T.)
598 1038 631 1043 —
660 1021 713 1053 34.
740 1025 868 1053 arentes
891 1022 1022 1060 cd‚LCt
1045 1024 1080 1054 et
1095 1023 1204 1055 Bentl.
1234 1024 1284 1063 (Ut
1301 1033 1364 1056 nos
1382 1024 1495 1062 BbST,
1521 1036 1567 1067 γκ
1593 1035 1693 1058 «cum

340 1069 413 1102 aliis
438 1070 610 1102 inferioris
635 1072 737 1102 notae
758 1080 786 1107 ;»
813 1071 897 1102 item
922 1073 1000 1109 octo
1024 1071 1125 1111 Pott.)
1155 1090 1190 1095 —
1216 1073 1360 1104 harenas
1384 1075 1446 1105 BT.

295 1188 374 1227 pter
402 1196 511 1228 aquas
537 1186 666 1220 calidas
692 1189 726 1219 et
749 1190 882 1228 gratam
912 1188 990 1229 puri

295 1237 386 1267 aeris
411 1237 622 1277 temperiem
648 1246 710 1277 per
733 1239 906 1269 aestatem
923 1238 990 1270 fre—

296 1288 517 1326 quentatum.
547 1286 595 1318 Cf.
617 1287 678 1318 Od.
698 1288 734 1326 ⁶2,
755 1287 809 1326 48,
827 1288 880 1319 ⁶20.
899 1288 985 1328 Epp.

296 1336 308 1365 »1
328 1360 333 1373 ,
362 1336 373 1366 4
392 1361 398 1373 ,
425 1336 484 1367 83:
511 1336 629 1367 Nullus
652 1337 685 1367 in¹
702 1337 778 1368 orbe
793 1337 883 1368 sinus
898 1337 990 1368 Baiis

290 1385 463 1424 praelucet
486 1386 642 1416 amoenis

337 1434 389 1464 25.
420 1434 538 1465 Vestris
552 1452 570 1456 -
584 1435 736 1475 sontibus]
758 1443 909 1475 quorum
927 1444 988 1466 ce-

293 1481 518 1514 lebratissimi
543 1485 641 1515 erant
658 1485 897 1524 Hippocrene,
925 1484 989 1515 Ca—

294 1531 404 1570 stalia,
420 1533 611 1573 Aganippe,
626 1534 768 1571 Pirene;
787 1533 851 1565 sed
864 1542 987 1565 omnes

293 1580 424 1619 fontes,
460 1582 554 1621 apud
578 1591 667 1622 quos
692 1583 847 1614 carmina
872 1582 987 1614 medi-

293 1631 409 1661 tantur
441 1632 585 1671 poetae,
622 1632 656 1662 in
692 1632 871 1663 Musarum
905 1633 987 1664 sunt

293 1678 411 1710 tutela.

336 1729 388 1759 ¹26.
414 1728 580 1769 Philippis]
599 1729 660 1760 Od.
680 1729 716 1766 2,
744 1730 780 1767 7,
807 1729 836 1760 9.
865 1731 982 1770 lunge:

291 1779 378 1809 acies
393 1781 480 1808 retro
496 1787 592 1809 versa
604 1778 773 1817 Philippis,
794 1788 881 1810 non:
901 1780 986 1811 acies

289 1827 444 1866 Philippis
460 1836 540 1867 pro:
569 1828 682 1867 «apud
700 1827 874 1868 Philippos
891 1837 987 1860 com-

291 1877 396 1908 missa
408 1885 441 1909 »ς
468 1876 562 1916 quod
587 1877 646 1916 qui
671 1877 834 1917 praetulit
858 1878 984 1910 frustra

291 1924 393 1956 simul
419 1925 586 1956 coniecit:
618 1926 774 1965 Philippi,
798 1935 894 1957 versa
915 1927 985 1958 acie

290 1977 390 2005 retro.

332 2024 385 2054 ¹27.
403 2024 456 2054 28.
482 2025 620 2065 Devola]
641 2024 714 2057 «dis
731 2025 849 2056 inseris
867 2034 980 2063 sacra,

289 2073 409 2112 utpote
445 2081 534 2112 quae
571 2073 655 2103 mihi
694 2081 804 2114 prope
840 2075 982 2105 exitium

288 2120 475 2152 attulerit.»
504 2139 538 2143 —
564 2122 750 2163 Palinurus]
776 2125 982 2163 promonto-

288 2171 378 2202 rium
403 2170 447 2201 ad
473 2172 671 2203 extremum
702 2172 818 2203 sinum
842 2172 982 2204 Velien—

287 2228 363 2251 sem
400 2220 434 2250 in
468 2221 640 2251 Lucaniae
675 2229 753 2259 ora,
796 2221 981 2261 naufragiis

287 2269 433 2306 infame,
454 2277 472 2299 a
490 2268 666 2306 Palinuro,
693 2270 832 2300 Aeneae
855 2270 982 2310 guber-

287 2319 409 2348 natore
441 2317 487 2348 ibi
520 2319 551 2349 in
587 2326 685 2349 mare
722 2318 906 2356 demerso,
944 2321 980 2350 ut

287 2366 410 2404 fertur,
438 2366 488 2397 sic
513 2367 741 2398 nominatum.
770 2367 872 2407 (Virg.
892 2369 976 2399 Aen.

286 2416 322 2451 6,
350 2415 411 2446 373
436 2416 550 2455 seqq.)
577 2416 755 2455 Nusquam
780 2415 859 2447 alibi
876 2417 978 2448 huius

286 2464 429 2502 periculi
464 2466 621 2496 meminit
649 2467 763 2505 poeta.
814 2467 978 2498 Ceterum

284 2513 477 2557 «ἐναργείας
493 2514 652 2554 poeticae
671 2515 778 2554 gratia
804 2515 978 2546 eiusmodi

285 2561 465 2594 dumtaxat
496 2562 668 2594 beneficia
693 2572 711 2593 a
736 2563 841 2595 Musis
874 2564 906 2594 in
939 2573 977 2596 se

285 2610 406 2642 collata
432 2613 658 2649 memoravit,
685 2620 776 2652 quae
796 2614 977 2645 externam

284 2658 435 2699 aliquam
461 2661 634 2693 haberent
657 2662 833 2702 speciem,
868 2661 977 2694 oculis

1040 1189 1171 1220 maiora
1204 1188 1278 1228 illa,
1317 1190 1445 1230 quibus
1475 1193 1631 1223 mentem
1661 1193 1737 1223 ani-

1039 1246 1208 1278 mumque
1243 1240 1329 1279 grati
1365 1241 1489 1280 poetae
1522 1240 1733 1277 affecerant;

1039 1286 1213 1327 simulque
1230 1287 1284 1319 illa
1298 1289 1386 1319 ratio
1399 1288 1508 1320 multo
1526 1290 1731 1321 modestior.

1081 1336 1133 1367 ⁵29,
1153 1336 1205 1367 30.
1235 1337 1401 1376 Utcunque
1418 1337 1498 1378 cet]
1519 1338 1734 1370 «dummodo

1036 1394 1099 1417 vos
1124 1394 1181 1416 me
1214 1387 1471 1417 comitemini.»
1499 1405 1535 1409 -
1560 1388 1733 1419 Insanien-

1035 1434 1116 1475 tem]
1134 1435 1226 1474 Virg.
1248 1434 1318 1466 Ecl.
1338 1435 1374 1473 9,
1402 1434 1460 1467 43:
1486 1436 1595 1467 insani
1609 1437 1734 1477 feriant

1035 1484 1103 1515 sine
1126 1484 1226 1515 litora
1243 1485 1372 1525 fluctus
1395 1500 1429 1506 —
1449 1485 1643 1526 Bosporum]
1666 1486 1729 1517 Od.

1036 1533 1071 1571 2,
1099 1532 1159 1571 43,
1188 1532 1239 1564 44.

1079 1582 1132 1613 311.
1182 1583 1324 1623 urentes]
1372 1583 1539 1614 Dixerunt
1586 1584 1731 1624 quidem

1035 1635 1164 1662 arentes
1177 1641 1298 1662 arenas
1311 1631 1412 1664 Silius
1427 1632 1456 1671 (6
1470 1657 1476 1670 ,
1497 1632 1598 1672 ita),
1626 1632 1732 1664 Clau-

1035 1680 1176 1718 dianus,
1204 1681 1377 1721 Corippus
1397 1681 1439 1720 (v.
1458 1681 1595 1722 Bentl.)‚
1615 1691 1730 1722 neque

1035 1729 1286 1761 offendendum
1311 1732 1406 1761 esset
1430 1730 1464 1761 in
1489 1739 1593 1768 sono,
1626 1740 1731 1772 prae-

1035 1779 1157 1809 sertim
1181 1779 1373 1818 quantitate
1398 1778 1537 1810 diversa
1556 1780 1627 1819 <Ον.
1647 1781 1727 1812 Met.

1035 1827 1092 1865 45,
1119 1827 1201 1858 268:
1231 1827 1324 1858 siccis
1346 1828 1462 1858 humus
1484 1831 1557 1859 aret
1576 1829 1726 1869 arenis),

1034 1876 1097 1907 sed
1122 1878 1241 1907 tamen
1266 1876 1355 1908 foret
1370 1875 1545 1908 ἐπίθετον
1562 1878 1726 1915 otiosum,

1033 1934 1157 1957 omnes
1192 1934 1319 1957 arenae
1356 1935 1436 1957 cum
1476 1929 1616 1965 areant,
1658 1936 1728 1958 non

1034 1983 1158 2006 omnes
1197 1977 1299 2006 urant
1339 1977 1376 2006 ut
1412 1976 1597 2015 Assyrium
1634 1974 1725 2008 litus.

1033 2023 1101 2055 Sed
1125 2023 1222 2055 litem
1247 2024 1377 2055 dirimit
1400 2025 1590 2055 auctoritas
1615 2025 1724 2056 Codd.

1031 2072 1133 2104 BbST
1166 2074 1200 2104 et
1231 2075 1310 2105 octo
1336 2074 1500 2105 Pottierii.
1548 2075 1727 2105 Incertum

1032 2124 1101 2161 est,
1145 2123 1263 2153 utrum
1299 2121 1464 2162 intelligat
1496 2123 1616 2162 Syriae
1652 2122 1728 2154 Pal—

1031 2180 1198 2211 myrenas
1245 2171 1472 2209 solitudines,
1522 2181 1612 2211 quae
1663 2181 1726 2202 au-

1031 2222 1129 2252 ctore
1158 2220 1265 2252 Plinio
1297 2221 1336 2252 1⁷1.
1371 2222 1409 2252 N.
1447 2222 1484 2257 5,
1520 2221 1570 2252 24.
1611 2230 1725 2261 usque

1030 2269 1074 2300 ad
1108 2271 1268 2307 Petram,
1311 2269 1438 2301 urbem
1475 2272 1508 2301 et
1544 2271 1725 2309 regionem

1028 2318 1177 2350 Arabiae
1217 2318 1340 2353 felicis.
1390 2318 1630 2360 pertinebant,
1679 2327 1723 2350 an

1029 2370 1144 2409 ipsum
1157 2369 1278 2407 Syriae
1296 2368 1386 2400 litus.
1405 2369 1547 2407 Assyria
1563 2368 1726 2408 frequen-

1031 2419 1082 2448 ter
1100 2426 1165 2457 pro
1183 2418 1281 2457 Syria
1299 2426 1317 2447 a
1334 2418 1445 2457 poetis
1463 2418 1670 2457 usurpatur,
1691 2418 1724 2447 et

1028 2466 1164 2506 Syriam
1184 2469 1356 2505 perustam
1382 2466 1465 2497 dixit
1488 2466 1592 2497 etiam
1614 2465 1723 2497 Mani-

1028 2515 1092 2546 lius
1117 2514 1151 2553 4,
1185 2515 1259 2546 625.
1306 2515 1367 2554 (De
1402 2515 1545 2554 Assyria
1579 2514 1721 2553 propria

1029 2565 1061 2595 h.
1096 2563 1117 2595 1.
1145 2573 1188 2595 ne
1223 2565 1436 2604 cogitemus,
1473 2562 1653 2595 dissuadet
1688 2571 1719 2592 v.

1028 2613 1131 2653 litus.)

1072 2662 1124 2693 33.
1144 2662 1332 2702 Britannos]
1352 2662 1456 2693 Tacit.
1475 2663 1562 2692 Anu.
1584 2659 1637 2696 lli,
1661 2660 1718 2690 30:

285 2709 385 2748 quasi
408 2711 641 2751 propositam,
680 2711 843 2742 omittens
876 2710 976 2751 longe
1028 2712 1181 2743 Britanni
1204 2720 1321 2742 cruore
1344 2711 1473 2751 captivo
1497 2709 1628 2741 adolere
1643 2718 1723 2739 aras
