1997 3219
349 176 428 215 (tt-ti

889 178 1055 209 llORATll
1081 178 1246 209 EPODON

629 281 718 330 Qua
753 280 860 321 serre
895 293 977 320 non
1009 279 1156 321 molles
1187 281 1338 322 viros?
1740 282 1783 321 lo

573 362 772 403 Feremus
804 367 917 418 etnte
950 360 1014 402 vel
1048 375 1125 416 per
1156 360 1321 416 Alpium
1354 362 1447 417 iuga

629 440 927 497 inhospitalem
958 447 998 482 et
1032 440 1269 483 Caucasum

572 521 642 563 Vel
675 520 920 563 Occidentis
952 519 1090 577 usque
1123 520 1176 562 ad
1208 520 1400 562 ultimum
1432 522 1569 563 sinum

626 602 736 643 Forti
769 614 1003 657 sequemur
1034 608 1222 660 pectore.

572 684 707 738 Reges
721 717 727 724 .
763 689 881 724 tuum
913 682 1059 724 labore

1091 682 1195 738 quid
1227 683 1367 725 iuvem
1401 696 1523 725 meo.

628 762 812 805 lmbellis
844 776 892 804 ac
923 762 1070 805 firmus
1104 777 1254 819 parum
1273 763 1293 803 1?

570 845 722 886 Comes
753 843 917 885 minore
953 858 1046 885 sum
1077 844 1241 886 futurus
1273 845 1313 885 in
1346 851 1487 889 metu,

626 924 705 975 Qui
738 925 873 966 maior
902 924 1100 966 absentes
1132 924 1285 973 habet;

435 1075 485 1105 40.
513 1075 614 1114 Quem
638 1073 708 1105 bed
744 1076 779 1105 et
812 1073 971 1114 plerique
1008 1075 1180 1113 Pottierii,
1218 1076 1303 1108 item
1338 1074 1455 1107 Aldus.
1495 1075 1584 1115 (Oua
1609 1075 1685 1107 BST
1709 1080 1741 1107 et

391 1126 543 1157 Pottierii
561 1127 573 1157 4
592 1151 597 1163 ,
613 1125 650 1163 3,
665 1126 709 1165 7.)
730 1145 763 1148 -
794 1126 844 1157 «Ιὲ.
863 1128 892 1157 ct
908 1134 978 1157 om.
998 1126 1032 1156 d.
1054 1143 1091 1148 —-
1112 1125 1161 1156 45.
1182 1124 1327 1156 laborem
1343 1125 1368 1156 T
1385 1125 1587 1171 etPOttierii
1604 1132 1741 1156 omnes.

392 1193 428 1197 —
457 1175 508 1206 46.
535 1175 662 1206 labellis
677 1176 713 1206 Τ.
736 1193 768 1197 —-
799 1175 850 1206 47.
869 1176 931 1206 sim
947 1176 1089 1206 auctore
1107 1176 1146 1206 N.
1173 1174 1313 1206 Heinsio
1330 1173 1518 1206 Bentleius.
1540 1191 1577 1196 —
1609 1174 1659 1205 48.
1687 1173 1743 1205 ab·-

390 1225 487 1255 senlis
509 1225 542 1255 S.
570 1241 606 1247 -—
634 1224 755 1256 Deficit
782 1225 814 1256 in
838 1233 870 1254 v.
899 1224 950 1255 48.
979 1223 1063 1256 Cod.

347 1353 593 1386 Andromacha
628 1353 721 1395 apud
757 1354 826 1386 Cic.
864 1355 964 1385 Tusc.
1002 1354 1066 1404 ⁴'l

348 1403 406 1436 440.
438 1404 524 1441 Vidi,
548 1404 659 1434 videre
682 1405 769 1442 quod
791 1412 842 1435 me
859 1412 961 1443 passa
983 1411 1042 1434 ae-
1063 1407 1066 1423 ²

346 1461 510 1493 qermcme.
551 1469 585 1474 —
627 1453 857 1492 Inhospitalem
873 1472 892 1476 -
909 1454 1042 1485 Cauca—

349 1501 438 1542 sum]
482 1504 520 1533 ut
554 1501 616 1533 od.
650 1503 686 1541 4,
725 1503 785 1541 ⁶22,
823 1502 853 1533 6.
907 1503 1041 1534 Seneca

349 1551 490 1591 Thyesti.
525 1550 624 1583 4049:
665 1551 869 1591 inhospitalis
903 1552 1042 1584 Caucasi

346 1609 462 1640 rupem
491 1609 646 1639 asperam
671 1619 706 1622 —
746 1601 870 1641 simon]
895 1601 1038 1639 Oceani,

348 1649 391 1680 ad
408 1650 594 1690 Hispaniae
611 1659 710 1681 oram
722 1649 892 1681 ultimam.
919 1651 1038 1681 Seuer.

349 1698 541 1736 Cs1·.0d.2,
558 1700 589 1737 6,
610 1700 622 1729 4
642 1709 647 1729 z
675 1700 811 1738 Septimi
836 1700 942 1730 Gades
965 1699 1041 1730 adt-

347 1752 420 1779 !nre
451 1757 588 1779 meeum„
636 1748 752 1787 Virgil.
788 1750 845 1779 Ge.
882 1749 921 1782 Ξ.

347 1797 499 1828 Eaflremi
521 1797 611 1828 sinus
634 1797 730 1828 orbis.

394 1846 508 1877 45-48.
546 1846 658 1887 Itoyes]
698 1846 763 1877 «Ex
800 1854 856 1877 me
891 1854 1041 1886 quaeres

350 1894 529 1927 fortasse.»
560 1913 594 1917 -·-
613 1895 760 1935 [inbellis]
786 1895 848 1926 Od.
867 1895 906 1932 ¹2,
933 1895 972 1934 6,
999 1896 1038 1926 7:

348 1945 432 1976 lasso
463 1945 568 1975 maris
597 1947 624 1975 ct
662 1945 795 1975 viarum
826 1944 1038 1983 Militiaeque.
1064 1966 1066 1970 ,

351 2012 385 2016 —-
410 1996 526 2034 firmus
554 1994 690 2035 parum]
727 1994 770 2025 ad
804 1993 1040 2025 valetudinem

348 2043 513 2083 pertinet,
540 2052 606 2083 qua
632 2052 699 2075 non
718 2043 848 2083 optima
865 2042 1039 2074 utebatur.

352 2111 386 2115 —
412 2093 539 2124 minore
561 2092 643 2133 sum]
674 2093 779 2123 Certo
803 2093 909 2131 atque
933 2091 1041 2123 obfir—

350 2144 444 2173 mato
479 2141 595 2173 animo
630 2141 821 2182 respondet
856 2141 1040 2181 superiori,

351 2199 457 2231 quam
503 2191 706 2231 exspectat,
756 2190 1039 2229 interrogationi,

350 2241 515 2279 quocirca
563 2239 748 2271 indicativo
794 2239 923 2277 utitur,
973 2248 1041 2271 non

350 2288 479 2320 Heinsii
505 2289 737 2320 coniunctim,
771 2307 803 2310 —-
830 2288 938 2329 habet]
969 2290 1042 2320 «te—

352 2339 426 2375 net,
454 2339 638 2378 occupat.»

396 2387 510 2419 tsi-22.
540 2388 577 2418 Ut
593 2387 748 2427 assidens]
766 2386 927 2427 Aesehyl.
948 2388 1040 2428 Sept.

352 2435 428 2466 adv.
467 2435 575 2467 Theb.
614 2437 687 2467 ²291*
727 2437 786 2467 D.:
825 2432 1043 2480 «Ιφάκοντας

351 2479 402 2524 ὥς
435 2495 490 2525 τις
523 2486 663 2517 τέκνων
682 2481 955 2529 ’Τπερδέδοικεν
985 2484 1043 2516 λε-

351 2535 471 2572 χαίων
501 2532 780 2578 δυσευνάτορας
817 2532 1043 2579 ΙΙάντροφος

961 1748 1038 1779 4’·.).3;
1062 1750 1066 1788 Ι

353 2581 511 2623 πελειάς.
539 2586 651 2624 Atque
670 2584 713 2615 de
732 2584 897 2623 palumbo
915 2585 970 2615 hie
988 2593 1044 2615 eo-

353 2633 458 2671 gitare
489 2632 584 2671 lieet,
616 2635 653 2664 ut
677 2633 806 2673 gratior
831 2633 885 2663 liat
914 2634 1039 2674 imago.

353 2680 414 2711 Alii
428 2681 471 2712 de.
485 2681 670 2713 hirundine
684 2684 934 2722 exposuerunt,
952 2681 1043 2713 haud

357 2738 532 2761 memores
568 2731 629 2761 has
654 2732 685 2761 in
713 2731 830 2762 tectis,
869 2731 1040 2766 turribus,

1091 1223 1203 1254 Turic.
1229 1231 1343 1263 usque
1368 1223 1412 1254 ad
1435 1223 1545 1264 Epod.
1571 1223 1612 1260 9,
1639 1222 1691 1253 37.

1093 1352 1240 1394 rupibus
1275 1353 1473 1394 praeruptis
1514 1352 1692 1384 nidificare
1729 1361 1787 1384 so-

1092 1401 1183 1440 lere,
1202 1410 1291 1442 quos
1315 1402 1350 1433 in
1372 1401 1468 1433 locos
1493 1404 1676 1443 serpentes
1701 1401 1786 1433 alla-

1091 1451 1127 1482 bi
1154 1452 1209 1482 vix
1236 1452 1395 1492 possunt.
1451 1450 1501 1482 Ad
1533 1452 1640 1482 totam
1667 1452 1785 1483 autem

1093 1500 1281 1540 imaginem
1305 1500 1366 1531 cfr.
1386 1500 1517 1532 Moschi
1546 1499 1594 1531 Id.
1613 1498 1634 1531 δ
1648 1524 1656 1538 ‚
1674 1501 1709 1531 6ΖΙ
1731 1509 1784 1540 sq.

1091 1550 1300 1590 praesertim
1332 1558 1365 1580 Υ.
1392 1550 1452 1580 25:
1487 1545 1525 1590 (ἡ
1551 1544 1667 1594 ὅρνις)
1698 1545 1784 1581 Οὐδ’

1090 1595 1148 1643 ἄρ’
1171 1595 1250 1636 ἔχει,
1278 1598 1467 1629 τέκνοισιν
1496 1598 1714 1643 ἐπαρκέσαι.
1749 1617 1782 1620 -
1833 1637 1837 1638 ⁷

1094 1649 1153 1680 «Ut
1187 1648 1260 1679 avis
1296 1656 1338 1678 eo
1372 1648 1551 1687 tempore,
1590 1656 1659 1687 quo
1695 1647 1785 1679 fovet

1092 1695 1280 1737 implumes
1308 1694 1440 1736 pullos,
1478 1696 1532 1728 his
1563 1695 1714 1734 relictis,
1753 1696 1784 1726 id

1098 1747 1170 1783 est,
1197 1754 1278 1776 eum
1301 1754 1362 1777 eos
1387 1753 1490 1776 escae
1507 1745 1681 1785 petendae
1707 1754 1788 1776 eau-

1092 1804 1129 1826 sa
1157 1793 1312 1834 reliquit,
1350 1794 1460 1833 magis
1502 1795 1601 1826 timet
1640 1804 1785 1836 serpen-

1092 1845 1178 1875 tium
1222 1844 1374 1884 impetus
1411 1844 1445 1875 in
1484 1844 1606 1875 nidum
1645 1853 1783 1876 suum.»

1093 1894 1214 1925 Statim
1246 1894 1365 1924 autem
1389 1894 1548 1933 sequitur
1572 1895 1786 1935 comparatio

1094 1951 1126 1975 v.
1151 1943 1259 1984 magis
1282 1942 1494 1983 significata3
1521 1943 1687 1974 nimirum
1710 1942 1786 1974 vol-

1092 1994 1182 2033 garis
1207 1993 1294 2024 ratio
1312 2001 1393 2024 cum
1412 1992 1550 2024 fuisset:
1580 1993 1700 2024 «timet
1716 2001 1788 2024 ma—

1093 2044 1143 2083 gis
1167 2042 1269 2083 pullis
1293 2041 1422 2074 relictis
1450 2050 1557 2082 quam
1585 2051 1786 2083 cumprae—

1093 2101 1173 2124 sens
1199 2093 1252 2124 est
1276 2093 1310 2123 in
1334 2090 1463 2127 nido»;
1490 2091 1581 2122 hane
1605 2090 1784 2132 praetulit:

1094 2142 1196 2179 «etsi,
1232 2141 1313 2172 licet
1337 2140 1441 2177 adsit,
1480 2148 1548 2171 non
1572 2138 1650 2181 plus
1674 2140 1785 2171 auxilii
1844 2170 1851 2176 ,

1093 2190 1156 2223 illis
1181 2192 1235 2223 est
1263 2189 1422 2228 latura»,
1459 2197 1522 2229 pro
1555 2198 1624 2230 quo
1656 2198 1786 2230 prono—

1094 2241 1187 2272 mine
1212 2248 1281 2271 non
1306 2239 1381 2270 sine
1404 2240 1437 2271 vi
1460 2239 1579 2281 posuit
1599 2239 1787 2278 praesenti.-

1093 2289 1167 2327 bus,
1207 2289 1283 2329 «qui
1319 2289 1411 2320 circa
1446 2298 1524 2321 eam
1556 2289 1783 2323 versanturm

1094 2347 1160 2379 qua
1193 2338 1326 2369 ratione
1358 2339 1480 2369 mutua
1510 2338 1636 2369 caritas
1666 2336 1786 2369 matris

1094 2389 1128 2419 et
1150 2386 1326 2428 pullorum
1343 2387 1706 2432 optime-exprimitur.
1738 2386 1785 2417 Ae

1093 2435 1235 2473 similia,
1262 2444 1352 2476 quos
1376 2436 1599 2476 pleonasmos
1617 2434 1699 2467 olim
1724 2443 1784 2465 vo-

1094 2485 1240 2521 cabant,
1282 2485 1435 2516 habebat
1469 2484 1686 2516 consuetudo
1720 2484 1785 2514 La-

1094 2537 1178 2567 tina:
1223 2533 1327 2566 Plaut.
1357 2535 1482 2566 Pseud.
1511 2534 1545 2572 lt,
1583 2535 1620 2572 7,
1657 2533 1716 2565 43:
1757 2535 1785 2562 te

1094 2586 1180 2624 ipsus
1198 2593 1312 2615 eoram
1330 2593 1486 2623 praesens
1505 2586 1709 2623 praesentem
1735 2582 1784 2611 υἱ-

1094 2635 1155 2665 det.
1182 2634 1319 2664 Terent.
1338 2632 1484 2674 Adelph.
1505 2633 1542 2670 3,
1569 2632 1603 2669 3,
1630 2631 1684 2661 39:
1712 2631 1782 2661 Non

1095 2683 1173 2722 quia
1196 2683 1273 2714 acles
1308 2690 1484 2722 praesens,
1522 2682 1592 2712 dico
1625 2680 1693 2711 hoc.
1732 2679 1780 2710 lh.

1095 2731 1131 2767 li,
1169 2733 1204 2767 ὅ,
1242 2731 1308 2763 M:
1347 2732 1426 2763 Cum
1461 2731 1543 2760 hanc
1577 2729 1635 2760 sibi
1668 2729 1784 2760 videbit
