<?xml version="1.0" encoding="UTF-8"?>
<!DOCTYPE html PUBLIC "-//W3C//DTD XHTML 1.0 Transitional//EN"
    "http://www.w3.org/TR/xhtml1/DTD/xhtml1-transitional.dtd">
<html xmlns="http://www.w3.org/1999/xhtml" xml:lang="en" lang="en">
 <head>
  <title>
</title>
<meta http-equiv="Content-Type" content="text/html;charset=utf-8" />
  <meta name='ocr-system' content='tesseract 3.04.00' />
  <meta name='ocr-capabilities' content='ocr_page ocr_carea ocr_par ocr_line ocrx_word'/>
</head>
<body>
  <div class='ocr_page' id='page_1' title='image "./qhoratiusflaccus01horauoft/qhoratiusflaccus01horauoft_0350.png"; bbox 0 0 1997 3219; ppageno 0'>
   <div class='ocr_carea' id='block_1_1' title="bbox 308 214 1229 255">
    <p class='ocr_par' dir='ltr' id='par_1_1' title="bbox 308 214 1229 255">
     <span class='ocr_line' id='line_1_1' title="bbox 308 214 1229 255; baseline -0.011 0"><span class='ocrx_word' id='word_1_1' title='bbox 308 214 388 255; x_wconf 83' lang='lat'>300</span> <span class='ocrx_word' id='word_1_2' title='bbox 817 215 984 247; x_wconf 69' lang='lat' dir='ltr'>iionATu</span> <span class='ocrx_word' id='word_1_3' title='bbox 1010 215 1229 247; x_wconf 67' lang='grc' dir='ltr'>(ῑΑΒΜιΝυΜ</span> 
     </span>
    </p>
   </div>
   <div class='ocr_carea' id='block_1_2' title="bbox 531 317 1325 369">
    <p class='ocr_par' dir='ltr' id='par_1_2' title="bbox 531 317 1325 369">
     <span class='ocr_line' id='line_1_2' title="bbox 531 317 1325 369; baseline -0.001 -10"><span class='ocrx_word' id='word_1_4' title='bbox 531 317 689 359; x_wconf 82' lang='lat' dir='ltr'>Multa?</span> <span class='ocrx_word' id='word_1_5' title='bbox 721 317 833 369; x_wconf 87' lang='lat' dir='ltr'>Quid</span> <span class='ocrx_word' id='word_1_6' title='bbox 865 324 997 360; x_wconf 87' lang='lat' dir='ltr'>terras</span> <span class='ocrx_word' id='word_1_7' title='bbox 1029 317 1109 359; x_wconf 88' lang='lat' dir='ltr'>alio</span> <span class='ocrx_word' id='word_1_8' title='bbox 1141 317 1325 360; x_wconf 86' lang='lat' dir='ltr'>calentes</span> 
     </span>
    </p>
   </div>
   <div class='ocr_carea' id='block_1_3' title="bbox 531 396 1375 454">
    <p class='ocr_par' dir='ltr' id='par_1_3' title="bbox 531 396 1375 454">
     <span class='ocr_line' id='line_1_3' title="bbox 531 396 1375 454; baseline -0.002 -15"><span class='ocrx_word' id='word_1_9' title='bbox 531 398 629 440; x_wconf 87' lang='lat' dir='ltr'>Sole</span> <span class='ocrx_word' id='word_1_10' title='bbox 660 397 907 439; x_wconf 82' lang='lat' dir='ltr'>mutamus?</span> <span class='ocrx_word' id='word_1_11' title='bbox 937 398 1101 440; x_wconf 77' lang='lat' dir='ltr'>Patriae</span> <span class='ocrx_word' id='word_1_12' title='bbox 1133 398 1228 454; x_wconf 84' lang='lat' dir='ltr'>quis</span> <span class='ocrx_word' id='word_1_13' title='bbox 1259 396 1375 438; x_wconf 85' lang='lat' dir='ltr'>exsul</span> 
     </span>
    </p>
   </div>
   <div class='ocr_carea' id='block_1_4' title="bbox 643 477 1736 534">
    <p class='ocr_par' dir='ltr' id='par_1_4' title="bbox 643 477 1736 534">
     <span class='ocr_line' id='line_1_4' title="bbox 643 477 1736 534; baseline -0.003 -14"><span class='ocrx_word' id='word_1_14' title='bbox 643 480 697 520; x_wconf 86' lang='lat' dir='ltr'>Se</span> <span class='ocrx_word' id='word_1_15' title='bbox 730 492 904 534; x_wconf 87' lang='lat' dir='ltr'>quoque</span> <span class='ocrx_word' id='word_1_16' title='bbox 935 478 1073 534; x_wconf 79' lang='lat' dir='ltr'>sugit?</span> <span class='ocrx_word' id='word_1_17' title='bbox 1682 477 1736 518; x_wconf 71' lang='lat'>20</span> 
     </span>
    </p>
   </div>
   <div class='ocr_carea' id='block_1_5' title="bbox 530 583 1237 627">
    <p class='ocr_par' dir='ltr' id='par_1_5' title="bbox 530 583 1237 627">
     <span class='ocr_line' id='line_1_5' title="bbox 530 583 1237 627; baseline -0.001 -1"><span class='ocrx_word' id='word_1_18' title='bbox 530 583 702 627; x_wconf 86' lang='lat' dir='ltr'>Scandit</span> <span class='ocrx_word' id='word_1_19' title='bbox 731 590 896 626; x_wconf 87' lang='lat' dir='ltr'>aeratas</span> <span class='ocrx_word' id='word_1_20' title='bbox 927 584 1077 625; x_wconf 87' lang='lat' dir='ltr'>vitiosa</span> <span class='ocrx_word' id='word_1_21' title='bbox 1107 597 1237 626; x_wconf 85' lang='lat' dir='ltr'>naves</span> 
     </span>
    </p>
   </div>
   <div class='ocr_carea' id='block_1_6' title="bbox 531 663 1411 720">
    <p class='ocr_par' dir='ltr' id='par_1_6' title="bbox 531 663 1411 720">
     <span class='ocr_line' id='line_1_6' title="bbox 531 663 1411 720; baseline -0.002 -13"><span class='ocrx_word' id='word_1_22' title='bbox 531 665 642 707; x_wconf 88' lang='lat' dir='ltr'>Cura</span> <span class='ocrx_word' id='word_1_23' title='bbox 671 678 752 707; x_wconf 87' lang='lat' dir='ltr'>nec</span> <span class='ocrx_word' id='word_1_24' title='bbox 781 671 941 706; x_wconf 85' lang='lat' dir='ltr'>turmas</span> <span class='ocrx_word' id='word_1_25' title='bbox 968 663 1163 720; x_wconf 61' lang='lat' dir='ltr'>*equitum</span> <span class='ocrx_word' id='word_1_26' title='bbox 1194 663 1411 719; x_wconf 79' lang='lat' dir='ltr'>relinquit,</span> 
     </span>
    </p>
   </div>
   <div class='ocr_carea' id='block_1_7' title="bbox 350 812 1694 904">
    <p class='ocr_par' dir='ltr' id='par_1_7' title="bbox 350 812 1694 904">
     <span class='ocr_line' id='line_1_7' title="bbox 394 812 1693 852; baseline -0.002 -5"><span class='ocrx_word' id='word_1_27' title='bbox 394 816 444 847; x_wconf 66' lang='lat'>48.</span> <span class='ocrx_word' id='word_1_28' title='bbox 471 815 606 846; x_wconf 76' lang='lat' dir='ltr'>calentis</span> <span class='ocrx_word' id='word_1_29' title='bbox 629 815 664 844; x_wconf 90' lang='lat' dir='ltr'>T.</span> <span class='ocrx_word' id='word_1_30' title='bbox 706 831 741 835; x_wconf 91' lang='lat'>—</span> <span class='ocrx_word' id='word_1_31' title='bbox 781 813 832 844; x_wconf 71' lang='lat'>49.</span> <span class='ocrx_word' id='word_1_32' title='bbox 859 816 1025 844; x_wconf 77' lang='lat' dir='ltr'>mutamus</span> <span class='ocrx_word' id='word_1_33' title='bbox 1044 814 1161 852; x_wconf 75' lang='lat' dir='ltr'>patria</span> <span class='ocrx_word' id='word_1_34' title='bbox 1173 812 1190 843; x_wconf 73' lang='grc' dir='ltr'>ἶ)</span> <span class='ocrx_word' id='word_1_35' title='bbox 1229 814 1307 852; x_wconf 85' lang='lat' dir='ltr'>Quis</span> <span class='ocrx_word' id='word_1_36' title='bbox 1330 813 1424 844; x_wconf 59' lang='lat' dir='ltr'>eaesul</span> <span class='ocrx_word' id='word_1_37' title='bbox 1447 814 1572 845; x_wconf 83' lang='lat' dir='ltr'>Nescio</span> <span class='ocrx_word' id='word_1_38' title='bbox 1596 815 1693 844; x_wconf 88' lang='lat' dir='ltr'>cuius</span> 
     </span>
     <span class='ocr_line' id='line_1_8' title="bbox 350 862 1694 904; baseline -0.001 -9"><span class='ocrx_word' id='word_1_39' title='bbox 350 865 439 895; x_wconf 81' lang='lat' dir='ltr'>coni.</span> <span class='ocrx_word' id='word_1_40' title='bbox 474 863 565 904; x_wconf 88' lang='lat' dir='ltr'>apud</span> <span class='ocrx_word' id='word_1_41' title='bbox 595 862 800 894; x_wconf 85' lang='lat' dir='ltr'>Bentleium.</span> <span class='ocrx_word' id='word_1_42' title='bbox 841 880 875 884; x_wconf 90' lang='lat'><em>-</em></span> <span class='ocrx_word' id='word_1_43' title='bbox 908 863 960 893; x_wconf 72' lang='lat'>24.</span> <span class='ocrx_word' id='word_1_44' title='bbox 992 863 1089 893; x_wconf 77' lang='lat' dir='ltr'>nauis</span> <span class='ocrx_word' id='word_1_45' title='bbox 1117 863 1214 900; x_wconf 83' lang='lat' dir='ltr'>BTc,</span> <span class='ocrx_word' id='word_1_46' title='bbox 1247 871 1372 901; x_wconf 81' lang='lat' dir='ltr'><em>puppes</em></span> <span class='ocrx_word' id='word_1_47' title='bbox 1401 862 1571 903; x_wconf 77' lang='lat' dir='ltr'>Excerpta</span> <span class='ocrx_word' id='word_1_48' title='bbox 1602 862 1694 894; x_wconf 90' lang='lat' dir='ltr'>Bod-</span> 
     </span>
    </p>
   </div>
   <div class='ocr_carea' id='block_1_8' title="bbox 348 911 708 953">
    <p class='ocr_par' dir='ltr' id='par_1_8' title="bbox 348 911 708 953">
     <span class='ocr_line' id='line_1_9' title="bbox 348 911 708 953; baseline -0.006 -8"><span class='ocrx_word' id='word_1_49' title='bbox 348 913 459 945; x_wconf 86' lang='lat' dir='ltr'>leiana</span> <span class='ocrx_word' id='word_1_50' title='bbox 483 912 576 953; x_wconf 83' lang='lat' dir='ltr'>apud</span> <span class='ocrx_word' id='word_1_51' title='bbox 599 911 708 944; x_wconf 88' lang='lat' dir='ltr'>Bentl.</span> 
     </span>
    </p>
   </div>
   <div class='ocr_carea' id='block_1_9' title="bbox 302 1041 998 2812">
    <p class='ocr_par' dir='ltr' id='par_1_9' title="bbox 302 1041 998 2812">
     <span class='ocr_line' id='line_1_10' title="bbox 306 1041 994 1083; baseline -0.004 -8"><span class='ocrx_word' id='word_1_52' title='bbox 306 1043 379 1076; x_wconf 86' lang='lat' dir='ltr'>alii:</span> <span class='ocrx_word' id='word_1_53' title='bbox 421 1043 510 1074; x_wconf 85' lang='lat' dir='ltr'>brevi</span> <span class='ocrx_word' id='word_1_54' title='bbox 535 1051 614 1074; x_wconf 88' lang='lat' dir='ltr'>aevo</span> <span class='ocrx_word' id='word_1_55' title='bbox 642 1042 752 1083; x_wconf 76' lang='lat' dir='ltr'>fortes.</span> <span class='ocrx_word' id='word_1_56' title='bbox 792 1041 844 1073; x_wconf 81' lang='lat' dir='ltr'>Ad</span> <span class='ocrx_word' id='word_1_57' title='bbox 875 1050 909 1073; x_wconf 89' lang='lat' dir='ltr'>v.</span> <span class='ocrx_word' id='word_1_58' title='bbox 941 1041 994 1072; x_wconf 77' lang='lat'>118.</span> 
     </span>
     <span class='ocr_line' id='line_1_11' title="bbox 307 1092 932 1133; baseline -0.008 -8"><span class='ocrx_word' id='word_1_59' title='bbox 307 1094 366 1125; x_wconf 82' lang='lat' dir='ltr'>cfr.</span> <span class='ocrx_word' id='word_1_60' title='bbox 393 1094 486 1133; x_wconf 85' lang='lat' dir='ltr'>Virg.</span> <span class='ocrx_word' id='word_1_61' title='bbox 513 1094 571 1124; x_wconf 89' lang='lat' dir='ltr'>Ge.</span> <span class='ocrx_word' id='word_1_62' title='bbox 597 1093 634 1131; x_wconf 68' lang='lat'>2,</span> <span class='ocrx_word' id='word_1_63' title='bbox 661 1092 735 1123; x_wconf 69' lang='lat'>542.</span> <span class='ocrx_word' id='word_1_64' title='bbox 929 1104 932 1107; x_wconf 25' lang='grc' dir='ltr'><strong>Δ</strong></span> 
     </span>
     <span class='ocr_line' id='line_1_12' title="bbox 350 1140 994 1181; baseline -0.006 -7"><span class='ocrx_word' id='word_1_65' title='bbox 350 1143 401 1174; x_wconf 74' lang='grc'>49.</span> <span class='ocrx_word' id='word_1_66' title='bbox 426 1140 616 1173; x_wconf 78' lang='lat' dir='ltr'>mutamus?</span> <span class='ocrx_word' id='word_1_67' title='bbox 649 1141 792 1181; x_wconf 77' lang='lat' dir='ltr'>Patriae]</span> <span class='ocrx_word' id='word_1_68' title='bbox 828 1141 915 1171; x_wconf 91' lang='lat' dir='ltr'>Cum</span> <span class='ocrx_word' id='word_1_69' title='bbox 939 1149 994 1171; x_wconf 79' lang='lat' dir='ltr'>vv,</span> 
     </span>
     <span class='ocr_line' id='line_1_13' title="bbox 306 1189 996 1230; baseline -0.004 -7"><span class='ocrx_word' id='word_1_70' title='bbox 306 1192 439 1223; x_wconf 79' lang='lat' dir='ltr'>Patriae</span> <span class='ocrx_word' id='word_1_71' title='bbox 455 1192 528 1230; x_wconf 84' lang='lat' dir='ltr'>quis</span> <span class='ocrx_word' id='word_1_72' title='bbox 542 1190 636 1221; x_wconf 66' lang='lat' dir='ltr'>exsul</span> <span class='ocrx_word' id='word_1_73' title='bbox 651 1199 683 1221; x_wconf 91' lang='lat' dir='ltr'>se</span> <span class='ocrx_word' id='word_1_74' title='bbox 700 1198 826 1229; x_wconf 80' lang='lat' dir='ltr'>quoque</span> <span class='ocrx_word' id='word_1_75' title='bbox 839 1190 925 1230; x_wconf 70' lang='lat' dir='ltr'>fuyit</span> <span class='ocrx_word' id='word_1_76' title='bbox 938 1189 954 1220; x_wconf 72' lang='lat' dir='ltr'><em>P</em></span> <span class='ocrx_word' id='word_1_77' title='bbox 977 1199 996 1220; x_wconf 91' lang='lat' dir='ltr'>a</span> 
     </span>
     <span class='ocr_line' id='line_1_14' title="bbox 305 1239 997 1280; baseline -0.004 -7"><span class='ocrx_word' id='word_1_78' title='bbox 305 1241 445 1273; x_wconf 90' lang='lat' dir='ltr'>nemine</span> <span class='ocrx_word' id='word_1_79' title='bbox 464 1240 562 1272; x_wconf 87' lang='lat' dir='ltr'>aliter</span> <span class='ocrx_word' id='word_1_80' title='bbox 583 1239 722 1279; x_wconf 78' lang='lat' dir='ltr'>intelligi</span> <span class='ocrx_word' id='word_1_81' title='bbox 741 1239 875 1280; x_wconf 84' lang='lat' dir='ltr'>possint</span> <span class='ocrx_word' id='word_1_82' title='bbox 891 1248 997 1279; x_wconf 88' lang='lat' dir='ltr'>quam</span> 
     </span>
     <span class='ocr_line' id='line_1_15' title="bbox 305 1286 996 1334; baseline -0.004 -12"><span class='ocrx_word' id='word_1_83' title='bbox 305 1292 366 1322; x_wconf 88' lang='lat' dir='ltr'>sic:</span> <span class='ocrx_word' id='word_1_84' title='bbox 388 1291 491 1328; x_wconf 89' lang='lat' dir='ltr'>«Quis</span> <span class='ocrx_word' id='word_1_85' title='bbox 505 1287 680 1334; x_wconf 74' lang='grc' dir='ltr'><em>πατρίδος</em></span> <span class='ocrx_word' id='word_1_86' title='bbox 696 1286 833 1330; x_wconf 77' lang='grc' dir='ltr'><em>φυγάς,</em></span> <span class='ocrx_word' id='word_1_87' title='bbox 847 1289 996 1329; x_wconf 89' lang='lat' dir='ltr'>patriam</span> 
     </span>
     <span class='ocr_line' id='line_1_16' title="bbox 305 1338 994 1380; baseline -0.004 -9"><span class='ocrx_word' id='word_1_88' title='bbox 305 1349 366 1371; x_wconf 92' lang='lat' dir='ltr'>sua</span> <span class='ocrx_word' id='word_1_89' title='bbox 389 1341 511 1380; x_wconf 83' lang='lat' dir='ltr'>sponte</span> <span class='ocrx_word' id='word_1_90' title='bbox 525 1339 726 1379; x_wconf 87' lang='lat' dir='ltr'>relinquens</span> <span class='ocrx_word' id='word_1_91' title='bbox 743 1347 783 1369; x_wconf 86' lang='lat' dir='ltr'>ea</span> <span class='ocrx_word' id='word_1_92' title='bbox 801 1347 881 1378; x_wconf 87' lang='lat' dir='ltr'>spe,</span> <span class='ocrx_word' id='word_1_93' title='bbox 908 1338 994 1376; x_wconf 86' lang='lat' dir='ltr'>sore,</span> 
     </span>
     <span class='ocr_line' id='line_1_17' title="bbox 304 1387 998 1428; baseline -0.003 -8"><span class='ocrx_word' id='word_1_94' title='bbox 304 1391 342 1420; x_wconf 92' lang='lat' dir='ltr'>ut</span> <span class='ocrx_word' id='word_1_95' title='bbox 351 1388 431 1420; x_wconf 86' lang='lat' dir='ltr'>alibi</span> <span class='ocrx_word' id='word_1_96' title='bbox 444 1387 586 1420; x_wconf 89' lang='lat' dir='ltr'>meliore</span> <span class='ocrx_word' id='word_1_97' title='bbox 600 1389 668 1419; x_wconf 74' lang='lat' dir='ltr'>vita</span> <span class='ocrx_word' id='word_1_98' title='bbox 681 1388 824 1425; x_wconf 70' lang='lat' dir='ltr'>fruatur,</span> <span class='ocrx_word' id='word_1_99' title='bbox 839 1389 998 1428; x_wconf 86' lang='lat' dir='ltr'>propter-</span> 
     </span>
     <span class='ocr_line' id='line_1_18' title="bbox 305 1436 996 1477; baseline -0.001 -7"><span class='ocrx_word' id='word_1_100' title='bbox 305 1448 345 1470; x_wconf 89' lang='lat' dir='ltr'>ea</span> <span class='ocrx_word' id='word_1_101' title='bbox 363 1437 487 1469; x_wconf 87' lang='lat' dir='ltr'>liberat</span> <span class='ocrx_word' id='word_1_102' title='bbox 508 1447 546 1469; x_wconf 91' lang='lat' dir='ltr'>se</span> <span class='ocrx_word' id='word_1_103' title='bbox 571 1436 877 1476; x_wconf 73' lang='lat' dir='ltr'>sollicitudinibus,</span> <span class='ocrx_word' id='word_1_104' title='bbox 905 1445 996 1477; x_wconf 88' lang='lat' dir='ltr'>quae</span> 
     </span>
     <span class='ocr_line' id='line_1_19' title="bbox 304 1486 995 1527; baseline -0.003 -8"><span class='ocrx_word' id='word_1_105' title='bbox 304 1490 403 1519; x_wconf 85' lang='lat' dir='ltr'>antea</span> <span class='ocrx_word' id='word_1_106' title='bbox 420 1496 500 1519; x_wconf 89' lang='lat' dir='ltr'>eum</span> <span class='ocrx_word' id='word_1_107' title='bbox 513 1487 748 1527; x_wconf 77' lang='lat' dir='ltr'>angebant‘?»‚</span> <span class='ocrx_word' id='word_1_108' title='bbox 769 1496 809 1517; x_wconf 88' lang='lat' dir='ltr'>ea</span> <span class='ocrx_word' id='word_1_109' title='bbox 825 1486 995 1518; x_wconf 83' lang='lat' dir='ltr'>lectorum</span> 
     </span>
     <span class='ocr_line' id='line_1_20' title="bbox 305 1536 996 1577; baseline 0 -9"><span class='ocrx_word' id='word_1_110' title='bbox 305 1536 525 1577; x_wconf 80' lang='lat' dir='ltr'>intelligentia</span> <span class='ocrx_word' id='word_1_111' title='bbox 562 1537 670 1568; x_wconf 83' lang='lat' dir='ltr'>frctus</span> <span class='ocrx_word' id='word_1_112' title='bbox 699 1537 859 1567; x_wconf 80' lang='lat' dir='ltr'>Horatius</span> <span class='ocrx_word' id='word_1_113' title='bbox 890 1544 996 1568; x_wconf 88' lang='lat' dir='ltr'>ausus</span> 
     </span>
     <span class='ocr_line' id='line_1_21' title="bbox 306 1586 997 1626; baseline -0.003 -8"><span class='ocrx_word' id='word_1_114' title='bbox 306 1589 359 1618; x_wconf 84' lang='lat' dir='ltr'>est</span> <span class='ocrx_word' id='word_1_115' title='bbox 383 1587 516 1618; x_wconf 78' lang='lat' dir='ltr'>dicere:</span> <span class='ocrx_word' id='word_1_116' title='bbox 556 1587 640 1626; x_wconf 83' lang='lat' dir='ltr'>Quid</span> <span class='ocrx_word' id='word_1_117' title='bbox 664 1589 772 1617; x_wconf 83' lang='lat' dir='ltr'>terras</span> <span class='ocrx_word' id='word_1_118' title='bbox 795 1586 860 1617; x_wconf 81' lang='lat' dir='ltr'>alio</span> <span class='ocrx_word' id='word_1_119' title='bbox 883 1586 997 1617; x_wconf 80' lang='lat' dir='ltr'>calen-</span> 
     </span>
     <span class='ocr_line' id='line_1_22' title="bbox 305 1634 994 1667; baseline -0.003 0"><span class='ocrx_word' id='word_1_120' title='bbox 305 1640 350 1667; x_wconf 83' lang='lat' dir='ltr'>tes</span> <span class='ocrx_word' id='word_1_121' title='bbox 373 1636 445 1667; x_wconf 85' lang='lat' dir='ltr'>Sole</span> <span class='ocrx_word' id='word_1_122' title='bbox 467 1635 657 1667; x_wconf 77' lang='lat' dir='ltr'>mutamus?</span> <span class='ocrx_word' id='word_1_123' title='bbox 692 1636 808 1667; x_wconf 87' lang='lat' dir='ltr'>certus</span> <span class='ocrx_word' id='word_1_124' title='bbox 839 1635 927 1666; x_wconf 89' lang='lat' dir='ltr'>haec</span> <span class='ocrx_word' id='word_1_125' title='bbox 951 1634 994 1666; x_wconf 86' lang='lat' dir='ltr'>ab</span> 
     </span>
     <span class='ocr_line' id='line_1_23' title="bbox 306 1685 995 1726; baseline -0.004 -9"><span class='ocrx_word' id='word_1_126' title='bbox 306 1685 469 1717; x_wconf 87' lang='lat' dir='ltr'>omnibus</span> <span class='ocrx_word' id='word_1_127' title='bbox 501 1686 546 1716; x_wconf 87' lang='lat' dir='ltr'>ita</span> <span class='ocrx_word' id='word_1_128' title='bbox 570 1686 779 1726; x_wconf 86' lang='lat' dir='ltr'>perceptum</span> <span class='ocrx_word' id='word_1_129' title='bbox 809 1685 865 1723; x_wconf 85' lang='lat' dir='ltr'>iri⁷</span> <span class='ocrx_word' id='word_1_130' title='bbox 902 1693 943 1715; x_wconf 87' lang='lat' dir='ltr'>ac</span> <span class='ocrx_word' id='word_1_131' title='bbox 967 1685 995 1715; x_wconf 91' lang='lat' dir='ltr'>si</span> 
     </span>
     <span class='ocr_line' id='line_1_24' title="bbox 305 1735 996 1774; baseline -0.003 -8"><span class='ocrx_word' id='word_1_132' title='bbox 305 1735 466 1767; x_wconf 75' lang='lat' dir='ltr'>dixisset:</span> <span class='ocrx_word' id='word_1_133' title='bbox 505 1735 601 1766; x_wconf 91' lang='lat' dir='ltr'>«Cur</span> <span class='ocrx_word' id='word_1_134' title='bbox 628 1735 739 1774; x_wconf 87' lang='lat' dir='ltr'>patria</span> <span class='ocrx_word' id='word_1_135' title='bbox 763 1735 906 1774; x_wconf 84' lang='lat' dir='ltr'>propter</span> <span class='ocrx_word' id='word_1_136' title='bbox 932 1743 996 1764; x_wconf 85' lang='lat' dir='ltr'>ne-</span> 
     </span>
     <span class='ocr_line' id='line_1_25' title="bbox 305 1782 997 1823; baseline -0.003 -7"><span class='ocrx_word' id='word_1_137' title='bbox 305 1785 376 1816; x_wconf 85' lang='lat' dir='ltr'>scio</span> <span class='ocrx_word' id='word_1_138' title='bbox 409 1783 501 1823; x_wconf 90' lang='lat' dir='ltr'>quod</span> <span class='ocrx_word' id='word_1_139' title='bbox 532 1783 707 1814; x_wconf 84' lang='lat' dir='ltr'>fastidium</span> <span class='ocrx_word' id='word_1_140' title='bbox 731 1782 897 1814; x_wconf 85' lang='lat' dir='ltr'>derelicta</span> <span class='ocrx_word' id='word_1_141' title='bbox 920 1782 997 1814; x_wconf 88' lang='lat' dir='ltr'>lon-</span> 
     </span>
     <span class='ocr_line' id='line_1_26' title="bbox 305 1832 996 1874; baseline 0 -10"><span class='ocrx_word' id='word_1_142' title='bbox 305 1835 451 1874; x_wconf 81' lang='lat' dir='ltr'>ginquas</span> <span class='ocrx_word' id='word_1_143' title='bbox 485 1833 532 1872; x_wconf 87' lang='lat' dir='ltr'>(ut</span> <span class='ocrx_word' id='word_1_144' title='bbox 563 1832 723 1864; x_wconf 84' lang='lat' dir='ltr'>solebant</span> <span class='ocrx_word' id='word_1_145' title='bbox 753 1833 907 1873; x_wconf 88' lang='lat' dir='ltr'>Romani)</span> <span class='ocrx_word' id='word_1_146' title='bbox 937 1842 996 1864; x_wconf 87' lang='lat' dir='ltr'>re-</span> 
     </span>
     <span class='ocr_line' id='line_1_27' title="bbox 304 1882 997 1923; baseline -0.001 -9"><span class='ocrx_word' id='word_1_147' title='bbox 304 1884 424 1923; x_wconf 80' lang='lat' dir='ltr'>giones</span> <span class='ocrx_word' id='word_1_148' title='bbox 444 1883 645 1923; x_wconf 55' lang='lat' dir='ltr'>petimusi»</span> <span class='ocrx_word' id='word_1_149' title='bbox 671 1892 736 1914; x_wconf 88' lang='lat' dir='ltr'>nec</span> <span class='ocrx_word' id='word_1_150' title='bbox 753 1882 997 1923; x_wconf 81' lang='lat' dir='ltr'>praevidebat,</span> 
     </span>
     <span class='ocr_line' id='line_1_28' title="bbox 305 1930 995 1973; baseline -0.001 -10"><span class='ocrx_word' id='word_1_151' title='bbox 305 1934 452 1973; x_wconf 87' lang='lat' dir='ltr'>quantas</span> <span class='ocrx_word' id='word_1_152' title='bbox 477 1930 593 1963; x_wconf 87' lang='lat' dir='ltr'>multis</span> <span class='ocrx_word' id='word_1_153' title='bbox 622 1933 701 1972; x_wconf 86' lang='lat' dir='ltr'>post</span> <span class='ocrx_word' id='word_1_154' title='bbox 724 1931 849 1963; x_wconf 83' lang='lat' dir='ltr'>seculis</span> <span class='ocrx_word' id='word_1_155' title='bbox 874 1931 995 1963; x_wconf 85' lang='lat' dir='ltr'>turbas</span> 
     </span>
     <span class='ocr_line' id='line_1_29' title="bbox 306 1980 998 2021; baseline -0.003 -8"><span class='ocrx_word' id='word_1_156' title='bbox 306 1982 518 2013; x_wconf 84' lang='lat' dir='ltr'>excitaturus</span> <span class='ocrx_word' id='word_1_157' title='bbox 535 1982 628 2012; x_wconf 86' lang='lat' dir='ltr'>esset</span> <span class='ocrx_word' id='word_1_158' title='bbox 644 1980 902 2021; x_wconf 86' lang='lat' dir='ltr'>interpretibus.</span> <span class='ocrx_word' id='word_1_159' title='bbox 927 1981 998 2012; x_wconf 85' lang='lat' dir='ltr'>Sci-</span> 
     </span>
     <span class='ocr_line' id='line_1_30' title="bbox 304 2030 995 2071; baseline 0 -8"><span class='ocrx_word' id='word_1_160' title='bbox 304 2031 384 2063; x_wconf 81' lang='lat' dir='ltr'>licet</span> <span class='ocrx_word' id='word_1_161' title='bbox 408 2031 521 2063; x_wconf 88' lang='lat' dir='ltr'>minus</span> <span class='ocrx_word' id='word_1_162' title='bbox 546 2032 625 2071; x_wconf 88' lang='lat' dir='ltr'>apte</span> <span class='ocrx_word' id='word_1_163' title='bbox 648 2030 800 2062; x_wconf 91' lang='lat' dir='ltr'>nonnulli</span> <span class='ocrx_word' id='word_1_164' title='bbox 823 2030 995 2071; x_wconf 81' lang='lat' dir='ltr'>volgatam</span> 
     </span>
     <span class='ocr_line' id='line_1_31' title="bbox 305 2080 996 2120; baseline -0.001 -8"><span class='ocrx_word' id='word_1_165' title='bbox 305 2081 492 2113; x_wconf 87' lang='lat' dir='ltr'>lectionem</span> <span class='ocrx_word' id='word_1_166' title='bbox 518 2081 736 2120; x_wconf 87' lang='lat' dir='ltr'>interpretati</span> <span class='ocrx_word' id='word_1_167' title='bbox 760 2082 856 2112; x_wconf 83' lang='lat' dir='ltr'>sunt:</span> <span class='ocrx_word' id='word_1_168' title='bbox 885 2080 996 2119; x_wconf 88' lang='lat' dir='ltr'>«Quid</span> 
     </span>
     <span class='ocr_line' id='line_1_32' title="bbox 305 2129 995 2170; baseline 0 -9"><span class='ocrx_word' id='word_1_169' title='bbox 305 2140 346 2162; x_wconf 73' lang='lat' dir='ltr'>ex</span> <span class='ocrx_word' id='word_1_170' title='bbox 364 2139 431 2161; x_wconf 87' lang='lat' dir='ltr'>una</span> <span class='ocrx_word' id='word_1_171' title='bbox 447 2130 631 2170; x_wconf 79' lang='lat' dir='ltr'>peregrina</span> <span class='ocrx_word' id='word_1_172' title='bbox 648 2131 740 2161; x_wconf 88' lang='lat' dir='ltr'>terra</span> <span class='ocrx_word' id='word_1_173' title='bbox 757 2129 948 2161; x_wconf 84' lang='lat' dir='ltr'>identidem</span> <span class='ocrx_word' id='word_1_174' title='bbox 962 2131 995 2161; x_wconf 90' lang='lat' dir='ltr'>in</span> 
     </span>
     <span class='ocr_line' id='line_1_33' title="bbox 305 2178 995 2220; baseline 0 -10"><span class='ocrx_word' id='word_1_175' title='bbox 305 2180 407 2211; x_wconf 84' lang='lat' dir='ltr'>aliam</span> <span class='ocrx_word' id='word_1_176' title='bbox 441 2187 634 2219; x_wconf 82' lang='lat' dir='ltr'>rursusque</span> <span class='ocrx_word' id='word_1_177' title='bbox 669 2180 702 2210; x_wconf 93' lang='lat' dir='ltr'>in</span> <span class='ocrx_word' id='word_1_178' title='bbox 739 2178 841 2210; x_wconf 87' lang='lat' dir='ltr'>aliam</span> <span class='ocrx_word' id='word_1_179' title='bbox 877 2179 995 2220; x_wconf 81' lang='lat' dir='ltr'>pergi-</span> 
     </span>
     <span class='ocr_line' id='line_1_34' title="bbox 304 2228 993 2269; baseline 0 -8"><span class='ocrx_word' id='word_1_180' title='bbox 304 2230 430 2261; x_wconf 67' lang='lat' dir='ltr'>mus‘Z»</span> <span class='ocrx_word' id='word_1_181' title='bbox 460 2230 499 2259; x_wconf 90' lang='lat' dir='ltr'>ut</span> <span class='ocrx_word' id='word_1_182' title='bbox 521 2237 605 2260; x_wconf 86' lang='lat' dir='ltr'>sane</span> <span class='ocrx_word' id='word_1_183' title='bbox 631 2230 685 2260; x_wconf 89' lang='lat' dir='ltr'>est</span> <span class='ocrx_word' id='word_1_184' title='bbox 707 2228 800 2269; x_wconf 82' lang='lat' dir='ltr'>apud</span> <span class='ocrx_word' id='word_1_185' title='bbox 824 2230 993 2261; x_wconf 85' lang='lat' dir='ltr'>Senecam</span> 
     </span>
     <span class='ocr_line' id='line_1_35' title="bbox 305 2278 995 2319; baseline -0.001 -9"><span class='ocrx_word' id='word_1_186' title='bbox 305 2279 348 2310; x_wconf 87' lang='lat' dir='ltr'>de</span> <span class='ocrx_word' id='word_1_187' title='bbox 379 2279 504 2318; x_wconf 87' lang='lat' dir='ltr'>Tranq.</span> <span class='ocrx_word' id='word_1_188' title='bbox 539 2287 594 2309; x_wconf 90' lang='lat' dir='ltr'>an.</span> <span class='ocrx_word' id='word_1_189' title='bbox 621 2278 659 2308; x_wconf 72' lang='lat'>2:</span> <span class='ocrx_word' id='word_1_190' title='bbox 694 2279 869 2317; x_wconf 78' lang='lat' dir='ltr'>Proprium</span> <span class='ocrx_word' id='word_1_191' title='bbox 902 2279 995 2319; x_wconf 72' lang='lat' dir='ltr'>aegyri</span> 
     </span>
     <span class='ocr_line' id='line_1_36' title="bbox 304 2328 994 2367; baseline -0.001 -8"><span class='ocrx_word' id='word_1_192' title='bbox 304 2332 348 2359; x_wconf 78' lang='lat' dir='ltr'>est</span> <span class='ocrx_word' id='word_1_193' title='bbox 372 2328 451 2359; x_wconf 77' lang='lat' dir='ltr'>nihil</span> <span class='ocrx_word' id='word_1_194' title='bbox 473 2328 529 2359; x_wconf 79' lang='lat' dir='ltr'>diu</span> <span class='ocrx_word' id='word_1_195' title='bbox 554 2328 627 2367; x_wconf 76' lang='lat' dir='ltr'>pati</span> <span class='ocrx_word' id='word_1_196' title='bbox 651 2330 680 2358; x_wconf 83' lang='lat' dir='ltr'>et</span> <span class='ocrx_word' id='word_1_197' title='bbox 700 2328 934 2359; x_wconf 73' lang='lat' dir='ltr'>mutationibus</span> <span class='ocrx_word' id='word_1_198' title='bbox 959 2332 994 2359; x_wconf 49' lang='lat' dir='ltr'>*ut</span> 
     </span>
     <span class='ocr_line' id='line_1_37' title="bbox 302 2377 994 2417; baseline 0 -9"><span class='ocrx_word' id='word_1_199' title='bbox 302 2377 453 2408; x_wconf 74' lang='lat' dir='ltr'>remediis</span> <span class='ocrx_word' id='word_1_200' title='bbox 488 2377 549 2408; x_wconf 86' lang='lat' dir='ltr'>uli.</span> <span class='ocrx_word' id='word_1_201' title='bbox 603 2377 679 2408; x_wconf 82' lang='lat' dir='ltr'>Inde</span> <span class='ocrx_word' id='word_1_202' title='bbox 713 2378 994 2417; x_wconf 60' lang='lat' dir='ltr'>peregrinationes</span> 
     </span>
     <span class='ocr_line' id='line_1_38' title="bbox 303 2426 995 2466; baseline 0 -10"><span class='ocrx_word' id='word_1_203' title='bbox 303 2427 524 2465; x_wconf 78' lang='lat' dir='ltr'>suscipiuntur</span> <span class='ocrx_word' id='word_1_204' title='bbox 539 2434 645 2466; x_wconf 73' lang='lat' dir='ltr'>vaqae</span> <span class='ocrx_word' id='word_1_205' title='bbox 661 2429 691 2457; x_wconf 82' lang='lat' dir='ltr'>et</span> <span class='ocrx_word' id='word_1_206' title='bbox 705 2426 804 2457; x_wconf 77' lang='lat' dir='ltr'>litora</span> <span class='ocrx_word' id='word_1_207' title='bbox 816 2435 995 2465; x_wconf 79' lang='lat' dir='ltr'>pererran-</span> 
     </span>
     <span class='ocr_line' id='line_1_39' title="bbox 304 2476 993 2514; baseline 0 -8"><span class='ocrx_word' id='word_1_208' title='bbox 304 2479 359 2506; x_wconf 84' lang='lat' dir='ltr'>tur</span> <span class='ocrx_word' id='word_1_209' title='bbox 389 2479 418 2506; x_wconf 82' lang='lat' dir='ltr'>et</span> <span class='ocrx_word' id='word_1_210' title='bbox 447 2476 543 2506; x_wconf 85' lang='lat' dir='ltr'>modo</span> <span class='ocrx_word' id='word_1_211' title='bbox 572 2476 661 2506; x_wconf 83' lang='lat' dir='ltr'>mari</span> <span class='ocrx_word' id='word_1_212' title='bbox 691 2484 741 2514; x_wconf 83' lang='lat' dir='ltr'>se,</span> <span class='ocrx_word' id='word_1_213' title='bbox 776 2476 872 2506; x_wconf 72' lang='lat' dir='ltr'>modo</span> <span class='ocrx_word' id='word_1_214' title='bbox 903 2479 993 2506; x_wconf 77' lang='lat' dir='ltr'>terra</span> 
     </span>
     <span class='ocr_line' id='line_1_40' title="bbox 304 2524 993 2565; baseline 0 -9"><span class='ocrx_word' id='word_1_215' title='bbox 304 2525 474 2564; x_wconf 71' lang='lat' dir='ltr'>eeperitur</span> <span class='ocrx_word' id='word_1_216' title='bbox 488 2534 613 2564; x_wconf 78' lang='lat' dir='ltr'>semper</span> <span class='ocrx_word' id='word_1_217' title='bbox 631 2524 856 2564; x_wconf 74' lang='lat' dir='ltr'>praesentibus</span> <span class='ocrx_word' id='word_1_218' title='bbox 876 2525 993 2565; x_wconf 72' lang='lat' dir='ltr'>infesta</span> 
     </span>
     <span class='ocr_line' id='line_1_41' title="bbox 304 2574 994 2614; baseline 0.003 -10"><span class='ocrx_word' id='word_1_219' title='bbox 304 2574 427 2605; x_wconf 79' lang='lat' dir='ltr'>levitas.</span> <span class='ocrx_word' id='word_1_220' title='bbox 477 2576 591 2605; x_wconf 79' lang='lat' dir='ltr'>«Nune</span> <span class='ocrx_word' id='word_1_221' title='bbox 637 2574 855 2614; x_wconf 81' lang='lat' dir='ltr'>Campaniam</span> <span class='ocrx_word' id='word_1_222' title='bbox 895 2578 994 2613; x_wconf 81' lang='lat' dir='ltr'>pela-</span> 
     </span>
     <span class='ocr_line' id='line_1_42' title="bbox 304 2624 991 2663; baseline 0.001 -10"><span class='ocrx_word' id='word_1_223' title='bbox 304 2625 413 2654; x_wconf 75' lang='lat' dir='ltr'>musJ»</span> <span class='ocrx_word' id='word_1_224' title='bbox 461 2624 532 2654; x_wconf 86' lang='lat' dir='ltr'>Iam</span> <span class='ocrx_word' id='word_1_225' title='bbox 566 2624 706 2655; x_wconf 84' lang='lat' dir='ltr'>delicata</span> <span class='ocrx_word' id='word_1_226' title='bbox 738 2624 871 2663; x_wconf 74' lang='lat' dir='ltr'>fastidio</span> <span class='ocrx_word' id='word_1_227' title='bbox 900 2627 991 2654; x_wconf 81' lang='lat' dir='ltr'>sunt:</span> 
     </span>
     <span class='ocr_line' id='line_1_43' title="bbox 308 2674 994 2705; baseline 0.003 -3"><span class='ocrx_word' id='word_1_228' title='bbox 308 2674 451 2703; x_wconf 72' lang='lat' dir='ltr'>«Inculta</span> <span class='ocrx_word' id='word_1_229' title='bbox 474 2674 668 2705; x_wconf 77' lang='lat' dir='ltr'>videantur!</span> <span class='ocrx_word' id='word_1_230' title='bbox 709 2674 850 2705; x_wconf 79' lang='lat' dir='ltr'>Bruttios</span> <span class='ocrx_word' id='word_1_231' title='bbox 872 2677 902 2704; x_wconf 76' lang='lat' dir='ltr'>et</span> <span class='ocrx_word' id='word_1_232' title='bbox 927 2674 994 2705; x_wconf 92' lang='lat' dir='ltr'>Lu-</span> 
     </span>
     <span class='ocr_line' id='line_1_44' title="bbox 305 2723 994 2762; baseline 0.001 -10"><span class='ocrx_word' id='word_1_233' title='bbox 305 2731 404 2752; x_wconf 84' lang='lat' dir='ltr'>canos</span> <span class='ocrx_word' id='word_1_234' title='bbox 427 2723 527 2753; x_wconf 81' lang='lat' dir='ltr'>sallus</span> <span class='ocrx_word' id='word_1_235' title='bbox 546 2731 808 2762; x_wconf 76' lang='lat' dir='ltr'>persequamur»</span> <span class='ocrx_word' id='word_1_236' title='bbox 837 2724 903 2754; x_wconf 88' lang='lat' dir='ltr'>cet.</span> <span class='ocrx_word' id='word_1_237' title='bbox 952 2723 994 2753; x_wconf 85' lang='lat' dir='ltr'>Iis</span> 
     </span>
     <span class='ocr_line' id='line_1_45' title="bbox 306 2772 998 2812; baseline 0.001 -10"><span class='ocrx_word' id='word_1_238' title='bbox 306 2772 434 2811; x_wconf 68' lang='lat' dir='ltr'>autem,</span> <span class='ocrx_word' id='word_1_239' title='bbox 453 2773 511 2812; x_wconf 89' lang='lat' dir='ltr'>qui</span> <span class='ocrx_word' id='word_1_240' title='bbox 528 2772 774 2804; x_wconf 80' lang='lat' dir='ltr'>distinxerunt:</span> <span class='ocrx_word' id='word_1_241' title='bbox 793 2773 876 2812; x_wconf 78' lang='lat' dir='ltr'>Quid</span> <span class='ocrx_word' id='word_1_242' title='bbox 891 2776 998 2804; x_wconf 76' lang='lat' dir='ltr'>terras</span> 
     </span>
    </p>
   </div>
   <div class='ocr_carea' id='block_1_10' title="bbox 1018 1144 1025 2329">
    <p class='ocr_par' dir='ltr' id='par_1_10' title="bbox 1018 1144 1025 2329">
     <span class='ocr_line' id='line_1_46' title="bbox 1018 1144 1025 2329; baseline 0 0"><span class='ocrx_word' id='word_1_243' title='bbox 1018 1144 1025 2329; x_wconf 95' lang='lat' dir='ltr'> </span> 
     </span>
    </p>
   </div>
   <div class='ocr_carea' id='block_1_11' title="bbox 1041 1041 1738 2810">
    <p class='ocr_par' dir='ltr' id='par_1_11' title="bbox 1041 1041 1738 2810">
     <span class='ocr_line' id='line_1_47' title="bbox 1047 1041 1737 1081; baseline 0.003 -10"><span class='ocrx_word' id='word_1_244' title='bbox 1047 1041 1113 1071; x_wconf 82' lang='lat' dir='ltr'>alio</span> <span class='ocrx_word' id='word_1_245' title='bbox 1146 1041 1286 1072; x_wconf 81' lang='lat' dir='ltr'>calentes</span> <span class='ocrx_word' id='word_1_246' title='bbox 1313 1041 1387 1072; x_wconf 87' lang='lat' dir='ltr'>Sole</span> <span class='ocrx_word' id='word_1_247' title='bbox 1413 1044 1580 1073; x_wconf 82' lang='lat' dir='ltr'>mutamus</span> <span class='ocrx_word' id='word_1_248' title='bbox 1596 1043 1737 1081; x_wconf 75' lang='lat' dir='ltr'>patria?</span> 
     </span>
     <span class='ocr_line' id='line_1_48' title="bbox 1048 1090 1737 1131; baseline 0.003 -9"><span class='ocrx_word' id='word_1_249' title='bbox 1048 1091 1130 1122; x_wconf 88' lang='lat' dir='ltr'>satis</span> <span class='ocrx_word' id='word_1_250' title='bbox 1154 1090 1335 1131; x_wconf 88' lang='lat' dir='ltr'>respondit</span> <span class='ocrx_word' id='word_1_251' title='bbox 1354 1091 1423 1122; x_wconf 85' lang='lat' dir='ltr'>iam</span> <span class='ocrx_word' id='word_1_252' title='bbox 1439 1090 1631 1123; x_wconf 87' lang='lat' dir='ltr'>Bentleius:</span> <span class='ocrx_word' id='word_1_253' title='bbox 1660 1093 1737 1124; x_wconf 82' lang='lat' dir='ltr'>«ln—</span> 
     </span>
     <span class='ocr_line' id='line_1_49' title="bbox 1047 1139 1737 1180; baseline 0.003 -9"><span class='ocrx_word' id='word_1_254' title='bbox 1047 1140 1188 1180; x_wconf 81' lang='lat' dir='ltr'>geniose</span> <span class='ocrx_word' id='word_1_255' title='bbox 1206 1140 1374 1180; x_wconf 84' lang='lat' dir='ltr'>profecto.</span> <span class='ocrx_word' id='word_1_256' title='bbox 1402 1139 1487 1171; x_wconf 90' lang='lat' dir='ltr'>Illud</span> <span class='ocrx_word' id='word_1_257' title='bbox 1507 1142 1638 1172; x_wconf 85' lang='lat' dir='ltr'>tantum</span> <span class='ocrx_word' id='word_1_258' title='bbox 1656 1150 1737 1173; x_wconf 85' lang='lat' dir='ltr'>con—</span> 
     </span>
     <span class='ocr_line' id='line_1_50' title="bbox 1046 1189 1736 1230; baseline 0.003 -10"><span class='ocrx_word' id='word_1_259' title='bbox 1046 1190 1200 1220; x_wconf 87' lang='lat' dir='ltr'>iecturae</span> <span class='ocrx_word' id='word_1_260' title='bbox 1217 1190 1298 1221; x_wconf 91' lang='lat' dir='ltr'>huic</span> <span class='ocrx_word' id='word_1_261' title='bbox 1315 1189 1538 1229; x_wconf 82' lang='lat' dir='ltr'>adversatur,</span> <span class='ocrx_word' id='word_1_262' title='bbox 1558 1191 1654 1230; x_wconf 90' lang='lat' dir='ltr'>quod</span> <span class='ocrx_word' id='word_1_263' title='bbox 1670 1191 1736 1222; x_wconf 80' lang='lat' dir='ltr'>hoe</span> 
     </span>
     <span class='ocr_line' id='line_1_51' title="bbox 1046 1238 1733 1280; baseline 0.003 -10"><span class='ocrx_word' id='word_1_264' title='bbox 1046 1240 1148 1280; x_wconf 86' lang='lat' dir='ltr'>pacto</span> <span class='ocrx_word' id='word_1_265' title='bbox 1195 1239 1341 1279; x_wconf 82' lang='lat' dir='ltr'>frigeant</span> <span class='ocrx_word' id='word_1_266' title='bbox 1385 1238 1635 1279; x_wconf 86' lang='lat' dir='ltr'>aliquantulum</span> <span class='ocrx_word' id='word_1_267' title='bbox 1675 1250 1733 1278; x_wconf 84' lang='lat' dir='ltr'>ea,</span> 
     </span>
     <span class='ocr_line' id='line_1_52' title="bbox 1048 1289 1737 1330; baseline 0.003 -11"><span class='ocrx_word' id='word_1_268' title='bbox 1048 1297 1139 1328; x_wconf 86' lang='lat' dir='ltr'>quae</span> <span class='ocrx_word' id='word_1_269' title='bbox 1164 1290 1374 1329; x_wconf 84' lang='lat' dir='ltr'>sequuntur:</span> <span class='ocrx_word' id='word_1_270' title='bbox 1402 1289 1480 1327; x_wconf 84' lang='lat' dir='ltr'>Quis</span> <span class='ocrx_word' id='word_1_271' title='bbox 1503 1290 1597 1320; x_wconf 58' lang='lat' dir='ltr'>exsul</span> <span class='ocrx_word' id='word_1_272' title='bbox 1611 1299 1643 1321; x_wconf 85' lang='lat' dir='ltr'>se</span> <span class='ocrx_word' id='word_1_273' title='bbox 1659 1299 1737 1330; x_wconf 78' lang='lat' dir='ltr'>quo-</span> 
     </span>
     <span class='ocr_line' id='line_1_53' title="bbox 1048 1337 1737 1380; baseline 0.004 -12"><span class='ocrx_word' id='word_1_274' title='bbox 1048 1347 1108 1376; x_wconf 81' lang='lat' dir='ltr'>que</span> <span class='ocrx_word' id='word_1_275' title='bbox 1129 1337 1241 1378; x_wconf 67' lang='lat' dir='ltr'>fl‘fflls’</span> <span class='ocrx_word' id='word_1_276' title='bbox 1264 1339 1355 1378; x_wconf 88' lang='lat' dir='ltr'>perit</span> <span class='ocrx_word' id='word_1_277' title='bbox 1379 1339 1472 1369; x_wconf 90' lang='lat' dir='ltr'>enim</span> <span class='ocrx_word' id='word_1_278' title='bbox 1489 1339 1644 1370; x_wconf 82' lang='lat' dir='ltr'>antitheti</span> <span class='ocrx_word' id='word_1_279' title='bbox 1662 1349 1737 1380; x_wconf 80' lang='lat' dir='ltr'>gra-</span> 
     </span>
     <span class='ocr_line' id='line_1_54' title="bbox 1046 1387 1738 1428; baseline 0.003 -10"><span class='ocrx_word' id='word_1_280' title='bbox 1046 1388 1091 1418; x_wconf 84' lang='lat' dir='ltr'>tia</span> <span class='ocrx_word' id='word_1_281' title='bbox 1109 1389 1142 1418; x_wconf 85' lang='lat' dir='ltr'>et</span> <span class='ocrx_word' id='word_1_282' title='bbox 1158 1389 1324 1419; x_wconf 82' lang='lat' dir='ltr'>venustas</span> <span class='ocrx_word' id='word_1_283' title='bbox 1337 1387 1532 1427; x_wconf 79' lang='lat' dir='ltr'>singularis:</span> <span class='ocrx_word' id='word_1_284' title='bbox 1552 1389 1630 1428; x_wconf 83' lang='lat' dir='ltr'>Quis</span> <span class='ocrx_word' id='word_1_285' title='bbox 1645 1390 1738 1420; x_wconf 65' lang='lat' dir='ltr'>eaesul</span> 
     </span>
     <span class='ocr_line' id='line_1_55' title="bbox 1043 1436 1735 1478; baseline 0.004 -11"><span class='ocrx_word' id='word_1_286' title='bbox 1043 1437 1175 1477; x_wconf 78' lang='lat' dir='ltr'>patriae</span> <span class='ocrx_word' id='word_1_287' title='bbox 1202 1446 1235 1467; x_wconf 88' lang='lat' dir='ltr'>se</span> <span class='ocrx_word' id='word_1_288' title='bbox 1258 1446 1384 1476; x_wconf 79' lang='lat' dir='ltr'>quoque</span> <span class='ocrx_word' id='word_1_289' title='bbox 1411 1436 1521 1477; x_wconf 56' lang='lat' dir='ltr'>sursit?</span> <span class='ocrx_word' id='word_1_290' title='bbox 1554 1438 1596 1469; x_wconf 87' lang='lat' dir='ltr'>Se</span> <span class='ocrx_word' id='word_1_291' title='bbox 1620 1439 1735 1478; x_wconf 89' lang='lat' dir='ltr'>ipsum</span> 
     </span>
     <span class='ocr_line' id='line_1_56' title="bbox 1047 1486 1737 1528; baseline 0.001 -10"><span class='ocrx_word' id='word_1_292' title='bbox 1047 1496 1115 1518; x_wconf 90' lang='lat' dir='ltr'>non</span> <span class='ocrx_word' id='word_1_293' title='bbox 1140 1486 1257 1526; x_wconf 77' lang='lat' dir='ltr'>fugiet,</span> <span class='ocrx_word' id='word_1_294' title='bbox 1284 1487 1444 1527; x_wconf 71' lang='lat' dir='ltr'>quamvis</span> <span class='ocrx_word' id='word_1_295' title='bbox 1468 1488 1616 1527; x_wconf 84' lang='lat' dir='ltr'>patriani</span> <span class='ocrx_word' id='word_1_296' title='bbox 1638 1488 1737 1528; x_wconf 79' lang='lat' dir='ltr'>fuge-</span> 
     </span>
     <span class='ocr_line' id='line_1_57' title="bbox 1046 1537 1737 1577; baseline 0.001 -10"><span class='ocrx_word' id='word_1_297' title='bbox 1046 1537 1121 1567; x_wconf 87' lang='lat' dir='ltr'>rit.»</span> <span class='ocrx_word' id='word_1_298' title='bbox 1165 1537 1348 1567; x_wconf 84' lang='lat' dir='ltr'>Praeterea</span> <span class='ocrx_word' id='word_1_299' title='bbox 1378 1537 1452 1577; x_wconf 91' lang='lat' dir='ltr'>ipse</span> <span class='ocrx_word' id='word_1_300' title='bbox 1481 1546 1621 1577; x_wconf 85' lang='lat' dir='ltr'>quoque</span> <span class='ocrx_word' id='word_1_301' title='bbox 1660 1547 1737 1568; x_wconf 66' lang='lat' dir='ltr'>ver—</span> 
     </span>
     <span class='ocr_line' id='line_1_58' title="bbox 1046 1586 1737 1626; baseline 0.003 -10"><span class='ocrx_word' id='word_1_302' title='bbox 1046 1594 1105 1617; x_wconf 89' lang='lat' dir='ltr'>sus</span> <span class='ocrx_word' id='word_1_303' title='bbox 1124 1587 1268 1626; x_wconf 90' lang='lat' dir='ltr'>propter</span> <span class='ocrx_word' id='word_1_304' title='bbox 1284 1586 1503 1617; x_wconf 83' lang='lat' dir='ltr'>imminutam</span> <span class='ocrx_word' id='word_1_305' title='bbox 1521 1586 1640 1618; x_wconf 86' lang='lat' dir='ltr'>solitae</span> <span class='ocrx_word' id='word_1_306' title='bbox 1659 1597 1737 1619; x_wconf 85' lang='lat' dir='ltr'>cae-</span> 
     </span>
     <span class='ocr_line' id='line_1_59' title="bbox 1046 1635 1738 1677; baseline 0.004 -12"><span class='ocrx_word' id='word_1_307' title='bbox 1046 1644 1149 1666; x_wconf 84' lang='lat' dir='ltr'>surae</span> <span class='ocrx_word' id='word_1_308' title='bbox 1172 1635 1244 1666; x_wconf 77' lang='lat' dir='ltr'>vim</span> <span class='ocrx_word' id='word_1_309' title='bbox 1268 1635 1468 1666; x_wconf 81' lang='lat' dir='ltr'>coniectura</span> <span class='ocrx_word' id='word_1_310' title='bbox 1493 1637 1555 1667; x_wconf 86' lang='lat' dir='ltr'>ista</span> <span class='ocrx_word' id='word_1_311' title='bbox 1577 1645 1738 1677; x_wconf 83' lang='lat' dir='ltr'>pessum-</span> 
     </span>
     <span class='ocr_line' id='line_1_60' title="bbox 1046 1685 1735 1717; baseline 0.001 -1"><span class='ocrx_word' id='word_1_312' title='bbox 1046 1685 1158 1716; x_wconf 86' lang='lat' dir='ltr'>datur.</span> <span class='ocrx_word' id='word_1_313' title='bbox 1205 1686 1370 1717; x_wconf 77' lang='lat' dir='ltr'>Ceterum</span> <span class='ocrx_word' id='word_1_314' title='bbox 1409 1685 1566 1717; x_wconf 84' lang='lat' dir='ltr'>similiter</span> <span class='ocrx_word' id='word_1_315' title='bbox 1603 1687 1735 1717; x_wconf 85' lang='lat' dir='ltr'>Seneca</span> 
     </span>
     <span class='ocr_line' id='line_1_61' title="bbox 1046 1735 1736 1776; baseline 0.001 -10"><span class='ocrx_word' id='word_1_316' title='bbox 1046 1736 1107 1775; x_wconf 86' lang='lat' dir='ltr'>Ep.</span> <span class='ocrx_word' id='word_1_317' title='bbox 1127 1735 1184 1766; x_wconf 57' lang='lat'>028:</span> <span class='ocrx_word' id='word_1_318' title='bbox 1214 1735 1368 1774; x_wconf 77' lang='lat' dir='ltr'>Quaeris,</span> <span class='ocrx_word' id='word_1_319' title='bbox 1396 1744 1501 1774; x_wconf 78' lang='lat' dir='ltr'>quare</span> <span class='ocrx_word' id='word_1_320' title='bbox 1524 1739 1554 1766; x_wconf 84' lang='lat' dir='ltr'>te</span> <span class='ocrx_word' id='word_1_321' title='bbox 1574 1736 1655 1776; x_wconf 65' lang='lat' dir='ltr'>fuya</span> <span class='ocrx_word' id='word_1_322' title='bbox 1674 1737 1736 1767; x_wconf 82' lang='lat' dir='ltr'>ista</span> 
     </span>
     <span class='ocr_line' id='line_1_62' title="bbox 1045 1783 1735 1825; baseline 0.003 -11"><span class='ocrx_word' id='word_1_323' title='bbox 1045 1794 1110 1815; x_wconf 68' lang='lat' dir='ltr'>ozon</span> <span class='ocrx_word' id='word_1_324' title='bbox 1139 1783 1295 1815; x_wconf 79' lang='lat' dir='ltr'>adiuvet?</span> <span class='ocrx_word' id='word_1_325' title='bbox 1342 1785 1458 1815; x_wconf 77' lang='lat' dir='ltr'>Tecum</span> <span class='ocrx_word' id='word_1_326' title='bbox 1490 1785 1588 1825; x_wconf 64' lang='lat' dir='ltr'>fugis.</span> <span class='ocrx_word' id='word_1_327' title='bbox 1637 1785 1735 1816; x_wconf 90' lang='lat' dir='ltr'>Idem</span> 
     </span>
     <span class='ocr_line' id='line_1_63' title="bbox 1045 1828 1732 1878; baseline 0.001 -13"><span class='ocrx_word' id='word_1_328' title='bbox 1045 1833 1220 1866; x_wconf 86' lang='lat' dir='ltr'>Bentleius</span> <span class='ocrx_word' id='word_1_329' title='bbox 1256 1834 1299 1864; x_wconf 88' lang='lat' dir='ltr'>de</span> <span class='ocrx_word' id='word_1_330' title='bbox 1334 1828 1576 1878; x_wconf 77' lang='grc' dir='ltr'><em>ἀντιστρόφῳ</em></span> <span class='ocrx_word' id='word_1_331' title='bbox 1604 1843 1670 1866; x_wconf 90' lang='lat' dir='ltr'>usu</span> <span class='ocrx_word' id='word_1_332' title='bbox 1700 1844 1732 1865; x_wconf 91' lang='lat' dir='ltr'>v.</span> 
     </span>
     <span class='ocr_line' id='line_1_64' title="bbox 1045 1882 1736 1924; baseline 0 -10"><span class='ocrx_word' id='word_1_333' title='bbox 1045 1886 1191 1914; x_wconf 81' lang='lat' dir='ltr'>mutare:</span> <span class='ocrx_word' id='word_1_334' title='bbox 1220 1882 1373 1914; x_wconf 86' lang='lat' dir='ltr'>«Eodem</span> <span class='ocrx_word' id='word_1_335' title='bbox 1398 1882 1499 1923; x_wconf 85' lang='lat' dir='ltr'>plane</span> <span class='ocrx_word' id='word_1_336' title='bbox 1517 1892 1622 1915; x_wconf 89' lang='lat' dir='ltr'>sensu</span> <span class='ocrx_word' id='word_1_337' title='bbox 1638 1885 1736 1924; x_wconf 85' lang='lat' dir='ltr'>pote-</span> 
     </span>
     <span class='ocr_line' id='line_1_65' title="bbox 1046 1932 1735 1971; baseline 0 -8"><span class='ocrx_word' id='word_1_338' title='bbox 1046 1933 1092 1964; x_wconf 87' lang='lat' dir='ltr'>ris</span> <span class='ocrx_word' id='word_1_339' title='bbox 1122 1932 1256 1963; x_wconf 86' lang='lat' dir='ltr'>dicere:</span> <span class='ocrx_word' id='word_1_340' title='bbox 1292 1932 1433 1963; x_wconf 78' lang='lat' dir='ltr'>mutavit</span> <span class='ocrx_word' id='word_1_341' title='bbox 1455 1933 1606 1971; x_wconf 76' lang='lat' dir='ltr'>patriam</span> <span class='ocrx_word' id='word_1_342' title='bbox 1636 1933 1735 1963; x_wconf 60' lang='lat' dir='ltr'>wilto</span> 
     </span>
     <span class='ocr_line' id='line_1_66' title="bbox 1046 1982 1734 2022; baseline 0 -9"><span class='ocrx_word' id='word_1_343' title='bbox 1046 1983 1096 2013; x_wconf 82' lang='lat' dir='ltr'>et:</span> <span class='ocrx_word' id='word_1_344' title='bbox 1114 1982 1253 2012; x_wconf 73' lang='lat' dir='ltr'>mutavit</span> <span class='ocrx_word' id='word_1_345' title='bbox 1269 1982 1405 2012; x_wconf 61' lang='lat' dir='ltr'>exilium</span> <span class='ocrx_word' id='word_1_346' title='bbox 1415 1982 1548 2021; x_wconf 81' lang='lat' dir='ltr'>patria:</span> <span class='ocrx_word' id='word_1_347' title='bbox 1569 1982 1601 2013; x_wconf 88' lang='lat' dir='ltr'>in</span> <span class='ocrx_word' id='word_1_348' title='bbox 1618 1983 1734 2022; x_wconf 81' lang='lat' dir='ltr'>prlore</span> 
     </span>
     <span class='ocr_line' id='line_1_67' title="bbox 1046 2030 1733 2071; baseline 0 -9"><span class='ocrx_word' id='word_1_349' title='bbox 1046 2031 1302 2062; x_wconf 86' lang='lat' dir='ltr'>constructione</span> <span class='ocrx_word' id='word_1_350' title='bbox 1334 2030 1431 2063; x_wconf 90' lang='lat' dir='ltr'>locus</span> <span class='ocrx_word' id='word_1_351' title='bbox 1462 2039 1631 2071; x_wconf 86' lang='lat' dir='ltr'>praesens</span> <span class='ocrx_word' id='word_1_352' title='bbox 1661 2032 1733 2063; x_wconf 88' lang='lat' dir='ltr'>sive</span> 
     </span>
     <span class='ocr_line' id='line_1_68' title="bbox 1044 2081 1736 2121; baseline 0 -9"><span class='ocrx_word' id='word_1_353' title='bbox 1044 2081 1214 2112; x_wconf 81' lang='lat' dir='ltr'>terminus</span> <span class='ocrx_word' id='word_1_354' title='bbox 1237 2090 1257 2111; x_wconf 89' lang='lat' dir='ltr'>a</span> <span class='ocrx_word' id='word_1_355' title='bbox 1281 2089 1349 2121; x_wconf 92' lang='lat' dir='ltr'>quo</span> <span class='ocrx_word' id='word_1_356' title='bbox 1373 2081 1512 2121; x_wconf 89' lang='lat' dir='ltr'>ponitur</span> <span class='ocrx_word' id='word_1_357' title='bbox 1535 2089 1618 2112; x_wconf 87' lang='lat' dir='ltr'>casu</span> <span class='ocrx_word' id='word_1_358' title='bbox 1634 2090 1736 2113; x_wconf 88' lang='lat' dir='ltr'>accu—</span> 
     </span>
     <span class='ocr_line' id='line_1_69' title="bbox 1044 2129 1733 2170; baseline 0 -9"><span class='ocrx_word' id='word_1_359' title='bbox 1044 2131 1172 2168; x_wconf 84' lang='lat' dir='ltr'>sativo,</span> <span class='ocrx_word' id='word_1_360' title='bbox 1207 2130 1241 2161; x_wconf 91' lang='lat' dir='ltr'>in</span> <span class='ocrx_word' id='word_1_361' title='bbox 1265 2131 1459 2170; x_wconf 88' lang='lat' dir='ltr'>posteriorc</span> <span class='ocrx_word' id='word_1_362' title='bbox 1484 2129 1579 2161; x_wconf 89' lang='lat' dir='ltr'>locus</span> <span class='ocrx_word' id='word_1_363' title='bbox 1605 2130 1733 2161; x_wconf 89' lang='lat' dir='ltr'>absens</span> 
     </span>
     <span class='ocr_line' id='line_1_70' title="bbox 1044 2180 1735 2220; baseline 0 -9"><span class='ocrx_word' id='word_1_364' title='bbox 1044 2181 1115 2211; x_wconf 71' lang='lat' dir='ltr'>sive</span> <span class='ocrx_word' id='word_1_365' title='bbox 1140 2181 1310 2211; x_wconf 86' lang='lat' dir='ltr'>terminus</span> <span class='ocrx_word' id='word_1_366' title='bbox 1335 2180 1378 2211; x_wconf 85' lang='lat' dir='ltr'>ad</span> <span class='ocrx_word' id='word_1_367' title='bbox 1396 2188 1519 2220; x_wconf 87' lang='lat' dir='ltr'>quem,</span> <span class='ocrx_word' id='word_1_368' title='bbox 1546 2189 1651 2220; x_wconf 88' lang='lat' dir='ltr'>quam</span> <span class='ocrx_word' id='word_1_369' title='bbox 1670 2180 1735 2211; x_wconf 85' lang='lat' dir='ltr'>for-</span> 
     </span>
     <span class='ocr_line' id='line_1_71' title="bbox 1044 2228 1735 2261; baseline 0.003 -2"><span class='ocrx_word' id='word_1_370' title='bbox 1044 2238 1139 2260; x_wconf 86' lang='lat' dir='ltr'>mam</span> <span class='ocrx_word' id='word_1_371' title='bbox 1162 2229 1216 2260; x_wconf 83' lang='lat' dir='ltr'>bis</span> <span class='ocrx_word' id='word_1_372' title='bbox 1241 2228 1295 2260; x_wconf 76' lang='lat' dir='ltr'>vel</span> <span class='ocrx_word' id='word_1_373' title='bbox 1321 2230 1373 2260; x_wconf 89' lang='lat' dir='ltr'>ter</span> <span class='ocrx_word' id='word_1_374' title='bbox 1396 2231 1537 2261; x_wconf 80' lang='lat' dir='ltr'>secutus</span> <span class='ocrx_word' id='word_1_375' title='bbox 1559 2231 1611 2260; x_wconf 86' lang='lat' dir='ltr'>est</span> <span class='ocrx_word' id='word_1_376' title='bbox 1628 2231 1735 2261; x_wconf 87' lang='lat' dir='ltr'>Hora-</span> 
     </span>
     <span class='ocr_line' id='line_1_72' title="bbox 1044 2279 1734 2317; baseline 0.003 -8"><span class='ocrx_word' id='word_1_377' title='bbox 1044 2279 1121 2310; x_wconf 89' lang='lat' dir='ltr'>tius.</span> <span class='ocrx_word' id='word_1_378' title='bbox 1170 2279 1231 2310; x_wconf 91' lang='lat' dir='ltr'>Od.</span> <span class='ocrx_word' id='word_1_379' title='bbox 1265 2280 1302 2317; x_wconf 77' lang='lat'>¹1,</span> <span class='ocrx_word' id='word_1_380' title='bbox 1335 2279 1392 2317; x_wconf 71' lang='lat'>47,</span> <span class='ocrx_word' id='word_1_381' title='bbox 1419 2279 1452 2310; x_wconf 73' lang='lat'>4:</span> <span class='ocrx_word' id='word_1_382' title='bbox 1495 2279 1594 2309; x_wconf 62' lang='lat' dir='ltr'>Velm:</span> <span class='ocrx_word' id='word_1_383' title='bbox 1622 2288 1734 2311; x_wconf 89' lang='lat' dir='ltr'>amoe-</span> 
     </span>
     <span class='ocr_line' id='line_1_73' title="bbox 1042 2328 1733 2368; baseline 0.001 -9"><span class='ocrx_word' id='word_1_384' title='bbox 1042 2338 1121 2359; x_wconf 66' lang='lat' dir='ltr'>num</span> <span class='ocrx_word' id='word_1_385' title='bbox 1144 2337 1238 2367; x_wconf 77' lang='lat' dir='ltr'>saepe</span> <span class='ocrx_word' id='word_1_386' title='bbox 1263 2328 1454 2359; x_wconf 74' lang='lat' dir='ltr'>Lucretilem</span> <span class='ocrx_word' id='word_1_387' title='bbox 1476 2329 1584 2359; x_wconf 72' lang='grc' dir='ltr'><em>Μιιίαι</em></span> <span class='ocrx_word' id='word_1_388' title='bbox 1607 2329 1733 2368; x_wconf 76' lang='lat' dir='ltr'>Lycaeo</span> 
     </span>
     <span class='ocr_line' id='line_1_74' title="bbox 1043 2377 1734 2417; baseline 0 -8"><span class='ocrx_word' id='word_1_389' title='bbox 1043 2378 1186 2409; x_wconf 77' lang='lat' dir='ltr'>Faunus,</span> <span class='ocrx_word' id='word_1_390' title='bbox 1213 2378 1280 2408; x_wconf 87' lang='lat' dir='ltr'>Sat.</span> <span class='ocrx_word' id='word_1_391' title='bbox 1310 2378 1347 2415; x_wconf 51' lang='lat'>¹2,</span> <span class='ocrx_word' id='word_1_392' title='bbox 1383 2378 1418 2415; x_wconf 76' lang='lat'>7,</span> <span class='ocrx_word' id='word_1_393' title='bbox 1454 2377 1531 2408; x_wconf 71' lang='lat'>409:</span> <span class='ocrx_word' id='word_1_394' title='bbox 1570 2378 1624 2417; x_wconf 79' lang='lat' dir='ltr'>qui</span> <span class='ocrx_word' id='word_1_395' title='bbox 1648 2387 1734 2417; x_wconf 78' lang='lat' dir='ltr'>puer</span> 
     </span>
     <span class='ocr_line' id='line_1_75' title="bbox 1041 2427 1730 2467; baseline 0.001 -9"><span class='ocrx_word' id='word_1_396' title='bbox 1041 2436 1141 2458; x_wconf 79' lang='lat' dir='ltr'>uvam</span> <span class='ocrx_word' id='word_1_397' title='bbox 1156 2427 1294 2458; x_wconf 76' lang='lat' dir='ltr'>Furtira</span> <span class='ocrx_word' id='word_1_398' title='bbox 1309 2430 1414 2457; x_wconf 67' lang='lat' dir='ltr'>initiat</span> <span class='ocrx_word' id='word_1_399' title='bbox 1429 2427 1559 2467; x_wconf 59' lang='lat' dir='ltr'>strigili,</span> <span class='ocrx_word' id='word_1_400' title='bbox 1582 2427 1649 2459; x_wconf 90' lang='lat' dir='ltr'>hoc</span> <span class='ocrx_word' id='word_1_401' title='bbox 1667 2429 1730 2464; x_wconf 75' lang='lat' dir='ltr'>est,</span> 
     </span>
     <span class='ocr_line' id='line_1_76' title="bbox 1042 2475 1733 2516; baseline -0.001 -9"><span class='ocrx_word' id='word_1_402' title='bbox 1042 2478 1079 2507; x_wconf 90' lang='lat' dir='ltr'>ut</span> <span class='ocrx_word' id='word_1_403' title='bbox 1096 2477 1316 2507; x_wconf 87' lang='lat' dir='ltr'>communius</span> <span class='ocrx_word' id='word_1_404' title='bbox 1341 2475 1544 2516; x_wconf 86' lang='lat' dir='ltr'>loquuntur,</span> <span class='ocrx_word' id='word_1_405' title='bbox 1570 2477 1733 2515; x_wconf 75' lang='lat' dir='ltr'>Lycaeum</span> 
     </span>
     <span class='ocr_line' id='line_1_77' title="bbox 1043 2525 1730 2566; baseline -0.001 -9"><span class='ocrx_word' id='word_1_406' title='bbox 1043 2526 1212 2562; x_wconf 79' lang='lat' dir='ltr'>Luerelili,</span> <span class='ocrx_word' id='word_1_407' title='bbox 1239 2527 1273 2556; x_wconf 89' lang='lat' dir='ltr'>et</span> <span class='ocrx_word' id='word_1_408' title='bbox 1296 2526 1454 2566; x_wconf 67' lang='lat' dir='ltr'>strigilem</span> <span class='ocrx_word' id='word_1_409' title='bbox 1475 2535 1576 2556; x_wconf 78' lang='lat' dir='ltr'>uva.»</span> <span class='ocrx_word' id='word_1_410' title='bbox 1607 2525 1730 2565; x_wconf 85' lang='lat' dir='ltr'>Sicque</span> 
     </span>
     <span class='ocr_line' id='line_1_78' title="bbox 1044 2570 1732 2606; baseline -0.001 0"><span class='ocrx_word' id='word_1_411' title='bbox 1044 2575 1165 2606; x_wconf 83' lang='lat' dir='ltr'>Graeci</span> <span class='ocrx_word' id='word_1_412' title='bbox 1189 2576 1332 2606; x_wconf 87' lang='lat' dir='ltr'>utuntur</span> <span class='ocrx_word' id='word_1_413' title='bbox 1354 2584 1387 2606; x_wconf 77' lang='lat' dir='ltr'>v.</span> <span class='ocrx_word' id='word_1_414' title='bbox 1414 2570 1630 2606; x_wconf 68' lang='grc' dir='ltr'><em>ἀλλάσσειν.</em></span> <span class='ocrx_word' id='word_1_415' title='bbox 1659 2575 1732 2605; x_wconf 77' lang='lat' dir='ltr'>Ari-</span> 
     </span>
     <span class='ocr_line' id='line_1_79' title="bbox 1044 2618 1731 2669; baseline 0 -14"><span class='ocrx_word' id='word_1_416' title='bbox 1044 2625 1154 2665; x_wconf 82' lang='lat' dir='ltr'>stoph.</span> <span class='ocrx_word' id='word_1_417' title='bbox 1176 2626 1236 2655; x_wconf 82' lang='lat' dir='ltr'>Av.</span> <span class='ocrx_word' id='word_1_418' title='bbox 1258 2625 1335 2655; x_wconf 71' lang='lat'>⁴47:</span> <span class='ocrx_word' id='word_1_419' title='bbox 1363 2621 1423 2655; x_wconf 77' lang='grc' dir='ltr'>εἶτ’</span> <span class='ocrx_word' id='word_1_420' title='bbox 1446 2618 1557 2664; x_wconf 65' lang='grc' dir='ltr'><em>αὖθις</em></span> <span class='ocrx_word' id='word_1_421' title='bbox 1570 2619 1731 2669; x_wconf 74' lang='grc' dir='ltr'>ὀρνίθων</span> 
     </span>
     <span class='ocr_line' id='line_1_80' title="bbox 1043 2670 1731 2715; baseline 0 -11"><span class='ocrx_word' id='word_1_422' title='bbox 1043 2670 1277 2715; x_wconf 75' lang='grc' dir='ltr'><em>μεταλλάξας</em></span> <span class='ocrx_word' id='word_1_423' title='bbox 1299 2671 1434 2713; x_wconf 80' lang='grc' dir='ltr'><em>φύσιν,</em></span> <span class='ocrx_word' id='word_1_424' title='bbox 1460 2674 1493 2705; x_wconf 88' lang='lat' dir='ltr'>in</span> <span class='ocrx_word' id='word_1_425' title='bbox 1517 2682 1595 2705; x_wconf 87' lang='lat' dir='ltr'>eam</span> <span class='ocrx_word' id='word_1_426' title='bbox 1617 2675 1731 2705; x_wconf 84' lang='lat' dir='ltr'>trans—</span> 
     </span>
     <span class='ocr_line' id='line_1_81' title="bbox 1045 2723 1727 2763; baseline -0.001 -9"><span class='ocrx_word' id='word_1_427' title='bbox 1045 2724 1129 2755; x_wconf 85' lang='lat' dir='ltr'>iens.</span> <span class='ocrx_word' id='word_1_428' title='bbox 1171 2724 1278 2755; x_wconf 63' lang='lat' dir='ltr'>Eaesul</span> <span class='ocrx_word' id='word_1_429' title='bbox 1313 2725 1430 2755; x_wconf 89' lang='lat' dir='ltr'>autem</span> <span class='ocrx_word' id='word_1_430' title='bbox 1459 2732 1539 2754; x_wconf 86' lang='lat' dir='ltr'>cuni</span> <span class='ocrx_word' id='word_1_431' title='bbox 1567 2723 1727 2763; x_wconf 72' lang='lat' dir='ltr'>genitivo,</span> 
     </span>
     <span class='ocr_line' id='line_1_82' title="bbox 1045 2772 1730 2810; baseline -0.003 -7"><span class='ocrx_word' id='word_1_432' title='bbox 1045 2774 1081 2803; x_wconf 82' lang='lat' dir='ltr'>ut</span> <span class='ocrx_word' id='word_1_433' title='bbox 1111 2773 1205 2803; x_wconf 85' lang='lat' dir='ltr'>Ovid.</span> <span class='ocrx_word' id='word_1_434' title='bbox 1234 2774 1312 2804; x_wconf 80' lang='lat' dir='ltr'>Mei.</span> <span class='ocrx_word' id='word_1_435' title='bbox 1340 2773 1376 2810; x_wconf 82' lang='grc'>6,</span> <span class='ocrx_word' id='word_1_436' title='bbox 1413 2773 1489 2804; x_wconf 68' lang='grc' dir='ltr'>489ῑ</span> <span class='ocrx_word' id='word_1_437' title='bbox 1527 2772 1631 2803; x_wconf 66' lang='lat' dir='ltr'>Ea‘sul</span> <span class='ocrx_word' id='word_1_438' title='bbox 1660 2775 1730 2802; x_wconf 81' lang='lat' dir='ltr'>era!</span> 
     </span>
    </p>
   </div>
  </div>
 </body>
</html>
