1997 3219
423 167 496 209 102
519 190 525 191 .
925 169 1090 199 lloRATll
1117 167 1336 199 CAssMlMJM

877 406 1186 446 GARMEN
1223 407 1372 445 xw.

641 520 676 561 O
707 525 840 560 matre
870 517 1048 574 pulchra
1076 517 1161 559 filia
1190 516 1426 574 pulchrior,

641 600 789 650 Quem.
809 599 1045 642 criminosis
1076 612 1244 655 cunque
1274 597 1392 641 voles
1422 597 1595 640 modum

500 732 583 762 XVI.
631 732 740 762 Inscr.
765 730 855 771 volg.

902 730 1084 762 palinodia.
1111 748 1145 752 —
1170 731 1219 762 Ad
1243 730 1460 769 Tyndaridem
1482 730 1514 761 S.
1555 748 1589 752 —
1612 729 1660 761 Aa
1688 729 1805 760 Tinda-

455 781 550 812 risten
577 780 702 821 faciens
734 781 920 812 iamborum
943 783 1060 820 potest.
1093 780 1129 811 T.
1165 799 1200 803 —
1231 780 1404 812 Palinoclia
1435 780 1607 811 Gratidiae
1640 779 1684 810 ad
1722 779 1806 818 Tyn-

456 832 606 862 daridem
628 831 775 865 amicam.
793 830 903 863 Codd.
931 830 1001 861 duo
1025 830 1204 861 Torrentii.

455 949 540 980 XVI.
582 950 740 981 Amicam
762 948 993 981 Archilochiis
1017 949 1105 979 iam-

413 998 468 1030 bis
492 1007 511 1029 a
534 1007 572 1030 se
590 998 772 1037 offensam⁷
796 1000 950 1030 erratum
972 998 1108 1029 confes—

413 1056 485 1085 sus,
511 1047 740 1079 reconciliare
758 1048 824 1079 sibi
841 1048 968 1079 studet.
1006 1046 1106 1085 Quod

413 1096 626 1129 Scholiastae
639 1097 877 1136 Tyndaridem
893 1096 985 1128 illam
1001 1095 1106 1127 fuisse

414 1146 534 1177 dicunt
567 1146 768 1186 habentque
802 1146 912 1178 Codd.
953 1144 1108 1176 nonnulli

413 1196 458 1226 ad
484 1196 717 1235 Tyndaridem,
754 1195 789 1226 id
818 1204 904 1226 vero
936 1195 1000 1227 etsi
1024 1204 1108 1235 pro—

413 1245 475 1276 bat
490 1244 733 1284 Walckenaer‚
755 1245 915 1286 precario
928 1246 1108 1285 sumptum

414 1296 468 1327 est
506 1304 524 1326 e
560 1296 715 1326 carmine
761 1296 951 1334 sequente3
991 1294 1108 1325 minus

416 1345 521 1376 etiam
544 1343 727 1384 probabile
746 1343 861 1375 Schol.
882 1345 987 1384 Cruq.
1015 1352 1111 1375 com—

415 1395 597 1431 mwtum,
643 1393 831 1425 Gratidiam
863 1402 890 1425 s.
928 1392 1109 1424 Canidiam

414 1452 535 1484 sagam
574 1442 770 1482 significari.
832 1442 959 1480 «Quod
990 1443 1109 1473 autem

413 1495 528 1524 Acron
552 1492 652 1524 dicit:
689 1493 783 1523 Hanc
807 1492 888 1523 oden
918 1493 952 1523 in
975 1492 1109 1532 satisfa—

413 1543 552 1573 ctionem
578 1542 659 1583 facit
685 1542 813 1572 amicae
845 1550 1000 1580 suae—-‚
1038 1541 1112 1571 imi-

414 1595 502 1622 tatus
540 1591 760 1622 Stesichorum
798 1592 885 1622 cet:
929 1591 1110 1623 Horatium

415 1641 510 1672 idem
545 1641 686 1680 fecisse,
724 1640 819 1681 quod
850 1642 950 1672 antea
980 1640 1112 1672 fecerat

415 1690 658 1729 Stesichorus,
691 1692 826 1728 narrat3
859 1690 1003 1721 minime
1029 1689 1112 1720 dicit

412 1739 508 1771 illum
551 1740 766 1772 Himerensis
806 1741 931 1780 poetae
976 1738 1112 1780 palino—

414 1790 506 1821 diam
520 1790 710 1821 imitatione
726 1791 923 1830 exprimere
935 1789 1108 1820 voluisse»

417 1839 465 1877 (ut
497 1842 713 1879 acceperunt
747 1838 902 1871 nonnulli
933 1839 1112 1878 Interpre-

416 1888 493 1927 tes).
528 1889 633 1919 Esrnss
658 1889 741 1920 Hor.
768 1890 822 1921 Pr.
848 1897 882 1929 p.
909 1887 962 1919 33.
1003 1888 1110 1918 Recte

415 1937 480 1968 hac
506 1937 550 1968 de
574 1946 611 1968 re
633 1938 819 1978 disputavit
832 1936 980 1969 Hofman
993 1935 1111 1968 Peerl—

415 1987 519 2027 kamp
544 1986 589 2017 ad
609 1995 641 2018 v.
669 1988 719 2018 43.
753 1988 803 2018 lta
825 1995 907 2026 ergo
931 1985 1113 2017 dumtaxat

416 2036 679 2075 intelligendum
704 2035 1023 2068 celebratissimum
1048 2043 1112 2075 pa-

415 2086 564 2118 linodiae
580 2085 781 2126 exemplum
796 2086 902 2117 fuisse
920 2084 1015 2123 illud,
1042 2093 1111 2124 quo

417 2135 637 2166 Stesichorus
655 2134 807 2167 Helenae
826 2135 1015 2167 criminoso
1033 2142 1112 2166 car-

416 2185 510 2216 mine
541 2183 657 2215 laesae
680 2185 890 2225 deprecatus
912 2186 975 2216 cst.
1001 2184 1042 2215 V.
1068 2183 1112 2214 ad

417 2234 526 2275 Epod.
550 2234 580 2272 7,
607 2233 659 2265 4:⁴2.
708 2235 795 2265 Nam
829 2234 1012 2273 utriusque
1040 2242 1112 2263 πα-

417 2281 590 2325 λινῳδίας
625 2284 697 2314 toto
719 2291 848 2323 genere
881 2284 985 2322 atque
1009 2291 1112 2322 argu-

418 2334 537 2364 mento
581 2334 762 2372 spectato,
805 2332 928 2372 quovis
967 2332 1111 2371 pignore

418 2382 632 2414 contendere
656 2380 756 2419 licet,
784 2389 826 2411 cx
850 2381 1048 2412 Stesichoro
1066 2381 1115 2411 ni-

420 2431 466 2462 hil
487 2439 631 2471 prorsus
654 2430 804 2461 mutuari
826 2430 982 2469 potuisse
1006 2430 1115 2460 Hora-

420 2482 515 2511 tium.
554 2479 614 2518 (De
650 2480 753 2510 inser.
785 2479 894 2511 Codd.
925 2480 1020 2510 Torr.
1051 2479 1111 2510 cfr.

419 2529 552 2561 Weber
573 2530 685 2561 Hora:
712 2538 746 2569 p.
773 2528 859 2568 459.)
888 2529 1039 2569 Tempus
1066 2529 1116 2559 in—

421 2580 557 2610 certum
583 2580 759 2615 remane&
796 2578 927 2609 Franke
962 2587 992 2608 a.
1019 2587 1051 2608 u.
1080 2588 1111 2609 c.

420 2629 493 2665 725,
513 2628 682 2659 Kirchncr
698 2627 772 2666 726,
791 2625 1020 2658 Walckcnacr
1037 2627 1111 2657 727.

471 2727 497 2756 2.
525 2726 554 2755 13.
582 2722 1115 2772 (’)’ἰι)ιί1ιοει’3]ὑβριστῆραςῐάμ-

1155 946 1249 987 βους
1268 946 1467 978 Archilochi
1484 947 1585 977 vocat
1597 944 1769 985 Meleager
1784 946 1846 986 Ep.

1157 997 1242 1035 11119,
1280 996 1310 1027 7.
1348 997 1419 1027 Art.
1463 998 1556 1036 poet.
1599 996 1661 1026 79:
1706 996 1850 1026 Archilo-

1155 1046 1250 1077 chum
1269 1046 1407 1085 proprio
1431 1046 1538 1076 rabies
1559 1046 1703 1076 armarit
1727 1045 1847 1076 iambo.

1158 1094 1279 1126 Catuli.
1306 1095 1357 1133 36,
1389 1096 1419 1126 5.
1468 1095 1776 1126 Criminosissimum
1808 1094 1850 1125 Ii-

1157 1144 1252 1175 brum
1283 1144 1366 1175 dixit
1394 1144 1499 1175 etiam
1530 1145 1622 1175 Suet.
1658 1144 1757 1175 Caes.
1795 1144 1847 1175 75.

1159 1194 1324 1225 Ceterum
1346 1186 1438 1225 cum*
1461 1195 1573 1224 totum
1605 1194 1851 1232 argumentum

1158 1243 1280 1275 fictum
1304 1252 1382 1275 esse
1406 1242 1588 1281 videatur,
1614 1243 1678 1274 hos
1710 1250 1851 1282 quoque

1158 1292 1297 1324 iambos
1322 1291 1594 1324 contumeliosos
1611 1300 1790 1332 nunquam
1807 1290 1851 1322 ab

1159 1342 1299 1373 Horatio
1316 1343 1466 1382 scriptos
1480 1351 1558 1374 esse
1577 1342 1853 1373 consentaneum

1159 1393 1224 1423 est.
1272 1392 1411 1423 Frustra
1436 1392 1532 1422 certe
1557 1400 1617 1422 eos
1639 1399 1789 1431 quaeres
1818 1390 1852 1421 in

1158 1440 1305 1480 Epodis;
1341 1449 1557 1481 quamquam
1581 1440 1770 1472 Grotefend
1793 1448 1852 1470 rc—

1159 1489 1225 1520 fert
1241 1489 1286 1520 ad
1302 1489 1410 1530 Epod.
1433 1490 1482 1521 45.
1499 1515 1505 1526 ‚
1528 1491 1660 1521 Franke
1679 1489 1721 1519 ad
1739 1488 1848 1529 Epod.

1160 1539 1211 1570 47.
1234 1539 1276 1580 (v.
1292 1538 1357 1578 42.)
1383 1540 1442 1571 Est
1458 1540 1547 1570 inter
1563 1538 1689 1570 multas
1706 1546 1765 1569 eas
1782 1546 1850 1576 res,

1161 1597 1248 1628 quas
1298 1597 1391 1620 nunc
1433 1596 1578 1629 prorsus
1630 1588 1850 1627 ignoramus,

1161 1646 1323 1678 quaeque
1346 1638 1390 1669 ad
1413 1638 1521 1679 ipsius
1540 1637 1704 1669 carminis
1727 1635 1853 1667 intelli-

1161 1688 1313 1727 gentiam
1336 1687 1418 1719 nihil
1443 1688 1599 1719 attinent.
1634 1686 1702 1718 Cfr.
1727 1684 1854 1717 Dillen-

1160 1737 1352 1777 burgerum
1386 1746 1420 1778 p.
1447 1736 1500 1769 40.
1537 1753 1573 1758 -
1597 1736 1741 1776 modum]
1774 1736 1852 1766 Sive

1161 1787 1283 1818 fictum
1300 1788 1353 1819 est
1369 1787 1613 1826 argumentum
1635 1794 1698 1817 seu
1714 1792 1850 1822 verum,

1161 1837 1229 1868 hoc
1253 1836 1353 1867 dicit:
1383 1837 1526 1874 modum,
1560 1834 1693 1865 «finem
1710 1835 1851 1874 impone

1161 1886 1249 1917 meis
1295 1886 1328 1917 in
1373 1887 1407 1916 te
1455 1884 1708 1917 carminibus.»
1766 1884 1853 1914 Nam

1162 1935 1289 1975 quibus
1321 1933 1428 1966 rebus
1461 1934 1588 1965 modus
1620 1933 1777 1972 ponitur,
1816 1935 1854 1964 ut

1161 1985 1245 2023 irae,
1267 1983 1386 2022 luctui,
1413 1984 1534 2021 amori,
1565 1982 1740 2014 desiderio
1778 1982 1850 2021 (Od.

1163 2035 1192 2073 l,
1228 2033 1282 2073 ⁶24,
1321 2034 1382 2074 4.),
1432 2042 1493 2064 cae
1533 2030 1634 2064 simul
1674 2031 1850 2062 finiuntur.

1162 2085 1258 2115 llanc
1300 2084 1473 2114 rationem
1513 2081 1691 2120 vulgarem
1738 2079 1852 2112 «felici

1161 2133 1324 2165 audacia»
1358 2131 1532 2164 transtulit
1564 2130 1744 2162 etiamad
1776 2138 1853 2161 car-

1162 2183 1266 2214 mina.
1308 2183 1378 2214 Cic.
1400 2182 1498 2213 Verr.
1521 2182 1552 2219 ⁰2,
1579 2181 1610 2218 ⁶2,
1637 2179 1695 2211 48:
1721 2180 1854 2210 modum

1162 2236 1190 2263 et
1211 2234 1309 2273 finem
1329 2233 1448 2272 facere.
1496 2231 1556 2262 Est
1576 2230 1695 2269 igitur:
1725 2227 1852 2260 «Abolo

1162 2280 1248 2319 illos,
1275 2283 1312 2311 ut
1335 2280 1443 2318 voles,
1469 2280 1542 2311 sive
1568 2278 1757 2310 cremando
1778 2277 1852 2309 sive

1163 2331 1196 2361 in
1220 2339 1317 2361 mare
1342 2329 1571 2361 deficiendo.»
1607 2329 1704 2359 Iuvat
1720 2335 1853 2358 memo-

1162 2389 1240 2411 rare
1270 2380 1451 2411 mirificam
1481 2378 1593 2410 llot'm.
1625 2376 1851 2417 Peerlkampii

1164 2430 1271 2460 coni:
1307 2431 1396 2468 Quas
1417 2428 1600 2459 criminosis
1620 2436 1747 2465 cunque
1768 2426 1853 2456 voles

1162 2479 1267 2509 mosiis
1301 2480 1425 2510 Poenas
1456 2476 1595 2517 parabis
1630 2478 1696 2506 cei.
1760 2474 1850 2506 Talia

1165 2529 1257 2559 enim
1282 2528 1392 2567 magis
1414 2527 1515 2558 etiam
1533 2525 1724 2556 exhilarent
1747 2524 1853 2556 lecto—

1165 2586 1239 2608 rem
1264 2586 1408 2609 necesse
1431 2578 1484 2608 est
1500 2576 1617 2606 iocoso
1635 2575 1667 2606 in
1685 2575 1850 2613 carmine,

1165 2627 1360 2658 cuiusmodi
1386 2627 1452 2657 hoc
1477 2626 1546 2662 θείς
1572 2625 1605 2655 in
1622 2625 1713 2656 serio
1737 2624 1853 2655 liuius-

1167 2676 1259 2708 modi
1288 2675 1531 2707 liariolationes
1571 2673 1701 2705 referre
1737 2673 1853 2714 piacu-

1165 2725 1236 2757 lum
1257 2725 1354 2757 soret.
1386 2743 1418 2747 —
1459 2723 1584 2764 iambis]
1609 2724 1662 2755 Sic
1687 2732 1750 2764 pro
1772 2725 1853 2763 po'e'-
