1997 3219
305 113 385 153 648

837 117 1005 149 llORATll
1030 117 1197 149 EPODON

529 220 720 261 Pccusvc
754 218 943 262 Calabris
974 226 1070 262 ante
1101 219 1219 262 sidus
1251 221 1456 263 fervidum

580 300 748 341 Lucana
783 306 915 341 mutet
943 299 1132 355 pascuis,

528 381 676 436 Neque
708 386 753 422 ut
783 380 956 436 superni
987 379 1084 422 villa
1114 379 1301 423 candens
1333 381 1498 424 Tusculi

587 460 762 502 Circaea
793 467 933 517 tangat
958 461 1143 522 moenia.

389 566 450 602 28.
467 566 608 605 ,vascula
637 568 682 605 B,
716 576 844 606 pascua
868 567 889 598 d
909 593 914 606 ‚
935 566 1035 606 βλω,
1061 569 1148 599 pou..
1175 567 1263 606 duo,
1291 568 1369 599 LCt.

1685 462 1738 503 30

1414 568 1463 608 (Ut
1487 576 1569 606 nos⁷
1606 568 1692 605 bSc,

349 625 473 649 omnes
498 617 686 655 Blandinii,
711 615 760 655 βκ
786 626 887 649 «cum
911 617 986 649 aliis
1011 617 1212 657 quinque»)
1241 633 1276 639 ——
1303 617 1356 648 29.
1381 617 1448 648 Nec
1466 617 1635 655 bd,LCtF.
1657 635 1692 640 —

345 667 454 705 supini
478 667 588 699 Bentl.
616 667 706 699 coni.
733 667 778 698 ab
803 668 878 708 ipso
902 668 1068 707 recepta,
1095 666 1225 705 superbi
1249 665 1436 698 Markland.

346 752 398 783 27.
425 753 478 785 ⁶28.
505 755 642 785 pecusve
658 753 808 785 Calabris
831 753 912 793 cet]
939 754 997 784 «ut

304 802 481 833 numerosi
500 803 583 834 mihi
600 803 667 834 sint
684 811 808 843 greges
820 802 996 842 variisque

304 849 335 880 in
363 851 566 890 regionibus
605 851 721 892 ampla
755 859 909 892 pascua,
949 851 996 882 ita

303 899 356 937 ut,
390 901 693 939 quemadmodum
710 901 840 933 faciunt
857 900 995 938 divites,

304 949 437 980 aestate
455 958 540 981 oves
558 959 659 982 meae
678 959 696 981 e
711 949 871 981 Calabria
888 949 999 980 in'Lu-

304 997 441 1029 caniani
469 999 584 1031 minus
609 1000 809 1031 aestuosam
838 999 995 1039 agantur.

304 1046 413 1078 Varro
431 1048 467 1079 R.
487 1049 524 1079 R.
544 1049 583 1087 ⁶2,
604 1050 616 1080 l
634 1074 640 1088 ‚
661 1049 702 1080 46
719 1059 725 1079 ;
755 1056 870 1089 greges
889 1048 999 1079 ovium

307 1095 401 1136 longe
425 1096 606 1137 abiguntur
626 1107 669 1129 ea:
681 1098 803 1138 Apulia
819 1098 852 1128 in
869 1098 1001 1128 Samni-

306 1153 361 1175 um
389 1146 595 1178 aestivalium.
629 1147 716 1178 lbid.
738 1148 769 1185 ⁶2,
788 1148 820 1186 ⁶2,
840 1147 881 1178 9:
919 1147 1000 1177 mihi

305 1203 420 1234 greges
443 1195 477 1226 in
491 1196 613 1235 Apulia
628 1196 844 1228 hibernabant
856 1222 866 1235 ,
894 1197 949 1235 qui
965 1196 1000 1226 in

303 1244 448 1275 Reatinis
473 1245 636 1277 montibus
663 1246 879 1277 aestivabant.
917 1245 997 1284 (Csr.

307 1292 412 1324 etiam
428 1294 534 1334 Epist.
554 1295 585 1334 2,
605 1296 636 1334 2,
656 1295 717 1326 477
735 1304 740 1325 :
767 1295 917 1326 Calabris
927 1293 1001 1324 Sal-

306 1341 390 1372 tibus
424 1343 542 1374 adiecti
574 1344 728 1384 Lucani.)
774 1342 922 1375 Pulchre
955 1343 999 1374 de

305 1390 418 1423 beatis
442 1392 496 1424 his
514 1393 631 1425 Italiae
655 1393 825 1425 tractibus
848 1392 999 1424 Rehfues

304 1441 395 1472 Neue
416 1443 533 1474 Medea
548 1443 587 1474 II.
615 1444 647 1474 S.
668 1443 754 1475 ⁶264:
779 1443 841 1474 Die
856 1443 1000 1483 felteslen

309 1491 532 1532 Weidelriften
555 1492 669 1532 laufen
691 1501 736 1523 ari
752 1493 812 1523 den
826 1491 1003 1523 otiaandri-

304 1540 398 1571 sclien
431 1540 561 1571 Baehen
594 1541 651 1572 hin
676 1542 745 1572 ancl
772 1541 926 1572 bedeclcen
950 1541 1001 1572 die

305 1591 430 1629 offenen
444 1590 555 1620 Ho‘lien
570 1591 729 1622 :wischen
745 1591 805 1622 den
820 1591 997 1630 Urforsten.

305 1639 368 1669 Die
400 1639 549 1679 uppigsle
586 1640 772 1680 Vegetalion
803 1640 888 1670 lac-ht
920 1639 1001 1670 iiber

305 1688 392 1728 Berg
408 1689 476 1718 und
499 1688 523 1718 T
521 1688 579 1719 hal
598 1689 666 1719 und
686 1689 831 1719 wucherl
847 1688 940 1720 selbsl
956 1697 1000 1718 an

306 1738 367 1768 den
402 1737 598 1777 gewalcz‘gen
628 1738 829 1769 Felsmassen
864 1746 998 1777 emper,

306 1786 371 1825 auf
386 1787 437 1817 die
459 1786 525 1817 sicli
546 1787 624 1825 J'ene
650 1787 770 1827 Trisson
806 1787 917 1827 lzc'i'ufig
939 1785 1000 1817 ab-

306 1835 485 1866 sclineiden.
518 1852 555 1857 —
597 1839 672 1867 ante
705 1837 793 1867 sidus
818 1836 998 1877 fervidum]

309 1886 408 1915 «autc
427 1883 611 1915 Caniculae
631 1886 782 1916 ortum.»
800 1903 835 1907 —
855 1886 904 1916 Dc
920 1894 1002 1917 con-

308 1934 497 1965 structione
524 1942 553 1963 v.
572 1937 703 1965 'mutare
722 1934 784 1966 cfr.
806 1934 867 1965 Od.
889 1935 900 1965 4
920 1960 926 1973 ‚
946 1935 997 1973 47,

308 1984 338 2014 ’2.
366 1984 400 2014 et
423 1984 492 2013 Sat.
519 1983 557 2021 2,
589 1984 624 2021 7,
657 1984 730 2014 ⁶¹40.
776 2002 810 2005 —
849 1984 998 2023 pascuis]

309 2033 402 2063 llaec
432 2031 535 2063 lectio
568 2041 636 2063 non
661 2032 773 2063 solum
798 2032 958 2063 firmatur
981 2042 999 2063 a

309 2081 425 2113 multis
449 2083 483 2112 ct
501 2081 760 2121 praestantibus
779 2081 888 2113 Codd.
904 2107 909 2119 ,
937 2081 1001 2113 sed

308 2130 440 2161 facilius
466 2131 570 2161 etiam
593 2140 722 2162 nomen
739 2130 1001 2162 accommodari

310 2181 447 2220 poterat
463 2179 507 2211 ad
523 2180 755 2221 propinquius
779 2179 906 2211 adiect.
934 2181 1000 2211 Lu-

309 2239 395 2261 cana
439 2239 544 2270 quam
592 2232 724 2261 contra.
789 2231 879 2261 «Nos
922 2230 1000 2261 ideo

309 2279 440 2318 pascuis
464 2279 720 2319 praeferimus,
759 2287 801 2309 nc
832 2280 864 2309 in
891 2279 1001 2311 tribus

311 2329 481 2359 continuis
506 2328 628 2368 epodis
654 2327 778 2359 eadem
805 2330 903 2358 excat
929 2329 1001 2359 tor-

311 2378 486 2408 minatio.»
516 2377 632 2408 linurin

353 2426 406 2457 29.
434 2426 484 2456 530.
511 2427 659 2465 superni]
686 2426 790 2457 Vetus
813 2426 999 2458 Tusculum

313 2478 414 2513 (anno
441 2475 520 2505 Chr.
553 2476 646 2506 4191.
677 2485 694 2506 a
720 2475 881 2506 Romanis
905 2475 1002 2507 ‹liru-

314 2526 396 2558 tuim
433 2525 464 2554 in
492 2527 610 2555 monto
632 2532 798 2565 supremo
824 2524 1002 2556 conditum

314 2575 406 2608 crat.
441 2572 650 2604 hodiernum
686 2574 758 2604 sive
796 2573 1002 2604 1³raseasiin

314 2621 400 2652 clivo
418 2621 540 2652 leuiter
557 2624 773 2661 assurgente.
805 2622 1002 2662 (Antiquam

321 2670 501 2702 Tusculum
538 2672 642 2703 situm
678 2674 767 2706 erat,

1047 751 1080 782 la
1110 751 1190 782 villa
1221 752 1306 783 della
1329 752 1498 792 Itzlfinella.
1542 751 1649 784 Raoul
1673 753 1741 783 Ro-

1047 801 1163 832 chette
1186 801 1328 831 Journal
1350 802 1404 832 cles
1426 804 1560 832 savants
1584 800 1678 833 4848.
1706 810 1738 841 p.

1048 850 1112 890 49.)
1152 867 1184 873 —
1225 851 1347 890 Utique
1372 850 1433 881 Od.
1464 850 1501 889 3,
1531 850 1570 889 4,
1599 850 1651 882 23.
1689 851 1741 882 est

1050 901 1146 932 Tibur
1179 898 1354 940 supinanM
1392 910 1518 932 verum
1552 903 1740 942 propterea

1048 959 1117 982 non
1157 949 1251 981 idem
1295 949 1469 982 ἐπίθετον
1503 951 1559 982 hic
1600 959 1740 991 quoquo

1047 1000 1171 1040 poetae
1196 1000 1272 1031 erat
1287 999 1561 1031 obtrudendum.
1609 1000 1740 1031 Tuscu-

1048 1047 1122 1079 lum
1145 1049 1264 1079 autem
1295 1057 1472 1087 supernum
1497 1050 1550 1079 est
1572 1056 1654 1088 pars
1681 1057 1742 1079 su-

1049 1098 1167 1138 perior
1191 1096 1268 1128 clivi
1292 1096 1475 1128 Tusculani
1500 1098 1644 1138 propius
1677 1106 1744 1138 op—

1049 1146 1182 1187 pidum.
1235 1146 1306 1178 Cic.
1333 1146 1376 1178 de
1401 1147 1503 1187 Legg.
1531 1146 1570 1184 3,
1602 1145 1663 1177 113:
1704 1147 1739 1177 L.

1049 1194 1225 1233 Lucullus,
1244 1195 1367 1226 obiecta
1381 1196 1629 1236 magnificentia
1644 1195 1745 1226 villae

1050 1244 1269 1283 Tusculanae,
1296 1245 1476 1285 respondit
1497 1246 1561 1275 cluo
1580 1253 1612 1276 se
1627 1245 1744 1276 habere

1047 1294 1187 1331 vicinos,
1213 1294 1433 1332 superiorem,
1459 1294 1599 1333 equitem
1618 1294 1741 1326 Itoma-

1049 1351 1145 1381 num,
1171 1343 1379 1382 inferiorem,
1405 1343 1593 1374 libertinum
1617 1344 1683 1374 cet.
1706 1361 1741 1364 —

1051 1392 1178 1423 Tusculi
1201 1392 1340 1424 Circaea
1354 1410 1372 1414 —
1390 1393 1529 1434 moenia]
1556 1391 1743 1424 Tusculum

1049 1449 1069 1471 a
1103 1440 1276 1481 Telegono
1322 1440 1422 1473 Ulixis
1458 1450 1500 1473 ex
1535 1442 1634 1473 Circa
1673 1441 1743 1472 filio

1050 1489 1231 1521 conditum
1263 1489 1441 1528 ferebant;
1478 1491 1571 1522 unde
1606 1490 1668 1522 Od.
1702 1490 1741 1528 3,

1049 1540 1109 1578 ⁶29,
1143 1540 1180 1570 8:
1231 1539 1377 1579 Telegoni
1410 1539 1491 1580 tuga
1523 1540 1741 1579 parricidae,

1050 1588 1110 1620 ubi
1132 1588 1212 1619 vide
1249 1588 1367 1619 adnot.
1417 1590 1608 1620 Construe:
1648 1589 1741 1627 Non,

1048 1641 1084 1669 ut
1132 1638 1213 1668 villa
1256 1638 1397 1668 candens
1448 1640 1566 1677 tangat
1616 1638 1744 1669 moenia

1049 1687 1186 1719 Circaea
1227 1686 1354 1716 Tusculi
1392 1687 1544 1725 superni,
1593 1686 1627 1717 id
1667 1689 1740 1718 cst:

1050 1745 1140 1767 «non
1173 1737 1272 1776 opto,
1299 1736 1336 1766 ut
1363 1734 1441 1766 villa
1473 1736 1556 1767 mihi
1587 1735 1744 1775 obtingat

1050 1793 1250 1816 marmorea
1286 1786 1319 1815 et
1354 1784 1533 1825 magnifice
1567 1786 1744 1817 exstructa

1049 1843 1158 1875 prope
1198 1834 1313 1874 ipsum
1348 1833 1572 1866 Tusculum.»
1618 1833 1746 1866 Videli-

1051 1885 1107 1915 cet
1149 1882 1250 1923 longe
1295 1883 1521 1923 pretiosiores
1561 1883 1742 1924 magisque

1050 1933 1224 1973 appetitae
1272 1934 1371 1963 erant
1416 1931 1516 1963 villae
1554 1941 1743 1964 amoenum

1051 1981 1132 2013 illud
1157 1981 1326 2022 oppidum
1351 1982 1509 2022 proxime
1534 1983 1743 2021 attingentes

1051 2040 1158 2071 quam
1175 2031 1395 2062 remotiores.
1426 2031 1479 2061 Sic
1498 2031 1640 2062 minime
1659 2041 1744 2062 ean—

1052 2081 1133 2111 dem
1169 2080 1378 2112 sententiam
1421 2079 1463 2119 (v.
1490 2080 1557 2120 ¹25.)
1596 2081 1740 2121 repetit.

1053 2139 1142 2162 «non
1167 2130 1267 2170 opto,
1293 2131 1331 2160 ut
1355 2130 1439 2160 mihi
1464 2129 1615 2161 donetur
1640 2138 1744 2170 prae—

1051 2179 1148 2211 dium
1165 2187 1272 2219 quam
1289 2177 1541 2219 amplissimum
1559 2180 1593 2210 et
1610 2178 1744 2210 fertilis-

1052 2230 1218 2263 si111um»;
1245 2228 1308 2260 sed
1333 2228 1505 2267 adiungit:
1549 2238 1634 2259 «nor
1658 2237 1742 2260 vero

1053 2277 1151 2309 villae
1176 2286 1347 2308 amoenae
1366 2277 1514 2317 cupidus
1538 2286 1651 2308 sum.»
1683 2278 1740 2308 Lo—

1053 2327 1170 2367 quitur
1194 2335 1276 2366 ergo
1302 2326 1345 2357 (lc
1370 2325 1465 2363 villa,
1493 2328 1530 2357 ut
1554 2327 1598 2357 ita
1616 2326 1740 2362 ‹lic-am,

1054 2376 1154 2413 licta,
1193 2384 1299 2416 quam
1335 2376 1529 2418 φαντασίᾳ,
1568 2376 1741 2416 concipit:

1054 2434 1168 2466 nequo
1204 2434 1289 2455 vcro
1325 2432 1363 2455 sc
1396 2434 1462 2456 non
1495 2426 1616 2465 optari¹
1642 2424 1740 2460 dicit,

1056 2477 1111 2506 «ut
1138 2473 1305 2505 Sabinum
1331 2483 1433 2505 suum
1459 2474 1525 2505 XV.
1554 2472 1622 2504 mil.
1650 2482 1740 2513 pass.

1054 2533 1071 2553 a
1097 2522 1244 2554 Tusculo
1270 2522 1424 2558 distans,
1457 2521 1532 2553 villa
1563 2531 1579 2552 a
1612 2530 1700 2552 novo
1725 2530 1743 2551 c

1056 2581 1230 2604 marmori¹
1266 2571 1489 2603 constructa»
1538 2572 1653 2611 {ins-cr.
1695 2578 1740 2600 m.

1057 2624 1126 2653 lat.
1153 2623 1191 2653 N,
1228 2622 1276 2653 13.
1311 2623 1341 2652 ot
1375 2621 1503 2661 4303),
1545 2618 1742 2659 «usquead

819 2670 874 2702 ubi
913 2681 1003 2702 nunc
1028 2689 1031 2711 ς
1055 2672 1155 2702 liuius
1199 2680 1315 2702 muros
1353 2670 1560 2701 extendatur
1594 2667 1743 2709 praediis
