1997 3219
277 201 355 239 <5550

809 202 974 233 iionA'rll
1004 201 1169 233 EPODON

784 505 1095 545 canutam
1131 505 1207 555 ιι.

502 620 651 660 Beatus
685 617 771 660 ilie,
805 617 878 673 qui
911 616 1059 673 procul
1091 616 1295 672 negotiis.

556 698 603 740 Ut
634 697 772 752 prisca
804 709 908 752 gens
939 695 1206 744 mortalium,

497 779 674 819 Paterna
707 791 803 818 rura
835 776 973 819 hobus
1005 783 1174 819 exercet
1205 777 1317 819 suis.

554 857 723 899 Solutus
756 858 869 898 omni
901 857 1067 906 fenore,

359 978 398 1007 ll.
425 977 532 1008 Inscr.
559 975 648 1016 volg.
674 976 776 1017 Alfius
799 974 854 1006 vel
879 976 994 1007 Oratio
1018 975 1103 1016 Alfli..
1134 993 1168 997 —
1201 975 1306 1006 Vitam
1331 975 1560 1016 ayricolarum
1582 985 1669 1008 sum-

320 1034 376 1057 ma
399 1026 638 1066 tranquillitate
660 1034 774 1057 rerum
796 1028 997 1057 ewornatam
1016 1025 1226 1065 persequitur
1248 1025 1285 1056 B.
1322 1044 1355 1047 —
1397 1026 1562 1057 Laudari«)
1584 1027 1671 1058 vilae

316 1076 460 1107 rusticae
482 1084 512 1106 c.
541 1092 578 1097 —
605 1075 635 1106 3.
662 1075 763 1106 bubus
786 1074 884 1114 Sd,L.

317 1180 355 1210 ll.
393 1178 530 1210 Inducit
552 1177 698 1217 Alfium⁷
731 1178 967 1210 feneratorem

273 1228 484 1260 ditissimum
510 1227 618 1268 (cuius
646 1228 862 1259 mentionem
886 1227 969 1259 facit

274 1278 379 1308 etiam
404 1275 593 1308 Columella
618 1277 651 1315 4,
671 1277 707 1315 7,
726 1277 765 1307 2:
805 1277 858 1308 Vel
881 1273 968 1316 opti-

272 1336 329 1358 ma
376 1327 512 1357 nomina
554 1336 618 1358 non
661 1326 858 1365 appellando
895 1327 968 1367 fieri

271 1376 364 1407 mala
385 1376 553 1416 fenerator
574 1376 678 1416 Alfius
711 1377 832 1407 dixisse
862 1376 968 1407 veris-

273 1426 352 1457 sime
372 1424 525 1466 fertur),
563 1425 692 1465 optima
723 1425 792 1456 fide
825 1425 968 1466 praedi-

275 1476 415 1506 cantem
446 1473 714 1505 innumerabilia
745 1474 836 1505 vitae
862 1474 967 1505 rusti-

274 1533 335 1555 cae
352 1523 478 1563 gaudia
494 1531 534 1555 ac
552 1522 693 1555 delicias
710 1533 715 1561 ;
744 1524 892 1564 optima,
918 1524 969 1554 in-

274 1580 394 1613 quam,
412 1572 500 1609 fide3
520 1581 601 1603 nam
618 1573 652 1604 in
668 1571 809 1613 singulis
824 1572 967 1613 quidem

275 1622 458 1653 sentcntiIS
483 1620 575 1652 nulla
600 1622 690 1653 inest
713 1622 905 1667 εἰρωνεία,
931 1623 968 1653 ut

273 1673 369 1702 ratus
394 1672 447 1702 est
471 1680 648 1702 nonnemo
672 1672 800 1712 partim
823 1672 968 1712 propter

273 1730 305 1751 v.
325 1719 376 1752 4-8.
395 1745 402 1759 ,
442 1721 570 1761 partim
593 1722 739 1760 propter
763 1719 966 1760 frugalitatis

274 1769 395 1801 laudes
431 1778 486 1801 vv.
513 1769 565 1801 49.
604 1778 715 1809 usque
744 1769 789 1800 ad
816 1778 849 1800 v.
886 1769 964 1806 60.‚

275 1827 362 1858 quas
386 1818 573 1849 feneratori
605 1818 720 1849 minus
751 1819 966 1849 convenien-

275 1869 327 1898 tes
362 1866 516 1898 rebatur.
579 1866 625 1907 (ld
666 1875 775 1898 unum
818 1867 965 1898 fortasse

276 1916 422 1947 concedi
442 1917 589 1956 poterat,
616 1915 782 1947 blandam
806 1924 890 1947 sane
915 1915 967 1947 se·-

276 1966 427 1995 ncratori
457 1965 531 1996 (litis
561 1966 675 1995 (Icmzns
704 1973 736 1995 v.
765 1965 816 1995 65.
844 1965 967 2004 imagi-

276 2022 356 2045 nem
382 2013 475 2044 haud
499 2014 640 2045 omnino
665 2014 834 2058 εἰρωνείᾳ
858 2013 967 2045 (lesti-

276 2064 386 2094 tutam
411 2071 506 2101 esse,
534 2063 597 2094 etsi
620 2063 687 2093 hoc
712 2071 853 2103 quoque
878 2071 968 2103 opu-

275 2111 439 2144 lentiores
489 2112 619 2152 quique
664 2112 784 2143 rustici
822 2111 968 2143 Romani

275 2161 384 2193 libere
409 2170 450 2193 ac
480 2161 554 2193 sine
579 2161 743 2193 avaritiae
768 2161 966 2202 suspicione

274 2210 500 2250 pronuntiare
514 2210 699 2250 poterant.)
717 2210 848 2241 Verum
866 2210 968 2255 εἰρω-

274 2259 355 2291 νεία
378 2260 543 2299 quattuor
565 2259 710 2290 demum
739 2258 867 2291 ultimis
891 2268 969 2290 ver-

275 2308 391 2340 siculis
424 2308 545 2340 festive
581 2308 773 2340 admodum
805 2310 840 2340 et
863 2305 966 2353 παρὰ

276 2356 507 2402 προσδοκίαν
531 2358 728 2399 prorumpit
748 2366 883 2398 nosque
902 2358 967 2389 (lo—

275 2408 332 2438 cet
365 2407 398 2437 in
434 2416 476 2438 eo
512 2416 581 2439 uno
617 2406 817 2439 elaborasse
855 2408 966 2439 Hora-

276 2457 378 2494 tium,
415 2458 453 2487 ut
482 2457 659 2489 homiuem
692 2456 745 2488 vel
776 2458 966 2488 etiamtunc

276 2506 452 2536 xiventem
470 2504 523 2537 vel
542 2514 582 2537 ex
600 2506 752 2537 recentis
773 2507 965 2537 memoriae

276 2554 517 2585 recordatione
550 2554 714 2587 omnibus
738 2555 821 2586 satis
846 2557 966 2587 notum

277 2602 460 2634 ridiculum
489 2603 665 2635 redderet.
708 2604 859 2642 Etenim,
886 2613 966 2636 cum

279 2653 417 2684 iamiam
443 2654 475 2684 in
500 2662 542 2684 eo
566 2654 679 2691 esset,
706 2654 743 2684 ut
767 2655 814 2684 tot
841 2655 968 2685 tantas-

280 2709 347 2740 que
382 2702 578 2742 voluptates
625 2701 710 2734 sac-ili
756 2710 862 2742 opera
901 2702 966 2733 sibi

1019 1178 1169 1211 situdine
1194 1178 1347 1219 quadam
1372 1178 1496 1211 indolis
1521 1187 1605 1211 suae
1630 1187 1713 1211 coa-

1019 1229 1095 1260 ctus
1110 1253 1116 1266 ‚
1143 1227 1231 1261 illico
1248 1221 1291 1260 ad
1308 1229 1491 1269 pristinam
1515 1228 1600 1260 lucri
1618 1230 1713 1270 cupi-

1019 1276 1164 1308 dItatem
1181 1276 1272 1308 redit
1293 1276 1482 1308 fenerator.
1526 1278 1714 1308 «Naturam

1017 1326 1163 1365 expellas
1172 1326 1282 1366 furca,
1297 1329 1407 1358 tamen
1418 1335 1520 1365 usque
1530 1330 1711 1358 recurret.»

1017 1374 1140 1406 Audivi
1182 1374 1386 1415 aliquando,
1438 1376 1497 1415 qui
1535 1375 1712 1416 epilogum

1018 1422 1114 1455 illum
1146 1432 1165 1455 a
1196 1425 1299 1464 poeta
1330 1423 1488 1456 additum
1512 1433 1617 1465 aegre
1643 1425 1713 1456 fer-

1018 1475 1089 1511 ret,
1116 1473 1204 1505 miro
1229 1474 1349 1514 utique
1376 1474 1526 1511 iudicio;
1564 1482 1645 1505 nam
1670 1482 1712 1505 eo

1018 1523 1156 1554 resecto
1192 1531 1261 1554 non
1295 1522 1512 1555 haberemus
1544 1523 1606 1554 nisi
1638 1522 1712 1554 lau-

1020 1571 1103 1603 dum
1121 1572 1212 1602 vitae
1230 1571 1383 1603 rusticae
1407 1572 1713 1612 amplificationem

1018 1621 1252 1659 rhetoricam,
1291 1621 1365 1652 sine
1396 1620 1539 1652 consilio
1575 1629 1615 1652 ac
1644 1622 1712 1652 tine.

1019 1670 1259 1707 decantatam,
1286 1670 1448 1701 Vanierio
1473 1678 1514 1701 ac
1539 1671 1712 1702 Gessnero

1018 1727 1103 1750 sane
1129 1727 1234 1758 quam
1260 1719 1400 1749 Horatio
1437 1718 1642 1758 digniorem.
1674 1737 1707 1741 —-

1018 1768 1173 1798 Imitatus
1209 1776 1287 1798 esse
1313 1768 1379 1798 hoc
1404 1776 1548 1798 carmen
1573 1767 1711 1799 videtur

1019 1816 1180 1849 Martialis
1197 1816 1227 1855 3,
1247 1817 1298 1848 58.
1317 1817 1501 1857 (Scriptum
1518 1819 1614 1857 putat
1629 1820 1712 1848 Gro-

1018 1866 1135 1898 tesend
1150 1875 1180 1897 a.
1193 1875 1225 1897 u.
1243 1866 1333 1904 71¹9„
1350 1866 1481 1897 Franke
1497 1875 1527 1897 a.
1542 1875 1574 1897 u.
1589 1876 1617 1898 c.
1634 1866 1707 1898 722.

1018 1915 1230 1946 Lachmanni
1258 1916 1468 1946 sententiam
1496 1916 1653 1956 excerpsi
1679 1916 1711 1947 in

1018 1965 1174 1996 Excursu
1200 1964 1238 2003 Ι.)

1062 2012 1155 2045 4-4.
1180 2013 1328 2054 negotiis]
1363 2014 1517 2045 «cunctis
1541 2014 1631 2046 vitae
1656 2023 1711 2045 ur-

1017 2062 1131 2094 banae
1149 2061 1355 2101 molestus»,
1383 2062 1594 2103 quibuscum
1612 2071 1710 2095 com-

1017 2113 1179 2153 paratum
1203 2112 1440 2152 gratissimum
1457 2113 1589 2143 exsistit
1605 2121 1709 2144 omne

1018 2169 1107 2202 opus
1152 2161 1333 2193 rusticum.
1378 2179 1412 2183 —
1455 2162 1570 2200 prisca
1614 2161 1708 2202 qens]

1017 2219 1122 2242 aurea
1149 2209 1202 2242 illa
1227 2212 1335 2242 aetas.
1368 2229 1402 2233 —-
1439 2212 1580 2243 Paterna
1612 2212 1705 2249 rura]

1019 2268 1136 2300 «quae
1192 2269 1260 2291 non
1314 2260 1550 2301 emptionibus
1607 2262 1708 2291 aucta

1017 2310 1114 2347 sunt,
1162 2309 1224 2341 sed
1263 2318 1280 2340 a
1315 2311 1413 2350 patre
1451 2310 1485 2340 et
1519 2309 1709 2341 maioribus

1018 2359 1212 2391 hereditate
1247 2359 1339 2390 beato
1375 2358 1418 2390 illi
1451 2359 1607 2390 tradita.»
1655 2359 1709 2389 Sic

1021 2408 1114 2449 apud
1154 2407 1382 2440 Columellam
1422 2408 1531 2440 Praef.
1575 2408 1609 2445 4,
1648 2408 1705 2438 43.-

1018 2458 1243 2489 Cincinnatus
1283 2458 1327 2489 ad
1365 2461 1522 2497 quattuor
1558 2457 1709 2497 iugerum

1017 2507 1142 2538 avitum
1186 2507 1386 2538 herediolum
1429 2506 1480 2546 (ex
1527 2506 1707 2543 dictatura)

1018 2556 1131 2587 rediit.
1168 2573 1204 2578 -
1242 2555 1388 2596 ere-reeb]
1427 2554 1594 2594 «subigit,
1621 2556 1706 2591 arat,

1018 2605 1168 2645 propriis
1188 2605 1303 2636 tamen
1321 2603 1456 2642 bobus,
1484 2611 1551 2640 non
1569 2601 1707 2633 aliunde

1018 2653 1233 2685 conductis.»
1259 2653 1350 2693 Virg.
1372 2653 1430 2683 Ge.
1452 2652 1485 2690 i,
1505 2651 1565 2682 99:
1598 2651 1707 2682 ‚Emer—

1017 2706 1127 2742 celque
1156 2703 1308 2742 frequens
1338 2702 1484 2733 tellurem
1515 2703 1611 2739 atque
1644 2700 1707 2730 im—

279 2752 435 2789 pararet,
462 2750 553 2782 velut
577 2751 719 2789 invitus,
755 2750 816 2783 scd
841 2760 967 2783 neces-
1014 2755 1111 2791 pera!
1129 2752 1227 2783 arvis.
1255 2750 1305 2782 lb.
1325 2751 1362 2789 u2,
1382 2750 1462 2782 :3562
1488 2757 1596 2789 presse
1615 2757 1708 2780 erer-
