<?xml version="1.0" encoding="UTF-8"?>
<!DOCTYPE html PUBLIC "-//W3C//DTD XHTML 1.0 Transitional//EN"
    "http://www.w3.org/TR/xhtml1/DTD/xhtml1-transitional.dtd">
<html xmlns="http://www.w3.org/1999/xhtml" xml:lang="en" lang="en">
 <head>
  <title>
</title>
<meta http-equiv="Content-Type" content="text/html;charset=utf-8" />
  <meta name='ocr-system' content='tesseract 3.04.00' />
  <meta name='ocr-capabilities' content='ocr_page ocr_carea ocr_par ocr_line ocrx_word'/>
</head>
<body>
  <div class='ocr_page' id='page_1' title='image "./qhoratiusflaccus01horauoft/qhoratiusflaccus01horauoft_0336.png"; bbox 0 0 1997 3219; ppageno 0'>
   <div class='ocr_carea' id='block_1_1' title="bbox 289 168 368 207">
    <p class='ocr_par' dir='ltr' id='par_1_1' title="bbox 289 168 368 207">
     <span class='ocr_line' id='line_1_1' title="bbox 289 168 368 207; baseline -0.013 -1"><span class='ocrx_word' id='word_1_1' title='bbox 289 168 368 207; x_wconf 65' lang='lat'>‘286</span> 
     </span>
    </p>
   </div>
   <div class='ocr_carea' id='block_1_2' title="bbox 793 170 1210 203">
    <p class='ocr_par' dir='ltr' id='par_1_2' title="bbox 793 170 1210 203">
     <span class='ocr_line' id='line_1_2' title="bbox 793 170 1210 203; baseline -0.005 -1"><span class='ocrx_word' id='word_1_2' title='bbox 793 171 962 202; x_wconf 78' lang='lat' dir='ltr'>llORATlI</span> <span class='ocrx_word' id='word_1_3' title='bbox 989 170 1210 203; x_wconf 73' lang='lat' dir='ltr'>CARMINUM</span> 
     </span>
    </p>
   </div>
   <div class='ocr_carea' id='block_1_3' title="bbox 570 274 1250 329">
    <p class='ocr_par' dir='ltr' id='par_1_3' title="bbox 570 274 1250 329">
     <span class='ocr_line' id='line_1_3' title="bbox 570 274 1250 329; baseline 0 -16"><span class='ocrx_word' id='word_1_4' title='bbox 570 274 737 328; x_wconf 71' lang='lat' dir='ltr'>l’ugnas</span> <span class='ocrx_word' id='word_1_5' title='bbox 770 280 811 314; x_wconf 86' lang='lat' dir='ltr'>et</span> <span class='ocrx_word' id='word_1_6' title='bbox 842 279 1014 314; x_wconf 85' lang='lat' dir='ltr'>exactos</span> <span class='ocrx_word' id='word_1_7' title='bbox 1045 279 1250 329; x_wconf 81' lang='lat' dir='ltr'>tyrannos</span> 
     </span>
    </p>
   </div>
   <div class='ocr_carea' id='block_1_4' title="bbox 621 351 1493 409">
    <p class='ocr_par' dir='ltr' id='par_1_4' title="bbox 621 351 1493 409">
     <span class='ocr_line' id='line_1_4' title="bbox 621 351 1493 409; baseline -0.001 -16"><span class='ocrx_word' id='word_1_8' title='bbox 621 354 812 395; x_wconf 64' lang='lat' dir='ltr'>&gt;Densum</span> <span class='ocrx_word' id='word_1_9' title='bbox 843 351 1030 394; x_wconf 89' lang='lat' dir='ltr'>humeris</span> <span class='ocrx_word' id='word_1_10' title='bbox 1061 352 1166 394; x_wconf 83' lang='lat' dir='ltr'>bibit</span> <span class='ocrx_word' id='word_1_11' title='bbox 1196 366 1299 395; x_wconf 87' lang='lat' dir='ltr'>aure</span> <span class='ocrx_word' id='word_1_12' title='bbox 1331 353 1493 409; x_wconf 75' lang='lat' dir='ltr'>volgus.</span> 
     </span>
    </p>
   </div>
   <div class='ocr_carea' id='block_1_5' title="bbox 516 456 1553 512">
    <p class='ocr_par' dir='ltr' id='par_1_5' title="bbox 516 456 1553 512">
     <span class='ocr_line' id='line_1_5' title="bbox 516 456 1553 512; baseline -0.001 -14"><span class='ocrx_word' id='word_1_13' title='bbox 516 457 627 508; x_wconf 79' lang='lat' dir='ltr'>Quid</span> <span class='ocrx_word' id='word_1_14' title='bbox 658 457 834 505; x_wconf 83' lang='lat' dir='ltr'>mirum,</span> <span class='ocrx_word' id='word_1_15' title='bbox 867 456 938 498; x_wconf 87' lang='lat' dir='ltr'>ubi</span> <span class='ocrx_word' id='word_1_16' title='bbox 973 456 1052 498; x_wconf 92' lang='lat' dir='ltr'>illis</span> <span class='ocrx_word' id='word_1_17' title='bbox 1084 456 1342 499; x_wconf 76' lang='lat' dir='ltr'>carminibus</span> <span class='ocrx_word' id='word_1_18' title='bbox 1379 464 1553 512; x_wconf 77' lang='lat' dir='ltr'>stupens</span> 
     </span>
    </p>
   </div>
   <div class='ocr_carea' id='block_1_6' title="bbox 516 536 1254 592">
    <p class='ocr_par' dir='ltr' id='par_1_6' title="bbox 516 536 1254 592">
     <span class='ocr_line' id='line_1_6' title="bbox 516 536 1254 592; baseline 0.001 -15"><span class='ocrx_word' id='word_1_19' title='bbox 516 537 702 579; x_wconf 87' lang='lat' dir='ltr'>Demittit</span> <span class='ocrx_word' id='word_1_20' title='bbox 732 544 844 578; x_wconf 86' lang='lat' dir='ltr'>atras</span> <span class='ocrx_word' id='word_1_21' title='bbox 875 536 1004 578; x_wconf 89' lang='lat' dir='ltr'>belua</span> <span class='ocrx_word' id='word_1_22' title='bbox 1034 537 1254 592; x_wconf 83' lang='lat' dir='ltr'>centiceps</span> 
     </span>
    </p>
   </div>
   <div class='ocr_carea' id='block_1_7' title="bbox 570 616 1732 672">
    <p class='ocr_par' dir='ltr' id='par_1_7' title="bbox 570 616 1732 672">
     <span class='ocr_line' id='line_1_7' title="bbox 570 616 1732 672; baseline -0.002 -14"><span class='ocrx_word' id='word_1_23' title='bbox 570 619 706 659; x_wconf 86' lang='lat' dir='ltr'>Aures</span> <span class='ocrx_word' id='word_1_24' title='bbox 737 624 778 659; x_wconf 90' lang='lat' dir='ltr'>et</span> <span class='ocrx_word' id='word_1_25' title='bbox 809 617 949 658; x_wconf 88' lang='lat' dir='ltr'>intorti</span> <span class='ocrx_word' id='word_1_26' title='bbox 982 616 1144 672; x_wconf 78' lang='lat' dir='ltr'>capillis</span> <span class='ocrx_word' id='word_1_27' title='bbox 1680 619 1732 657; x_wconf 69' lang='lat'>:335</span> 
     </span>
    </p>
   </div>
   <div class='ocr_carea' id='block_1_8' title="bbox 624 693 1411 753">
    <p class='ocr_par' dir='ltr' id='par_1_8' title="bbox 624 693 1411 753">
     <span class='ocr_line' id='line_1_8' title="bbox 624 693 1411 753; baseline -0.001 -14"><span class='ocrx_word' id='word_1_28' title='bbox 624 693 905 739; x_wconf 70' lang='lat' dir='ltr'>Eumenidum</span> <span class='ocrx_word' id='word_1_29' title='bbox 936 705 1183 740; x_wconf 85' lang='lat' dir='ltr'>recreantur</span> <span class='ocrx_word' id='word_1_30' title='bbox 1214 711 1375 753; x_wconf 79' lang='lat' dir='ltr'>angues</span> <span class='ocrx_word' id='word_1_31' title='bbox 1392 698 1411 737; x_wconf 66' lang='grc' dir='ltr'>ἶ)</span> 
     </span>
    </p>
   </div>
   <div class='ocr_carea' id='block_1_9' title="bbox 375 808 1332 851">
    <p class='ocr_par' dir='ltr' id='par_1_9' title="bbox 375 808 1332 851">
     <span class='ocr_line' id='line_1_9' title="bbox 375 808 1332 851; baseline -0.001 -9"><span class='ocrx_word' id='word_1_32' title='bbox 375 812 427 842; x_wconf 69' lang='lat'>32.</span> <span class='ocrx_word' id='word_1_33' title='bbox 454 810 606 851; x_wconf 76' lang='lat' dir='ltr'>humeris]</span> <span class='ocrx_word' id='word_1_34' title='bbox 633 810 734 841; x_wconf 74' lang='lat' dir='ltr'>avida</span> <span class='ocrx_word' id='word_1_35' title='bbox 756 808 899 841; x_wconf 83' lang='lat' dir='ltr'>Bentleii</span> <span class='ocrx_word' id='word_1_36' title='bbox 926 811 1092 850; x_wconf 82' lang='lat' dir='ltr'>suspicio.</span> <span class='ocrx_word' id='word_1_37' title='bbox 1124 828 1158 832; x_wconf 70' lang='lat'>—</span> <span class='ocrx_word' id='word_1_38' title='bbox 1185 810 1271 841; x_wconf 76' lang='lat' dir='ltr'>bibat</span> <span class='ocrx_word' id='word_1_39' title='bbox 1296 811 1332 841; x_wconf 91' lang='lat' dir='ltr'>B.</span> 
     </span>
    </p>
   </div>
   <div class='ocr_carea' id='block_1_10' title="bbox 241 902 985 1291">
    <p class='ocr_par' dir='ltr' id='par_1_10' title="bbox 241 902 985 1291">
     <span class='ocr_line' id='line_1_10' title="bbox 289 902 985 943; baseline -0.004 -8"><span class='ocrx_word' id='word_1_40' title='bbox 289 905 355 935; x_wconf 82' lang='lat' dir='ltr'>Nec</span> <span class='ocrx_word' id='word_1_41' title='bbox 383 903 460 943; x_wconf 73' lang='lat' dir='ltr'>plu-s</span> <span class='ocrx_word' id='word_1_42' title='bbox 481 903 636 941; x_wconf 77' lang='lat' dir='ltr'>Alcaeus,</span> <span class='ocrx_word' id='word_1_43' title='bbox 673 910 806 933; x_wconf 79' lang='lat' dir='ltr'>consors</span> <span class='ocrx_word' id='word_1_44' title='bbox 834 902 985 941; x_wconf 78' lang='lat' dir='ltr'>patriae-</span> 
     </span>
     <span class='ocr_line' id='line_1_11' title="bbox 289 951 984 992; baseline -0.004 -8"><span class='ocrx_word' id='word_1_45' title='bbox 289 962 351 992; x_wconf 81' lang='lat' dir='ltr'>que</span> <span class='ocrx_word' id='word_1_46' title='bbox 374 953 548 992; x_wconf 74' lang='lat' dir='ltr'>lyraeque,</span> <span class='ocrx_word' id='word_1_47' title='bbox 583 951 704 983; x_wconf 81' lang='lat' dir='ltr'>Laudis</span> <span class='ocrx_word' id='word_1_48' title='bbox 726 951 837 990; x_wconf 79' lang='lat' dir='ltr'>habet,</span> <span class='ocrx_word' id='word_1_49' title='bbox 864 959 984 990; x_wconf 79' lang='lat' dir='ltr'>quam-</span> 
     </span>
     <span class='ocr_line' id='line_1_12' title="bbox 288 999 981 1043; baseline -0.006 -9"><span class='ocrx_word' id='word_1_50' title='bbox 288 1004 337 1034; x_wconf 78' lang='lat' dir='ltr'>vis</span> <span class='ocrx_word' id='word_1_51' title='bbox 359 1002 521 1043; x_wconf 64' lang='lat' dir='ltr'>grandius</span> <span class='ocrx_word' id='word_1_52' title='bbox 545 1001 598 1032; x_wconf 85' lang='lat' dir='ltr'>ille</span> <span class='ocrx_word' id='word_1_53' title='bbox 619 1004 719 1031; x_wconf 79' lang='lat' dir='ltr'>sonet.</span> <span class='ocrx_word' id='word_1_54' title='bbox 750 1018 785 1023; x_wconf 83' lang='lat'>—</span> <span class='ocrx_word' id='word_1_55' title='bbox 811 999 981 1040; x_wconf 72' lang='lat' dir='ltr'>tyrannos]</span> 
     </span>
     <span class='ocr_line' id='line_1_13' title="bbox 290 1049 981 1083; baseline -0.004 0"><span class='ocrx_word' id='word_1_56' title='bbox 290 1053 344 1083; x_wconf 87' lang='lat' dir='ltr'>Sic</span> <span class='ocrx_word' id='word_1_57' title='bbox 380 1052 415 1083; x_wconf 88' lang='lat' dir='ltr'>in</span> <span class='ocrx_word' id='word_1_58' title='bbox 450 1051 619 1082; x_wconf 78' lang='lat' dir='ltr'>Pittacum</span> <span class='ocrx_word' id='word_1_59' title='bbox 651 1050 825 1081; x_wconf 72' lang='lat' dir='ltr'>Invehitur</span> <span class='ocrx_word' id='word_1_60' title='bbox 849 1050 902 1080; x_wconf 85' lang='lat' dir='ltr'>Fr.</span> <span class='ocrx_word' id='word_1_61' title='bbox 929 1049 981 1080; x_wconf 70' lang='lat'>37.</span> 
     </span>
     <span class='ocr_line' id='line_1_14' title="bbox 290 1096 984 1143; baseline -0.006 -11"><span class='ocrx_word' id='word_1_62' title='bbox 290 1102 423 1140; x_wconf 80' lang='lat' dir='ltr'>Bergk:</span> <span class='ocrx_word' id='word_1_63' title='bbox 461 1097 536 1131; x_wconf 85' lang='grc' dir='ltr'><em>Τὸν</em></span> <span class='ocrx_word' id='word_1_64' title='bbox 559 1096 820 1143; x_wconf 76' lang='grc' dir='ltr'><em>κακοπάτριὸα</em></span> <span class='ocrx_word' id='word_1_65' title='bbox 842 1098 984 1129; x_wconf 72' lang='grc' dir='ltr'><em>Πέττα-</em></span> 
     </span>
     <span class='ocr_line' id='line_1_15' title="bbox 289 1145 983 1192; baseline -0.004 -11"><span class='ocrx_word' id='word_1_66' title='bbox 289 1160 358 1181; x_wconf 87' lang='grc' dir='ltr'><em>κον</em></span> <span class='ocrx_word' id='word_1_67' title='bbox 383 1147 515 1189; x_wconf 73' lang='grc' dir='ltr'><em>πόλιος</em></span> <span class='ocrx_word' id='word_1_68' title='bbox 532 1147 599 1188; x_wconf 83' lang='grc' dir='ltr'>τᾶς</span> <span class='ocrx_word' id='word_1_69' title='bbox 615 1145 764 1188; x_wconf 82' lang='grc' dir='ltr'><em>ζαχόλω</em></span> <span class='ocrx_word' id='word_1_70' title='bbox 781 1148 847 1179; x_wconf 77' lang='grc' dir='ltr'>καὶ</span> <span class='ocrx_word' id='word_1_71' title='bbox 861 1146 983 1192; x_wconf 77' lang='grc' dir='ltr'><em>βαρυ-</em></span> 
     </span>
     <span class='ocr_line' id='line_1_16' title="bbox 241 1194 984 1241; baseline -0.003 -11"><span class='ocrx_word' id='word_1_72' title='bbox 241 1235 245 1239; x_wconf 43' lang='grc'>,</span> <span class='ocrx_word' id='word_1_73' title='bbox 289 1198 471 1241; x_wconf 78' lang='grc' dir='ltr'><em>δαίμονος</em></span> <span class='ocrx_word' id='word_1_74' title='bbox 513 1194 747 1230; x_wconf 79' lang='grc' dir='ltr'><em>Ἐστάσαντο</em></span> <span class='ocrx_word' id='word_1_75' title='bbox 796 1196 984 1241; x_wconf 77' lang='grc' dir='ltr'><em>τύραννον</em></span> 
     </span>
     <span class='ocr_line' id='line_1_17' title="bbox 288 1242 793 1291; baseline -0.006 -11"><span class='ocrx_word' id='word_1_76' title='bbox 288 1248 366 1291; x_wconf 74' lang='grc' dir='ltr'>μέγ’</span> <span class='ocrx_word' id='word_1_77' title='bbox 390 1247 603 1286; x_wconf 76' lang='grc' dir='ltr'><em>ἐπαίνεντες</em></span> <span class='ocrx_word' id='word_1_78' title='bbox 626 1242 793 1286; x_wconf 74' lang='grc' dir='ltr'><em>ἀόλλεες.</em></span> 
     </span>
    </p>
   </div>
   <div class='ocr_carea' id='block_1_11' title="bbox 289 1314 989 1789">
    <p class='ocr_par' dir='ltr' id='par_1_11' title="bbox 289 1314 989 1789">
     <span class='ocr_line' id='line_1_18' title="bbox 332 1314 985 1355; baseline -0.005 -7"><span class='ocrx_word' id='word_1_79' title='bbox 332 1318 384 1348; x_wconf 73' lang='lat'>32.</span> <span class='ocrx_word' id='word_1_80' title='bbox 424 1317 571 1347; x_wconf 78' lang='lat' dir='ltr'>Densum</span> <span class='ocrx_word' id='word_1_81' title='bbox 593 1314 754 1355; x_wconf 80' lang='lat' dir='ltr'>humeris]</span> <span class='ocrx_word' id='word_1_82' title='bbox 793 1314 866 1345; x_wconf 89' lang='lat' dir='ltr'>«ita</span> <span class='ocrx_word' id='word_1_83' title='bbox 899 1323 985 1345; x_wconf 88' lang='lat' dir='ltr'>con-</span> 
     </span>
     <span class='ocr_line' id='line_1_19' title="bbox 290 1363 984 1407; baseline -0.007 -9"><span class='ocrx_word' id='word_1_84' title='bbox 290 1367 478 1407; x_wconf 85' lang='lat' dir='ltr'>stipatum,</span> <span class='ocrx_word' id='word_1_85' title='bbox 521 1364 741 1402; x_wconf 86' lang='lat' dir='ltr'>confertum,</span> <span class='ocrx_word' id='word_1_86' title='bbox 779 1365 817 1394; x_wconf 92' lang='lat' dir='ltr'>ut</span> <span class='ocrx_word' id='word_1_87' title='bbox 845 1363 984 1394; x_wconf 86' lang='lat' dir='ltr'>humeri</span> 
     </span>
     <span class='ocr_line' id='line_1_20' title="bbox 289 1413 982 1453; baseline -0.009 -6"><span class='ocrx_word' id='word_1_88' title='bbox 289 1417 458 1447; x_wconf 79' lang='lat' dir='ltr'>humeros</span> <span class='ocrx_word' id='word_1_89' title='bbox 482 1414 658 1453; x_wconf 77' lang='lat' dir='ltr'>tangant.»</span> <span class='ocrx_word' id='word_1_90' title='bbox 690 1413 783 1453; x_wconf 79' lang='lat' dir='ltr'>Virg.</span> <span class='ocrx_word' id='word_1_91' title='bbox 812 1414 899 1444; x_wconf 88' lang='lat' dir='ltr'>Aen.</span> <span class='ocrx_word' id='word_1_92' title='bbox 930 1413 982 1450; x_wconf 64' lang='lat'>110,</span> 
     </span>
     <span class='ocr_line' id='line_1_21' title="bbox 290 1462 987 1500; baseline -0.007 -4"><span class='ocrx_word' id='word_1_93' title='bbox 290 1466 375 1496; x_wconf 74' lang='lat'><strong>361:</strong></span> <span class='ocrx_word' id='word_1_94' title='bbox 417 1463 650 1498; x_wconf 72' lang='lat' dir='ltr'>Coizcierrwit‚·</span> <span class='ocrx_word' id='word_1_95' title='bbox 684 1462 796 1493; x_wconf 80' lang='lat' dir='ltr'>haeret</span> <span class='ocrx_word' id='word_1_96' title='bbox 822 1462 904 1500; x_wconf 80' lang='lat' dir='ltr'>pede</span> <span class='ocrx_word' id='word_1_97' title='bbox 928 1470 987 1500; x_wconf 75' lang='lat' dir='ltr'>pes</span> 
     </span>
     <span class='ocr_line' id='line_1_22' title="bbox 290 1510 984 1551; baseline -0.006 -7"><span class='ocrx_word' id='word_1_98' title='bbox 290 1515 469 1551; x_wconf 73' lang='lat' dir='ltr'>densusque</span> <span class='ocrx_word' id='word_1_99' title='bbox 501 1512 574 1542; x_wconf 76' lang='lat' dir='ltr'>viro</span> <span class='ocrx_word' id='word_1_100' title='bbox 597 1511 660 1541; x_wconf 74' lang='lat' dir='ltr'>vir.</span> <span class='ocrx_word' id='word_1_101' title='bbox 702 1529 737 1533; x_wconf 91' lang='lat'>—</span> <span class='ocrx_word' id='word_1_102' title='bbox 779 1511 855 1541; x_wconf 75' lang='lat' dir='ltr'>bibit</span> <span class='ocrx_word' id='word_1_103' title='bbox 890 1510 984 1550; x_wconf 74' lang='lat' dir='ltr'>aare]</span> 
     </span>
     <span class='ocr_line' id='line_1_23' title="bbox 291 1559 984 1601; baseline -0.004 -8"><span class='ocrx_word' id='word_1_104' title='bbox 291 1562 415 1593; x_wconf 80' lang='lat' dir='ltr'>«Audit</span> <span class='ocrx_word' id='word_1_105' title='bbox 444 1560 705 1601; x_wconf 80' lang='lat' dir='ltr'>cupidissime.»</span> <span class='ocrx_word' id='word_1_106' title='bbox 762 1561 921 1600; x_wconf 89' lang='lat' dir='ltr'>Propert.</span> <span class='ocrx_word' id='word_1_107' title='bbox 953 1559 984 1597; x_wconf 84' lang='lat'>3,</span> 
     </span>
     <span class='ocr_line' id='line_1_24' title="bbox 290 1608 984 1649; baseline -0.004 -7"><span class='ocrx_word' id='word_1_108' title='bbox 290 1611 327 1649; x_wconf 77' lang='lat'>6,</span> <span class='ocrx_word' id='word_1_109' title='bbox 346 1611 386 1642; x_wconf 84' lang='lat'>8:</span> <span class='ocrx_word' id='word_1_110' title='bbox 425 1610 586 1649; x_wconf 77' lang='lat' dir='ltr'>suspensis</span> <span class='ocrx_word' id='word_1_111' title='bbox 610 1609 748 1640; x_wconf 74' lang='lat' dir='ltr'>auribus</span> <span class='ocrx_word' id='word_1_112' title='bbox 773 1609 838 1640; x_wconf 80' lang='lat' dir='ltr'>ista</span> <span class='ocrx_word' id='word_1_113' title='bbox 865 1608 984 1639; x_wconf 81' lang='lat' dir='ltr'>bibam.</span> 
     </span>
     <span class='ocr_line' id='line_1_25' title="bbox 290 1658 989 1698; baseline -0.004 -7"><span class='ocrx_word' id='word_1_114' title='bbox 290 1660 386 1691; x_wconf 85' lang='lat' dir='ltr'>Ovid.</span> <span class='ocrx_word' id='word_1_115' title='bbox 413 1660 513 1691; x_wconf 87' lang='lat' dir='ltr'>Trist.</span> <span class='ocrx_word' id='word_1_116' title='bbox 541 1659 579 1698; x_wconf 87' lang='lat'>3,</span> <span class='ocrx_word' id='word_1_117' title='bbox 607 1660 645 1698; x_wconf 86' lang='lat'>5,</span> <span class='ocrx_word' id='word_1_118' title='bbox 674 1658 736 1690; x_wconf 56' lang='lat'>114:</span> <span class='ocrx_word' id='word_1_119' title='bbox 770 1658 907 1698; x_wconf 71' lang='lat' dir='ltr'>auribus</span> <span class='ocrx_word' id='word_1_120' title='bbox 929 1658 989 1688; x_wconf 82' lang='lat' dir='ltr'>illa</span> 
     </span>
     <span class='ocr_line' id='line_1_26' title="bbox 292 1707 984 1749; baseline -0.003 -10"><span class='ocrx_word' id='word_1_121' title='bbox 292 1709 422 1749; x_wconf 81' lang='lat' dir='ltr'>(verba)</span> <span class='ocrx_word' id='word_1_122' title='bbox 459 1708 533 1740; x_wconf 82' lang='lat' dir='ltr'>bibi.</span> <span class='ocrx_word' id='word_1_123' title='bbox 580 1709 673 1748; x_wconf 81' lang='lat' dir='ltr'>Virg.</span> <span class='ocrx_word' id='word_1_124' title='bbox 700 1709 785 1739; x_wconf 80' lang='lat' dir='ltr'>Aen.</span> <span class='ocrx_word' id='word_1_125' title='bbox 823 1707 867 1746; x_wconf 84' lang='lat'>4,</span> <span class='ocrx_word' id='word_1_126' title='bbox 899 1708 984 1738; x_wconf 84' lang='lat'>359:</span> 
     </span>
     <span class='ocr_line' id='line_1_27' title="bbox 290 1758 555 1789; baseline -0.004 0"><span class='ocrx_word' id='word_1_127' title='bbox 290 1758 427 1789; x_wconf 74' lang='lat' dir='ltr'>auribus</span> <span class='ocrx_word' id='word_1_128' title='bbox 448 1758 555 1788; x_wconf 80' lang='lat' dir='ltr'>hausi.</span> 
     </span>
    </p>
   </div>
   <div class='ocr_carea' id='block_1_12' title="bbox 289 1822 992 2766">
    <p class='ocr_par' dir='ltr' id='par_1_12' title="bbox 289 1822 989 2202">
     <span class='ocr_line' id='line_1_28' title="bbox 335 1822 986 1864; baseline -0.005 -8"><span class='ocrx_word' id='word_1_129' title='bbox 335 1825 386 1857; x_wconf 89' lang='lat'>33.</span> <span class='ocrx_word' id='word_1_130' title='bbox 424 1824 494 1864; x_wconf 69' lang='lat' dir='ltr'>ubi]</span> <span class='ocrx_word' id='word_1_131' title='bbox 527 1824 561 1854; x_wconf 88' lang='lat' dir='ltr'>id</span> <span class='ocrx_word' id='word_1_132' title='bbox 586 1824 655 1861; x_wconf 85' lang='lat' dir='ltr'>est,</span> <span class='ocrx_word' id='word_1_133' title='bbox 684 1822 879 1863; x_wconf 89' lang='lat' dir='ltr'>«siquidem</span> <span class='ocrx_word' id='word_1_134' title='bbox 904 1823 986 1854; x_wconf 88' lang='lat' dir='ltr'>ibi.»</span> 
     </span>
     <span class='ocr_line' id='line_1_29' title="bbox 290 1873 988 1914; baseline -0.003 -8"><span class='ocrx_word' id='word_1_135' title='bbox 290 1876 397 1914; x_wconf 81' lang='lat' dir='ltr'>Iunge</span> <span class='ocrx_word' id='word_1_136' title='bbox 432 1877 562 1913; x_wconf 74' lang='lat' dir='ltr'>stupens</span> <span class='ocrx_word' id='word_1_137' title='bbox 602 1873 667 1903; x_wconf 85' lang='lat' dir='ltr'>illis</span> <span class='ocrx_word' id='word_1_138' title='bbox 701 1873 924 1912; x_wconf 73' lang='lat' dir='ltr'>carminibus,</span> <span class='ocrx_word' id='word_1_139' title='bbox 951 1874 988 1904; x_wconf 83' lang='lat' dir='ltr'>ut</span> 
     </span>
     <span class='ocr_line' id='line_1_30' title="bbox 292 1922 984 1962; baseline -0.003 -7"><span class='ocrx_word' id='word_1_140' title='bbox 292 1926 360 1955; x_wconf 80' lang='lat' dir='ltr'>sat.</span> <span class='ocrx_word' id='word_1_141' title='bbox 388 1925 400 1955; x_wconf 66' lang='lat' dir='ltr'>,i</span> <span class='ocrx_word' id='word_1_142' title='bbox 420 1949 426 1962; x_wconf 89' lang='lat'>,</span> <span class='ocrx_word' id='word_1_143' title='bbox 452 1923 491 1961; x_wconf 81' lang='lat'>4,</span> <span class='ocrx_word' id='word_1_144' title='bbox 518 1923 581 1954; x_wconf 67' lang='lat' dir='ltr'>u28:</span> <span class='ocrx_word' id='word_1_145' title='bbox 637 1926 741 1961; x_wconf 74' lang='lat' dir='ltr'>stupet</span> <span class='ocrx_word' id='word_1_146' title='bbox 763 1922 875 1954; x_wconf 76' lang='lat' dir='ltr'>Albius</span> <span class='ocrx_word' id='word_1_147' title='bbox 898 1931 984 1953; x_wconf 84' lang='lat' dir='ltr'>aere.</span> 
     </span>
     <span class='ocr_line' id='line_1_31' title="bbox 292 1972 989 2012; baseline -0.003 -8"><span class='ocrx_word' id='word_1_148' title='bbox 292 1975 362 2004; x_wconf 80' lang='lat' dir='ltr'>Sat.</span> <span class='ocrx_word' id='word_1_149' title='bbox 388 1974 428 2012; x_wconf 69' lang='lat'>2,</span> <span class='ocrx_word' id='word_1_150' title='bbox 456 1973 494 2010; x_wconf 62' lang='lat'>²2,</span> <span class='ocrx_word' id='word_1_151' title='bbox 521 1973 564 2002; x_wconf 88' lang='lat'>5:</span> <span class='ocrx_word' id='word_1_152' title='bbox 604 1974 709 2011; x_wconf 76' lang='lat' dir='ltr'>stupet</span> <span class='ocrx_word' id='word_1_153' title='bbox 744 1972 868 2003; x_wconf 74' lang='lat' dir='ltr'>insanis</span> <span class='ocrx_word' id='word_1_154' title='bbox 903 1972 989 2002; x_wconf 83' lang='lat' dir='ltr'>acies</span> 
     </span>
     <span class='ocr_line' id='line_1_32' title="bbox 289 2021 989 2063; baseline -0.001 -10"><span class='ocrx_word' id='word_1_155' title='bbox 289 2022 483 2063; x_wconf 61' lang='lat' dir='ltr'>fulgoribus.</span> <span class='ocrx_word' id='word_1_156' title='bbox 532 2022 676 2059; x_wconf 52' lang='lat' dir='ltr'>sauz),</span> <span class='ocrx_word' id='word_1_157' title='bbox 714 2021 750 2059; x_wconf 87' lang='lat'>7,</span> <span class='ocrx_word' id='word_1_158' title='bbox 790 2021 852 2052; x_wconf 82' lang='lat'>95:</span> <span class='ocrx_word' id='word_1_159' title='bbox 898 2022 989 2052; x_wconf 77' lang='lat' dir='ltr'>Paa—</span> 
     </span>
     <span class='ocr_line' id='line_1_33' title="bbox 292 2071 987 2111; baseline -0.001 -8"><span class='ocrx_word' id='word_1_160' title='bbox 292 2073 385 2103; x_wconf 85' lang='lat' dir='ltr'>siaca</span> <span class='ocrx_word' id='word_1_161' title='bbox 400 2075 525 2111; x_wconf 76' lang='lat' dir='ltr'>torpes,</span> <span class='ocrx_word' id='word_1_162' title='bbox 550 2071 684 2109; x_wconf 78' lang='lat' dir='ltr'>insane,</span> <span class='ocrx_word' id='word_1_163' title='bbox 711 2071 841 2102; x_wconf 78' lang='lat' dir='ltr'>tabella.</span> <span class='ocrx_word' id='word_1_164' title='bbox 875 2071 987 2103; x_wconf 85' lang='lat' dir='ltr'>Minus</span> 
     </span>
     <span class='ocr_line' id='line_1_34' title="bbox 292 2120 988 2161; baseline -0.003 -8"><span class='ocrx_word' id='word_1_165' title='bbox 292 2124 389 2153; x_wconf 80' lang='lat' dir='ltr'>recte</span> <span class='ocrx_word' id='word_1_166' title='bbox 439 2120 494 2152; x_wconf 89' lang='lat' dir='ltr'>alii</span> <span class='ocrx_word' id='word_1_167' title='bbox 538 2129 602 2161; x_wconf 92' lang='lat' dir='ltr'>pro</span> <span class='ocrx_word' id='word_1_168' title='bbox 653 2120 770 2151; x_wconf 73' lang='lat' dir='ltr'>dativo</span> <span class='ocrx_word' id='word_1_169' title='bbox 814 2120 988 2152; x_wconf 86' lang='lat' dir='ltr'>habentes</span> 
     </span>
     <span class='ocr_line' id='line_1_35' title="bbox 292 2170 814 2202; baseline 0 -1"><span class='ocrx_word' id='word_1_170' title='bbox 292 2171 479 2201; x_wconf 78' lang='lat' dir='ltr'>iunxerunt</span> <span class='ocrx_word' id='word_1_171' title='bbox 502 2178 582 2202; x_wconf 88' lang='lat' dir='ltr'>cum</span> <span class='ocrx_word' id='word_1_172' title='bbox 606 2179 640 2200; x_wconf 62' lang='lat' dir='ltr'>v.</span> <span class='ocrx_word' id='word_1_173' title='bbox 667 2170 814 2201; x_wconf 79' lang='lat' dir='ltr'>demittit.</span> 
     </span>
    </p>

    <p class='ocr_par' dir='ltr' id='par_1_13' title="bbox 292 2231 992 2766">
     <span class='ocr_line' id='line_1_36' title="bbox 335 2231 990 2272; baseline 0 -10"><span class='ocrx_word' id='word_1_174' title='bbox 335 2231 388 2263; x_wconf 74' lang='lat'>34.</span> <span class='ocrx_word' id='word_1_175' title='bbox 429 2231 593 2271; x_wconf 77' lang='lat' dir='ltr'>Demittit]</span> <span class='ocrx_word' id='word_1_176' title='bbox 639 2240 764 2262; x_wconf 82' lang='lat' dir='ltr'>«aures</span> <span class='ocrx_word' id='word_1_177' title='bbox 798 2232 896 2272; x_wconf 89' lang='lat' dir='ltr'>prius</span> <span class='ocrx_word' id='word_1_178' title='bbox 932 2240 990 2262; x_wconf 88' lang='lat' dir='ltr'>ar—</span> 
     </span>
     <span class='ocr_line' id='line_1_37' title="bbox 292 2280 989 2321; baseline -0.001 -9"><span class='ocrx_word' id='word_1_179' title='bbox 292 2282 406 2312; x_wconf 85' lang='lat' dir='ltr'>rectas</span> <span class='ocrx_word' id='word_1_180' title='bbox 432 2281 476 2312; x_wconf 90' lang='lat' dir='ltr'>ad</span> <span class='ocrx_word' id='word_1_181' title='bbox 494 2280 730 2312; x_wconf 80' lang='lat' dir='ltr'>insidiandum</span> <span class='ocrx_word' id='word_1_182' title='bbox 748 2281 883 2312; x_wconf 86' lang='lat' dir='ltr'>umbris</span> <span class='ocrx_word' id='word_1_183' title='bbox 901 2290 989 2321; x_wconf 88' lang='lat' dir='ltr'>poe-</span> 
     </span>
     <span class='ocr_line' id='line_1_38' title="bbox 292 2330 987 2362; baseline 0 -1"><span class='ocrx_word' id='word_1_184' title='bbox 292 2339 357 2361; x_wconf 88' lang='lat' dir='ltr'>nae</span> <span class='ocrx_word' id='word_1_185' title='bbox 396 2339 434 2361; x_wconf 87' lang='lat' dir='ltr'>se</span> <span class='ocrx_word' id='word_1_186' title='bbox 474 2330 683 2362; x_wconf 80' lang='lat' dir='ltr'>subtrahere</span> <span class='ocrx_word' id='word_1_187' title='bbox 735 2330 987 2362; x_wconf 88' lang='lat' dir='ltr'>conantibus.»</span> 
     </span>
     <span class='ocr_line' id='line_1_39' title="bbox 293 2378 990 2420; baseline 0.001 -11"><span class='ocrx_word' id='word_1_188' title='bbox 293 2379 431 2410; x_wconf 79' lang='lat' dir='ltr'>Poetica</span> <span class='ocrx_word' id='word_1_189' title='bbox 465 2380 584 2410; x_wconf 87' lang='lat' dir='ltr'>autem</span> <span class='ocrx_word' id='word_1_190' title='bbox 619 2378 758 2410; x_wconf 84' lang='lat' dir='ltr'>licentia</span> <span class='ocrx_word' id='word_1_191' title='bbox 784 2388 868 2410; x_wconf 90' lang='lat' dir='ltr'>usus</span> <span class='ocrx_word' id='word_1_192' title='bbox 895 2380 990 2420; x_wconf 81' lang='lat' dir='ltr'>lingit</span> 
     </span>
     <span class='ocr_line' id='line_1_40' title="bbox 293 2427 990 2468; baseline 0.003 -10"><span class='ocrx_word' id='word_1_193' title='bbox 293 2429 398 2459; x_wconf 88' lang='lat' dir='ltr'>etiam</span> <span class='ocrx_word' id='word_1_194' title='bbox 411 2427 596 2459; x_wconf 87' lang='lat' dir='ltr'>damnatos</span> <span class='ocrx_word' id='word_1_195' title='bbox 608 2430 791 2468; x_wconf 79' lang='lat' dir='ltr'>poetarum</span> <span class='ocrx_word' id='word_1_196' title='bbox 806 2428 838 2458; x_wconf 91' lang='lat' dir='ltr'>in</span> <span class='ocrx_word' id='word_1_197' title='bbox 852 2429 990 2468; x_wconf 89' lang='lat' dir='ltr'>piorum</span> 
     </span>
     <span class='ocr_line' id='line_1_41' title="bbox 293 2476 992 2509; baseline 0.001 -1"><span class='ocrx_word' id='word_1_198' title='bbox 293 2477 438 2509; x_wconf 87' lang='lat' dir='ltr'>sedibus</span> <span class='ocrx_word' id='word_1_199' title='bbox 462 2476 710 2508; x_wconf 85' lang='lat' dir='ltr'>collocatorum</span> <span class='ocrx_word' id='word_1_200' title='bbox 736 2480 858 2509; x_wconf 84' lang='lat' dir='ltr'>cantus</span> <span class='ocrx_word' id='word_1_201' title='bbox 884 2486 992 2509; x_wconf 78' lang='lat' dir='ltr'>exau—</span> 
     </span>
     <span class='ocr_line' id='line_1_42' title="bbox 293 2526 988 2566; baseline 0.001 -9"><span class='ocrx_word' id='word_1_202' title='bbox 293 2526 380 2557; x_wconf 88' lang='lat' dir='ltr'>dire.</span> <span class='ocrx_word' id='word_1_203' title='bbox 410 2545 444 2549; x_wconf 89' lang='lat'>—</span> <span class='ocrx_word' id='word_1_204' title='bbox 483 2527 579 2558; x_wconf 77' lang='lat' dir='ltr'>belua</span> <span class='ocrx_word' id='word_1_205' title='bbox 609 2526 786 2566; x_wconf 75' lang='lat' dir='ltr'>centiceps]</span> <span class='ocrx_word' id='word_1_206' title='bbox 814 2526 988 2559; x_wconf 75' lang='lat' dir='ltr'>Hesiodus</span> 
     </span>
     <span class='ocr_line' id='line_1_43' title="bbox 294 2575 991 2616; baseline 0.003 -11"><span class='ocrx_word' id='word_1_207' title='bbox 294 2576 470 2615; x_wconf 84' lang='lat' dir='ltr'>Theogon.</span> <span class='ocrx_word' id='word_1_208' title='bbox 497 2585 530 2607; x_wconf 86' lang='lat' dir='ltr'>v.</span> <span class='ocrx_word' id='word_1_209' title='bbox 550 2575 827 2607; x_wconf 73' lang='lat' dir='ltr'>312Cerberum</span> <span class='ocrx_word' id='word_1_210' title='bbox 853 2585 894 2607; x_wconf 85' lang='lat' dir='ltr'>ex</span> <span class='ocrx_word' id='word_1_211' title='bbox 920 2577 991 2616; x_wconf 84' lang='lat' dir='ltr'>Ty-</span> 
     </span>
     <span class='ocr_line' id='line_1_44' title="bbox 296 2625 991 2663; baseline 0.001 -8"><span class='ocrx_word' id='word_1_212' title='bbox 296 2625 433 2663; x_wconf 82' lang='lat' dir='ltr'>phaone</span> <span class='ocrx_word' id='word_1_213' title='bbox 469 2627 504 2656; x_wconf 87' lang='lat' dir='ltr'>et</span> <span class='ocrx_word' id='word_1_214' title='bbox 540 2625 693 2657; x_wconf 84' lang='lat' dir='ltr'>Echidna</span> <span class='ocrx_word' id='word_1_215' title='bbox 729 2627 850 2656; x_wconf 86' lang='lat' dir='ltr'>natum</span> <span class='ocrx_word' id='word_1_216' title='bbox 888 2628 991 2656; x_wconf 83' lang='lat' dir='ltr'>vocat</span> 
     </span>
     <span class='ocr_line' id='line_1_45' title="bbox 293 2670 991 2716; baseline 0.001 -12"><span class='ocrx_word' id='word_1_217' title='bbox 293 2670 414 2704; x_wconf 72' lang='grc' dir='ltr'><em>Ἀίδεω</em></span> <span class='ocrx_word' id='word_1_218' title='bbox 438 2672 535 2705; x_wconf 67' lang='grc' dir='ltr'><em>κύνα</em></span> <span class='ocrx_word' id='word_1_219' title='bbox 558 2671 831 2713; x_wconf 75' lang='grc' dir='ltr'><em>χαλκεόφωνον</em></span> <span class='ocrx_word' id='word_1_220' title='bbox 846 2673 991 2716; x_wconf 79' lang='grc' dir='ltr'><em>Πεντη-</em></span> 
     </span>
     <span class='ocr_line' id='line_1_46' title="bbox 296 2720 986 2766; baseline 0.003 -14"><span class='ocrx_word' id='word_1_221' title='bbox 296 2720 591 2766; x_wconf 72' lang='grc' dir='ltr'><em>κοντακάρηνον.</em></span> <span class='ocrx_word' id='word_1_222' title='bbox 646 2722 986 2763; x_wconf 69' lang='grc' dir='ltr'>5(η)Ιι()οΙ.Τι-ῑι(τ1ιίιι.</span> 
     </span>
    </p>
   </div>
   <div class='ocr_carea' id='block_1_13' title="bbox 1009 1077 1014 1685">
    <p class='ocr_par' dir='ltr' id='par_1_14' title="bbox 1009 1077 1014 1685">
     <span class='ocr_line' id='line_1_47' title="bbox 1009 1077 1014 1685; baseline 0 0"><span class='ocrx_word' id='word_1_223' title='bbox 1009 1077 1014 1685; x_wconf 95' lang='lat' dir='ltr'> </span> 
     </span>
    </p>
   </div>
   <div class='ocr_carea' id='block_1_14' title="bbox 1033 897 1737 2770">
    <p class='ocr_par' dir='ltr' id='par_1_15' title="bbox 1033 897 1737 2224">
     <span class='ocr_line' id='line_1_48' title="bbox 1035 897 1731 947; baseline 0.003 -15"><span class='ocrx_word' id='word_1_224' title='bbox 1035 902 1142 933; x_wconf 68' lang='grc' dir='ltr'>’1098ῑ</span> <span class='ocrx_word' id='word_1_225' title='bbox 1172 897 1296 933; x_wconf 75' lang='grc' dir='ltr'><em>Ἅιδου</em></span> <span class='ocrx_word' id='word_1_226' title='bbox 1319 902 1521 947; x_wconf 76' lang='grc' dir='ltr'><em>τρίκρανον</em></span> <span class='ocrx_word' id='word_1_227' title='bbox 1545 900 1731 939; x_wconf 78' lang='grc' dir='ltr'><em>σκύλακα,</em></span> 
     </span>
     <span class='ocr_line' id='line_1_49' title="bbox 1035 950 1731 993; baseline 0.004 -12"><span class='ocrx_word' id='word_1_228' title='bbox 1035 951 1069 982; x_wconf 89' lang='lat' dir='ltr'>id</span> <span class='ocrx_word' id='word_1_229' title='bbox 1091 950 1186 991; x_wconf 87' lang='lat' dir='ltr'>quod</span> <span class='ocrx_word' id='word_1_230' title='bbox 1211 951 1283 982; x_wconf 84' lang='lat' dir='ltr'>fere</span> <span class='ocrx_word' id='word_1_231' title='bbox 1307 951 1416 982; x_wconf 84' lang='lat' dir='ltr'>Latini</span> <span class='ocrx_word' id='word_1_232' title='bbox 1440 953 1566 991; x_wconf 79' lang='lat' dir='ltr'>poetae</span> <span class='ocrx_word' id='word_1_233' title='bbox 1584 952 1731 993; x_wconf 88' lang='lat' dir='ltr'>adopta-</span> 
     </span>
     <span class='ocr_line' id='line_1_50' title="bbox 1033 1000 1729 1042; baseline 0.004 -12"><span class='ocrx_word' id='word_1_234' title='bbox 1033 1001 1171 1030; x_wconf 80' lang='lat' dir='ltr'>verunt.</span> <span class='ocrx_word' id='word_1_235' title='bbox 1227 1000 1398 1031; x_wconf 88' lang='lat' dir='ltr'>«Centum</span> <span class='ocrx_word' id='word_1_236' title='bbox 1435 1000 1581 1032; x_wconf 81' lang='lat' dir='ltr'>Cerberi</span> <span class='ocrx_word' id='word_1_237' title='bbox 1617 1003 1729 1042; x_wconf 77' lang='lat' dir='ltr'>capita</span> 
     </span>
     <span class='ocr_line' id='line_1_51' title="bbox 1034 1049 1733 1089; baseline 0.004 -10"><span class='ocrx_word' id='word_1_238' title='bbox 1034 1049 1234 1089; x_wconf 83' lang='lat' dir='ltr'>praeiverat</span> <span class='ocrx_word' id='word_1_239' title='bbox 1248 1050 1388 1080; x_wconf 89' lang='lat' dir='ltr'>Horatio</span> <span class='ocrx_word' id='word_1_240' title='bbox 1402 1049 1583 1088; x_wconf 84' lang='lat' dir='ltr'>Pindarus,</span> <span class='ocrx_word' id='word_1_241' title='bbox 1602 1051 1630 1082; x_wconf 91' lang='lat' dir='ltr'>si</span> <span class='ocrx_word' id='word_1_242' title='bbox 1645 1051 1733 1082; x_wconf 80' lang='lat' dir='ltr'>tides</span> 
     </span>
     <span class='ocr_line' id='line_1_52' title="bbox 1034 1097 1732 1139; baseline 0.003 -11"><span class='ocrx_word' id='word_1_243' title='bbox 1034 1099 1180 1130; x_wconf 84' lang='lat' dir='ltr'>Venetis</span> <span class='ocrx_word' id='word_1_244' title='bbox 1219 1097 1470 1139; x_wconf 86' lang='lat' dir='ltr'>interpretibus</span> <span class='ocrx_word' id='word_1_245' title='bbox 1509 1101 1536 1130; x_wconf 80' lang='lat' dir='ltr'>A</span> <span class='ocrx_word' id='word_1_246' title='bbox 1568 1101 1603 1130; x_wconf 88' lang='lat' dir='ltr'>et</span> <span class='ocrx_word' id='word_1_247' title='bbox 1633 1100 1657 1130; x_wconf 89' lang='lat' dir='ltr'>B</span> <span class='ocrx_word' id='word_1_248' title='bbox 1689 1101 1732 1131; x_wconf 77' lang='lat' dir='ltr'>ad</span> 
     </span>
     <span class='ocr_line' id='line_1_53' title="bbox 1034 1147 1731 1186; baseline 0.003 -8"><span class='ocrx_word' id='word_1_249' title='bbox 1034 1147 1130 1179; x_wconf 88' lang='lat' dir='ltr'>Iliad.</span> <span class='ocrx_word' id='word_1_250' title='bbox 1145 1147 1189 1186; x_wconf 76' lang='grc' dir='ltr'>θ,</span> <span class='ocrx_word' id='word_1_251' title='bbox 1208 1147 1282 1179; x_wconf 88' lang='grc'>368.</span> <span class='ocrx_word' id='word_1_252' title='bbox 1300 1148 1369 1179; x_wconf 85' lang='lat' dir='ltr'>Csr.</span> <span class='ocrx_word' id='word_1_253' title='bbox 1386 1147 1523 1179; x_wconf 88' lang='lat' dir='ltr'>Pindari</span> <span class='ocrx_word' id='word_1_254' title='bbox 1538 1150 1590 1180; x_wconf 88' lang='lat' dir='ltr'>Fr.</span> <span class='ocrx_word' id='word_1_255' title='bbox 1610 1150 1731 1180; x_wconf 78' lang='lat' dir='ltr'>incert.</span> 
     </span>
     <span class='ocr_line' id='line_1_54' title="bbox 1036 1197 1731 1239; baseline 0.003 -12"><span class='ocrx_word' id='word_1_256' title='bbox 1036 1197 1133 1228; x_wconf 63' lang='lat'>1162.»</span> <span class='ocrx_word' id='word_1_257' title='bbox 1194 1198 1341 1228; x_wconf 74' lang='lat' dir='ltr'>NAEKms</span> <span class='ocrx_word' id='word_1_258' title='bbox 1387 1198 1421 1228; x_wconf 91' lang='lat' dir='ltr'>in</span> <span class='ocrx_word' id='word_1_259' title='bbox 1472 1199 1588 1239; x_wconf 79' lang='lat' dir='ltr'>Progr.</span> <span class='ocrx_word' id='word_1_260' title='bbox 1635 1199 1731 1231; x_wconf 65' lang='lat'>4824.</span> 
     </span>
     <span class='ocr_line' id='line_1_55' title="bbox 1036 1246 1731 1288; baseline 0.001 -12"><span class='ocrx_word' id='word_1_261' title='bbox 1036 1246 1148 1277; x_wconf 87' lang='lat' dir='ltr'>Etiam</span> <span class='ocrx_word' id='word_1_262' title='bbox 1184 1247 1326 1278; x_wconf 86' lang='lat' dir='ltr'>Tzetzes</span> <span class='ocrx_word' id='word_1_263' title='bbox 1363 1246 1407 1278; x_wconf 90' lang='lat' dir='ltr'>ad</span> <span class='ocrx_word' id='word_1_264' title='bbox 1437 1247 1612 1288; x_wconf 85' lang='lat' dir='ltr'>Lycophr.</span> <span class='ocrx_word' id='word_1_265' title='bbox 1647 1248 1731 1280; x_wconf 75' lang='lat'>678:</span> 
     </span>
     <span class='ocr_line' id='line_1_56' title="bbox 1036 1290 1734 1336; baseline 0.004 -11"><span class='ocrx_word' id='word_1_266' title='bbox 1036 1290 1057 1325; x_wconf 86' lang='grc' dir='ltr'><em>ὁ</em></span> <span class='ocrx_word' id='word_1_267' title='bbox 1082 1292 1184 1326; x_wconf 82' lang='grc' dir='ltr'><em>κύων</em></span> <span class='ocrx_word' id='word_1_268' title='bbox 1207 1292 1276 1326; x_wconf 73' lang='grc' dir='ltr'>τοῦ</span> <span class='ocrx_word' id='word_1_269' title='bbox 1294 1290 1416 1328; x_wconf 74' lang='grc' dir='ltr'><em>Ἅιδου</em></span> <span class='ocrx_word' id='word_1_270' title='bbox 1432 1320 1440 1334; x_wconf 83' lang='grc'>,</span> <span class='ocrx_word' id='word_1_271' title='bbox 1470 1293 1514 1336; x_wconf 77' lang='grc' dir='ltr'>ὃς</span> <span class='ocrx_word' id='word_1_272' title='bbox 1538 1292 1617 1334; x_wconf 65' lang='grc' dir='ltr'>ἔχει</span> <span class='ocrx_word' id='word_1_273' title='bbox 1642 1296 1734 1328; x_wconf 76' lang='grc' dir='ltr'><em>ἑκα-</em></span> 
     </span>
     <span class='ocr_line' id='line_1_57' title="bbox 1034 1341 1736 1385; baseline 0.004 -10"><span class='ocrx_word' id='word_1_274' title='bbox 1034 1341 1101 1375; x_wconf 81' lang='grc' dir='ltr'><em>τὸν</em></span> <span class='ocrx_word' id='word_1_275' title='bbox 1124 1342 1306 1385; x_wconf 77' lang='grc' dir='ltr'><em>κεφαλάς.</em></span> <span class='ocrx_word' id='word_1_276' title='bbox 1334 1346 1375 1377; x_wconf 90' lang='lat' dir='ltr'>Et</span> <span class='ocrx_word' id='word_1_277' title='bbox 1390 1346 1574 1377; x_wconf 88' lang='lat' dir='ltr'>variabant</span> <span class='ocrx_word' id='word_1_278' title='bbox 1598 1347 1629 1377; x_wconf 89' lang='lat' dir='ltr'>in</span> <span class='ocrx_word' id='word_1_279' title='bbox 1658 1346 1736 1378; x_wconf 84' lang='lat' dir='ltr'>tali-</span> 
     </span>
     <span class='ocr_line' id='line_1_58' title="bbox 1035 1394 1732 1437; baseline 0.001 -12"><span class='ocrx_word' id='word_1_280' title='bbox 1035 1394 1114 1426; x_wconf 86' lang='lat' dir='ltr'>bus.</span> <span class='ocrx_word' id='word_1_281' title='bbox 1140 1395 1194 1425; x_wconf 84' lang='lat' dir='ltr'>Sic</span> <span class='ocrx_word' id='word_1_282' title='bbox 1211 1394 1324 1426; x_wconf 87' lang='lat' dir='ltr'>Schol.</span> <span class='ocrx_word' id='word_1_283' title='bbox 1344 1396 1487 1427; x_wconf 85' lang='lat' dir='ltr'>Hesiod.</span> <span class='ocrx_word' id='word_1_284' title='bbox 1504 1397 1633 1437; x_wconf 80' lang='lat' dir='ltr'>Theog.</span> <span class='ocrx_word' id='word_1_285' title='bbox 1649 1396 1711 1427; x_wconf 53' lang='lat'>31¹3</span> <span class='ocrx_word' id='word_1_286' title='bbox 1727 1406 1732 1426; x_wconf 83' lang='lat' dir='ltr'>z</span> 
     </span>
     <span class='ocr_line' id='line_1_59' title="bbox 1036 1438 1736 1488; baseline 0.004 -14"><span class='ocrx_word' id='word_1_287' title='bbox 1036 1441 1104 1484; x_wconf 71' lang='grc' dir='ltr'>τὴν</span> <span class='ocrx_word' id='word_1_288' title='bbox 1120 1438 1251 1488; x_wconf 71' lang='grc' dir='ltr'><em>Ὕδραν</em></span> <span class='ocrx_word' id='word_1_289' title='bbox 1277 1444 1494 1484; x_wconf 87' lang='lat' dir='ltr'>(Lernaeam,</span> <span class='ocrx_word' id='word_1_290' title='bbox 1514 1445 1660 1477; x_wconf 86' lang='lat' dir='ltr'>Cerberi</span> <span class='ocrx_word' id='word_1_291' title='bbox 1676 1454 1736 1477; x_wconf 92' lang='lat' dir='ltr'>so-</span> 
     </span>
     <span class='ocr_line' id='line_1_60' title="bbox 1036 1490 1730 1535; baseline 0.003 -11"><span class='ocrx_word' id='word_1_292' title='bbox 1036 1494 1168 1532; x_wconf 84' lang='lat' dir='ltr'>rorem)</span> <span class='ocrx_word' id='word_1_293' title='bbox 1198 1490 1366 1533; x_wconf 77' lang='grc' dir='ltr'><em>Ἀλκαῖος</em></span> <span class='ocrx_word' id='word_1_294' title='bbox 1398 1494 1469 1535; x_wconf 77' lang='grc' dir='ltr'><em>μὲν</em></span> <span class='ocrx_word' id='word_1_295' title='bbox 1499 1494 1730 1534; x_wconf 74' lang='grc' dir='ltr'><em>ἐννεακέφα-</em></span> 
     </span>
     <span class='ocr_line' id='line_1_61' title="bbox 1037 1539 1734 1586; baseline 0.003 -13"><span class='ocrx_word' id='word_1_296' title='bbox 1037 1539 1104 1573; x_wconf 81' lang='grc' dir='ltr'><em>λόν</em></span> <span class='ocrx_word' id='word_1_297' title='bbox 1127 1552 1245 1583; x_wconf 75' lang='grc' dir='ltr'><em>φησι,</em></span> <span class='ocrx_word' id='word_1_298' title='bbox 1286 1541 1500 1585; x_wconf 79' lang='grc' dir='ltr'><em>Σιμωνίδης</em></span> <span class='ocrx_word' id='word_1_299' title='bbox 1533 1542 1573 1575; x_wconf 78' lang='grc' dir='ltr'>δὲ</span> <span class='ocrx_word' id='word_1_300' title='bbox 1597 1554 1734 1586; x_wconf 77' lang='grc' dir='ltr'><em>πεντη-</em></span> 
     </span>
     <span class='ocr_line' id='line_1_62' title="bbox 1037 1590 1737 1633; baseline 0.003 -11"><span class='ocrx_word' id='word_1_301' title='bbox 1037 1590 1337 1630; x_wconf 77' lang='grc' dir='ltr'><em>κοντακέφαλον.</em></span> <span class='ocrx_word' id='word_1_302' title='bbox 1385 1593 1436 1623; x_wconf 91' lang='lat' dir='ltr'>De</span> <span class='ocrx_word' id='word_1_303' title='bbox 1454 1595 1597 1624; x_wconf 88' lang='lat' dir='ltr'>centum</span> <span class='ocrx_word' id='word_1_304' title='bbox 1614 1594 1737 1633; x_wconf 81' lang='lat' dir='ltr'>angui-</span> 
     </span>
     <span class='ocr_line' id='line_1_63' title="bbox 1037 1640 1734 1681; baseline 0.003 -9"><span class='ocrx_word' id='word_1_305' title='bbox 1037 1640 1105 1672; x_wconf 88' lang='lat' dir='ltr'>bus</span> <span class='ocrx_word' id='word_1_306' title='bbox 1142 1641 1216 1673; x_wconf 87' lang='lat' dir='ltr'>eius</span> <span class='ocrx_word' id='word_1_307' title='bbox 1252 1642 1355 1681; x_wconf 88' lang='lat' dir='ltr'>caput</span> <span class='ocrx_word' id='word_1_308' title='bbox 1390 1641 1628 1674; x_wconf 87' lang='lat' dir='ltr'>munientibus</span> <span class='ocrx_word' id='word_1_309' title='bbox 1652 1643 1685 1673; x_wconf 92' lang='lat' dir='ltr'>h.</span> <span class='ocrx_word' id='word_1_310' title='bbox 1711 1642 1734 1674; x_wconf 91' lang='lat' dir='ltr'>l.</span> 
     </span>
     <span class='ocr_line' id='line_1_64' title="bbox 1038 1689 1733 1729; baseline 0.003 -9"><span class='ocrx_word' id='word_1_311' title='bbox 1038 1699 1106 1720; x_wconf 93' lang='lat' dir='ltr'>non</span> <span class='ocrx_word' id='word_1_312' title='bbox 1143 1689 1368 1729; x_wconf 83' lang='lat' dir='ltr'>cogitandum</span> <span class='ocrx_word' id='word_1_313' title='bbox 1404 1699 1485 1721; x_wconf 87' lang='lat' dir='ltr'>cum</span> <span class='ocrx_word' id='word_1_314' title='bbox 1521 1690 1733 1723; x_wconf 83' lang='lat' dir='ltr'>Scholiastis.</span> 
     </span>
     <span class='ocr_line' id='line_1_65' title="bbox 1040 1739 1737 1781; baseline 0.003 -12"><span class='ocrx_word' id='word_1_315' title='bbox 1040 1739 1190 1770; x_wconf 86' lang='lat' dir='ltr'>«Horatii</span> <span class='ocrx_word' id='word_1_316' title='bbox 1227 1747 1373 1770; x_wconf 89' lang='lat' dir='ltr'>sensum</span> <span class='ocrx_word' id='word_1_317' title='bbox 1407 1741 1503 1771; x_wconf 87' lang='lat' dir='ltr'>recte</span> <span class='ocrx_word' id='word_1_318' title='bbox 1527 1742 1737 1781; x_wconf 82' lang='lat' dir='ltr'>perceperat</span> 
     </span>
     <span class='ocr_line' id='line_1_66' title="bbox 1039 1787 1735 1830; baseline 0.001 -11"><span class='ocrx_word' id='word_1_319' title='bbox 1039 1790 1172 1819; x_wconf 87' lang='lat' dir='ltr'>Seneca</span> <span class='ocrx_word' id='word_1_320' title='bbox 1209 1789 1282 1819; x_wconf 80' lang='lat' dir='ltr'>sive</span> <span class='ocrx_word' id='word_1_321' title='bbox 1319 1787 1406 1820; x_wconf 90' lang='lat' dir='ltr'>alius</span> <span class='ocrx_word' id='word_1_322' title='bbox 1442 1789 1594 1830; x_wconf 88' lang='lat' dir='ltr'>scriptor</span> <span class='ocrx_word' id='word_1_323' title='bbox 1629 1790 1661 1820; x_wconf 92' lang='lat' dir='ltr'>in</span> <span class='ocrx_word' id='word_1_324' title='bbox 1693 1798 1735 1821; x_wconf 86' lang='lat' dir='ltr'>eo</span> 
     </span>
     <span class='ocr_line' id='line_1_67' title="bbox 1039 1836 1735 1878; baseline 0.003 -10"><span class='ocrx_word' id='word_1_325' title='bbox 1039 1837 1147 1877; x_wconf 90' lang='lat' dir='ltr'>libro,</span> <span class='ocrx_word' id='word_1_326' title='bbox 1173 1838 1232 1877; x_wconf 89' lang='lat' dir='ltr'>qui</span> <span class='ocrx_word' id='word_1_327' title='bbox 1255 1836 1568 1878; x_wconf 76' lang='lat' dir='ltr'>Apocolocyntosis</span> <span class='ocrx_word' id='word_1_328' title='bbox 1594 1838 1735 1870; x_wconf 89' lang='lat' dir='ltr'>inscribi</span> 
     </span>
     <span class='ocr_line' id='line_1_68' title="bbox 1039 1886 1737 1927; baseline 0.001 -9"><span class='ocrx_word' id='word_1_329' title='bbox 1039 1886 1145 1924; x_wconf 88' lang='lat' dir='ltr'>solet,</span> <span class='ocrx_word' id='word_1_330' title='bbox 1180 1887 1239 1918; x_wconf 88' lang='lat' dir='ltr'>ubi</span> <span class='ocrx_word' id='word_1_331' title='bbox 1264 1887 1359 1918; x_wconf 80' lang='lat' dir='ltr'>belua</span> <span class='ocrx_word' id='word_1_332' title='bbox 1381 1888 1539 1927; x_wconf 74' lang='lat' dir='ltr'>centiceps</span> <span class='ocrx_word' id='word_1_333' title='bbox 1562 1888 1737 1920; x_wconf 86' lang='lat' dir='ltr'>describi—</span> 
     </span>
     <span class='ocr_line' id='line_1_69' title="bbox 1039 1937 1737 1978; baseline 0.003 -11"><span class='ocrx_word' id='word_1_334' title='bbox 1039 1939 1095 1968; x_wconf 90' lang='lat' dir='ltr'>tur</span> <span class='ocrx_word' id='word_1_335' title='bbox 1108 1937 1202 1967; x_wconf 82' lang='lat' dir='ltr'>villos</span> <span class='ocrx_word' id='word_1_336' title='bbox 1217 1937 1418 1976; x_wconf 77' lang='lat' dir='ltr'>horrendos,</span> <span class='ocrx_word' id='word_1_337' title='bbox 1445 1937 1479 1967; x_wconf 87' lang='lat' dir='ltr'>id</span> <span class='ocrx_word' id='word_1_338' title='bbox 1497 1940 1566 1975; x_wconf 83' lang='lat' dir='ltr'>est,</span> <span class='ocrx_word' id='word_1_339' title='bbox 1593 1946 1737 1978; x_wconf 86' lang='lat' dir='ltr'>serpen-</span> 
     </span>
     <span class='ocr_line' id='line_1_70' title="bbox 1038 1987 1736 2027; baseline 0.001 -10"><span class='ocrx_word' id='word_1_340' title='bbox 1038 1988 1091 2018; x_wconf 88' lang='lat' dir='ltr'>tes</span> <span class='ocrx_word' id='word_1_341' title='bbox 1119 1987 1152 2017; x_wconf 89' lang='lat' dir='ltr'>in</span> <span class='ocrx_word' id='word_1_342' title='bbox 1181 1987 1319 2018; x_wconf 88' lang='lat' dir='ltr'>cervice</span> <span class='ocrx_word' id='word_1_343' title='bbox 1343 1988 1377 2017; x_wconf 87' lang='lat' dir='ltr'>et</span> <span class='ocrx_word' id='word_1_344' title='bbox 1394 1989 1491 2027; x_wconf 79' lang='lat' dir='ltr'>tergo</span> <span class='ocrx_word' id='word_1_345' title='bbox 1508 1989 1608 2019; x_wconf 87' lang='lat' dir='ltr'>natos</span> <span class='ocrx_word' id='word_1_346' title='bbox 1633 1996 1736 2018; x_wconf 66' lang='lat' dir='ltr'>emea—</span> 
     </span>
     <span class='ocr_line' id='line_1_71' title="bbox 1038 2036 1736 2076; baseline 0.003 -10"><span class='ocrx_word' id='word_1_347' title='bbox 1038 2037 1135 2073; x_wconf 65' lang='lat' dir='ltr'>tiens,</span> <span class='ocrx_word' id='word_1_348' title='bbox 1161 2036 1289 2076; x_wconf 90' lang='lat' dir='ltr'>quippe</span> <span class='ocrx_word' id='word_1_349' title='bbox 1307 2036 1501 2067; x_wconf 84' lang='lat' dir='ltr'>tenendum</span> <span class='ocrx_word' id='word_1_350' title='bbox 1519 2038 1572 2068; x_wconf 87' lang='lat' dir='ltr'>est</span> <span class='ocrx_word' id='word_1_351' title='bbox 1589 2037 1619 2067; x_wconf 91' lang='lat' dir='ltr'>in</span> <span class='ocrx_word' id='word_1_352' title='bbox 1638 2039 1736 2076; x_wconf 78' lang='lat' dir='ltr'>tergo</span> 
     </span>
     <span class='ocr_line' id='line_1_72' title="bbox 1038 2084 1732 2126; baseline 0 -10"><span class='ocrx_word' id='word_1_353' title='bbox 1038 2084 1247 2125; x_wconf 85' lang='lat' dir='ltr'>plerumque</span> <span class='ocrx_word' id='word_1_354' title='bbox 1273 2085 1436 2124; x_wconf 87' lang='lat' dir='ltr'>Cerberi,</span> <span class='ocrx_word' id='word_1_355' title='bbox 1464 2094 1533 2117; x_wconf 86' lang='lat' dir='ltr'>non</span> <span class='ocrx_word' id='word_1_356' title='bbox 1558 2086 1590 2117; x_wconf 90' lang='lat' dir='ltr'>in</span> <span class='ocrx_word' id='word_1_357' title='bbox 1609 2086 1732 2126; x_wconf 86' lang='lat' dir='ltr'>capite,</span> 
     </span>
     <span class='ocr_line' id='line_1_73' title="bbox 1039 2134 1733 2173; baseline 0.003 -8"><span class='ocrx_word' id='word_1_358' title='bbox 1039 2136 1076 2165; x_wconf 89' lang='lat' dir='ltr'>ut</span> <span class='ocrx_word' id='word_1_359' title='bbox 1112 2135 1272 2165; x_wconf 85' lang='lat' dir='ltr'>Horatius</span> <span class='ocrx_word' id='word_1_360' title='bbox 1307 2134 1369 2166; x_wconf 87' lang='lat' dir='ltr'>Od.</span> <span class='ocrx_word' id='word_1_361' title='bbox 1404 2135 1442 2173; x_wconf 88' lang='lat'>3,</span> <span class='ocrx_word' id='word_1_362' title='bbox 1470 2135 1528 2173; x_wconf 56' lang='lat' dir='ltr'>risi,</span> <span class='ocrx_word' id='word_1_363' title='bbox 1556 2136 1608 2166; x_wconf 57' lang='lat'>217.</span> <span class='ocrx_word' id='word_1_364' title='bbox 1636 2136 1733 2169; x_wconf 77' lang='lat' dir='ltr'>facit.</span> 
     </span>
     <span class='ocr_line' id='line_1_74' title="bbox 1039 2183 1628 2224; baseline 0 -9"><span class='ocrx_word' id='word_1_365' title='bbox 1039 2184 1223 2223; x_wconf 87' lang='lat' dir='ltr'>serpentes</span> <span class='ocrx_word' id='word_1_366' title='bbox 1246 2184 1362 2224; x_wconf 86' lang='lat' dir='ltr'>poni.»</span> <span class='ocrx_word' id='word_1_367' title='bbox 1389 2185 1534 2215; x_wconf 70' lang='lat' dir='ltr'>NAEKws</span> <span class='ocrx_word' id='word_1_368' title='bbox 1558 2183 1579 2215; x_wconf 92' lang='lat' dir='ltr'>l.</span> <span class='ocrx_word' id='word_1_369' title='bbox 1608 2183 1628 2215; x_wconf 95' lang='lat' dir='ltr'>l.</span> 
     </span>
    </p>

    <p class='ocr_par' dir='ltr' id='par_1_16' title="bbox 1038 2232 1736 2461">
     <span class='ocr_line' id='line_1_75' title="bbox 1083 2232 1736 2274; baseline 0.003 -11"><span class='ocrx_word' id='word_1_370' title='bbox 1083 2232 1136 2263; x_wconf 87' lang='lat'>35.</span> <span class='ocrx_word' id='word_1_371' title='bbox 1171 2233 1296 2274; x_wconf 78' lang='lat' dir='ltr'>intorti]</span> <span class='ocrx_word' id='word_1_372' title='bbox 1331 2234 1419 2264; x_wconf 90' lang='lat' dir='ltr'>Cum</span> <span class='ocrx_word' id='word_1_373' title='bbox 1450 2242 1483 2264; x_wconf 61' lang='lat' dir='ltr'>V.</span> <span class='ocrx_word' id='word_1_374' title='bbox 1510 2234 1629 2274; x_wconf 72' lang='lat' dir='ltr'>anquis</span> <span class='ocrx_word' id='word_1_375' title='bbox 1659 2232 1736 2274; x_wconf 86' lang='lat' dir='ltr'>ple-</span> 
     </span>
     <span class='ocr_line' id='line_1_76' title="bbox 1038 2281 1732 2322; baseline 0.003 -10"><span class='ocrx_word' id='word_1_376' title='bbox 1038 2290 1189 2322; x_wconf 85' lang='lat' dir='ltr'>rumque</span> <span class='ocrx_word' id='word_1_377' title='bbox 1225 2281 1379 2313; x_wconf 89' lang='lat' dir='ltr'>feminini</span> <span class='ocrx_word' id='word_1_378' title='bbox 1416 2283 1460 2313; x_wconf 90' lang='lat' dir='ltr'>sit</span> <span class='ocrx_word' id='word_1_379' title='bbox 1494 2283 1652 2322; x_wconf 84' lang='lat' dir='ltr'>generis,</span> <span class='ocrx_word' id='word_1_380' title='bbox 1693 2284 1732 2314; x_wconf 91' lang='lat' dir='ltr'>ll.</span> 
     </span>
     <span class='ocr_line' id='line_1_77' title="bbox 1040 2330 1736 2368; baseline 0.001 -6"><span class='ocrx_word' id='word_1_381' title='bbox 1040 2333 1075 2362; x_wconf 88' lang='lat' dir='ltr'>P.</span> <span class='ocrx_word' id='word_1_382' title='bbox 1101 2330 1243 2362; x_wconf 86' lang='lat' dir='ltr'>volebat</span> <span class='ocrx_word' id='word_1_383' title='bbox 1265 2332 1424 2368; x_wconf 56' lang='lat' dir='ltr'>intortam</span> <span class='ocrx_word' id='word_1_384' title='bbox 1457 2332 1521 2363; x_wconf 86' lang='lat' dir='ltr'>sed</span> <span class='ocrx_word' id='word_1_385' title='bbox 1549 2332 1653 2363; x_wconf 79' lang='lat' dir='ltr'>etiam</span> <span class='ocrx_word' id='word_1_386' title='bbox 1678 2332 1736 2363; x_wconf 93' lang='lat' dir='ltr'>Ci-</span> 
     </span>
     <span class='ocr_line' id='line_1_78' title="bbox 1041 2379 1735 2421; baseline 0 -11"><span class='ocrx_word' id='word_1_387' title='bbox 1041 2388 1122 2411; x_wconf 87' lang='lat' dir='ltr'>cero</span> <span class='ocrx_word' id='word_1_388' title='bbox 1147 2379 1190 2411; x_wconf 88' lang='lat' dir='ltr'>de</span> <span class='ocrx_word' id='word_1_389' title='bbox 1216 2381 1291 2412; x_wconf 79' lang='lat' dir='ltr'>Div.</span> <span class='ocrx_word' id='word_1_390' title='bbox 1318 2381 1357 2418; x_wconf 60' lang='grc' dir='ltr'>ἓ,</span> <span class='ocrx_word' id='word_1_391' title='bbox 1384 2381 1444 2412; x_wconf 66' lang='lat'>28:</span> <span class='ocrx_word' id='word_1_392' title='bbox 1474 2381 1593 2421; x_wconf 72' lang='lat' dir='ltr'>anquis</span> <span class='ocrx_word' id='word_1_393' title='bbox 1614 2384 1735 2412; x_wconf 77' lang='lat' dir='ltr'>vectem</span> 
     </span>
     <span class='ocr_line' id='line_1_79' title="bbox 1041 2430 1278 2461; baseline 0 -1"><span class='ocrx_word' id='word_1_394' title='bbox 1041 2430 1278 2461; x_wconf 75' lang='lat' dir='ltr'>circumiectas.</span> 
     </span>
    </p>

    <p class='ocr_par' dir='ltr' id='par_1_17' title="bbox 1040 2478 1736 2770">
     <span class='ocr_line' id='line_1_80' title="bbox 1084 2478 1734 2519; baseline 0 -10"><span class='ocrx_word' id='word_1_395' title='bbox 1084 2478 1137 2509; x_wconf 85' lang='lat'>36.</span> <span class='ocrx_word' id='word_1_396' title='bbox 1177 2479 1397 2510; x_wconf 78' lang='lat' dir='ltr'>Eumenidmn</span> <span class='ocrx_word' id='word_1_397' title='bbox 1423 2496 1440 2500; x_wconf 99' lang='lat'>—</span> <span class='ocrx_word' id='word_1_398' title='bbox 1466 2478 1606 2519; x_wconf 63' lang='lat' dir='ltr'>angues]</span> <span class='ocrx_word' id='word_1_399' title='bbox 1644 2480 1734 2509; x_wconf 80' lang='lat' dir='ltr'>Pau—</span> 
     </span>
     <span class='ocr_line' id='line_1_81' title="bbox 1041 2524 1734 2572; baseline -0.001 -14"><span class='ocrx_word' id='word_1_400' title='bbox 1041 2536 1116 2558; x_wconf 89' lang='lat' dir='ltr'>san.</span> <span class='ocrx_word' id='word_1_401' title='bbox 1145 2528 1180 2565; x_wconf 79' lang='lat' dir='ltr'>¹l,</span> <span class='ocrx_word' id='word_1_402' title='bbox 1208 2528 1266 2565; x_wconf 66' lang='grc' dir='ltr'>ί28,</span> <span class='ocrx_word' id='word_1_403' title='bbox 1299 2528 1334 2558; x_wconf 86' lang='lat'>6:</span> <span class='ocrx_word' id='word_1_404' title='bbox 1371 2525 1545 2569; x_wconf 79' lang='grc' dir='ltr'><em>Πλησίον</em></span> <span class='ocrx_word' id='word_1_405' title='bbox 1568 2525 1607 2558; x_wconf 77' lang='grc' dir='ltr'>δὲ</span> <span class='ocrx_word' id='word_1_406' title='bbox 1633 2524 1734 2572; x_wconf 73' lang='grc' dir='ltr'><em>ἱερὸν</em></span> 
     </span>
     <span class='ocr_line' id='line_1_82' title="bbox 1040 2571 1734 2617; baseline 0.001 -11"><span class='ocrx_word' id='word_1_407' title='bbox 1040 2574 1139 2606; x_wconf 75' lang='grc' dir='ltr'><em>θεῶν</em></span> <span class='ocrx_word' id='word_1_408' title='bbox 1173 2575 1292 2613; x_wconf 79' lang='grc' dir='ltr'><em>ἐστιν,</em></span> <span class='ocrx_word' id='word_1_409' title='bbox 1331 2572 1378 2615; x_wconf 76' lang='grc' dir='ltr'>ἃς</span> <span class='ocrx_word' id='word_1_410' title='bbox 1412 2574 1594 2608; x_wconf 83' lang='grc' dir='ltr'><em>καλοῦσιν</em></span> <span class='ocrx_word' id='word_1_411' title='bbox 1623 2571 1734 2617; x_wconf 64' lang='grc' dir='ltr'><em>Ἀθη-</em></span> 
     </span>
     <span class='ocr_line' id='line_1_83' title="bbox 1042 2621 1733 2669; baseline 0.003 -14"><span class='ocrx_word' id='word_1_412' title='bbox 1042 2629 1143 2657; x_wconf 80' lang='grc' dir='ltr'><em>ναῖοι</em></span> <span class='ocrx_word' id='word_1_413' title='bbox 1170 2623 1338 2667; x_wconf 79' lang='grc' dir='ltr'><em>Σεμνάς,</em></span> <span class='ocrx_word' id='word_1_414' title='bbox 1370 2621 1545 2665; x_wconf 80' lang='grc' dir='ltr'><em>ἼΙσίοόος</em></span> <span class='ocrx_word' id='word_1_415' title='bbox 1575 2624 1615 2657; x_wconf 79' lang='grc' dir='ltr'>δὲ</span> <span class='ocrx_word' id='word_1_416' title='bbox 1639 2624 1733 2669; x_wconf 74' lang='grc' dir='ltr'><em>Ἐρι-</em></span> 
     </span>
     <span class='ocr_line' id='line_1_84' title="bbox 1041 2671 1736 2719; baseline 0.001 -13"><span class='ocrx_word' id='word_1_417' title='bbox 1041 2672 1106 2714; x_wconf 84' lang='grc' dir='ltr'><em>νῦς</em></span> <span class='ocrx_word' id='word_1_418' title='bbox 1130 2674 1170 2706; x_wconf 77' lang='grc' dir='ltr'><em>ἐν</em></span> <span class='ocrx_word' id='word_1_419' title='bbox 1194 2676 1391 2718; x_wconf 73' lang='grc' dir='ltr'><em>Θεογονίᾳ.</em></span> <span class='ocrx_word' id='word_1_420' title='bbox 1417 2671 1574 2719; x_wconf 78' lang='grc' dir='ltr'><em>Πρῶτος</em></span> <span class='ocrx_word' id='word_1_421' title='bbox 1591 2674 1631 2707; x_wconf 78' lang='grc' dir='ltr'>δέ</span> <span class='ocrx_word' id='word_1_422' title='bbox 1647 2686 1736 2715; x_wconf 69' lang='grc' dir='ltr'><em>σεμ-</em></span> 
     </span>
     <span class='ocr_line' id='line_1_85' title="bbox 1041 2722 1733 2770; baseline 0.004 -17"><span class='ocrx_word' id='word_1_423' title='bbox 1041 2733 1101 2754; x_wconf 74' lang='lat' dir='ltr'>mv</span> <span class='ocrx_word' id='word_1_424' title='bbox 1119 2722 1308 2764; x_wconf 80' lang='grc' dir='ltr'><em>Αἰσχύλος</em></span> <span class='ocrx_word' id='word_1_425' title='bbox 1326 2723 1536 2770; x_wconf 78' lang='grc' dir='ltr'><em>δράκοντας</em></span> <span class='ocrx_word' id='word_1_426' title='bbox 1552 2725 1733 2766; x_wconf 73' lang='grc' dir='ltr'><em>ἐποίησεν</em></span> 
     </span>
    </p>
   </div>
   <div class='ocr_carea' id='block_1_15' title="bbox 1994 0 1997 593">
    <p class='ocr_par' dir='ltr' id='par_1_18' title="bbox 1994 0 1997 593">
     <span class='ocr_line' id='line_1_86' title="bbox 1994 0 1997 593; baseline 0 0"><span class='ocrx_word' id='word_1_427' title='bbox 1994 0 1997 593; x_wconf 95' lang='lat' dir='ltr'> </span> 
     </span>
    </p>
   </div>
   <div class='ocr_carea' id='block_1_16' title="bbox 1991 761 1997 2114">
    <p class='ocr_par' dir='ltr' id='par_1_19' title="bbox 1991 761 1997 2114">
     <span class='ocr_line' id='line_1_87' title="bbox 1991 761 1997 2114; baseline 0 0"><span class='ocrx_word' id='word_1_428' title='bbox 1991 761 1997 2114; x_wconf 95' lang='lat' dir='ltr'> </span> 
     </span>
    </p>
   </div>
   <div class='ocr_carea' id='block_1_17' title="bbox 1991 2525 1997 3033">
    <p class='ocr_par' dir='ltr' id='par_1_20' title="bbox 1991 2525 1997 3033">
     <span class='ocr_line' id='line_1_88' title="bbox 1991 2525 1997 3033; baseline 0 0"><span class='ocrx_word' id='word_1_429' title='bbox 1991 2525 1997 3033; x_wconf 95' lang='lat' dir='ltr'> </span> 
     </span>
    </p>
   </div>
  </div>
 </body>
</html>
