1997 3219
351 248 431 289 500

853 250 1021 282 HORATII
1047 250 1269 284 CARMINUM

578 352 688 394 Mitto
719 351 944 408 singultus,
980 352 1090 395 bene
1121 352 1231 395 serre
1263 367 1456 409 magnam

572 433 696 475 Disce
728 433 956 482 fortunam,
994 440 1063 475 tua
1094 439 1235 476 sectus
1267 433 1382 475 orbis
1743 435 1785 473 1=5

740 513 917 569 Nomina
948 513 1086 556 ducet.

347 669 632 702 affirmationem:
655 670 795 702 «Nescis
812 669 939 708 adhuc,
959 670 1040 701 cara
1091 669 1204 701 Asiam
1227 673 1256 700 et
1279 670 1460 708 Europam.
1494 670 1598 710 Soph.
1625 669 1782 701 Trachin.

346 718 477 759 puella,
512 719 602 749 Iovis
632 719 664 749 te
698 719 884 758 coniugem
915 728 994 750 esse
1006 731 1038 757 n,

347 768 379 799 id
407 770 476 805 est,
504 768 610 799 «scito
635 768 667 799 te
684 776 766 799 mox
792 767 888 799 illum
919 768 1042 800 coniu-

347 825 427 857 gem
462 816 661 848 habituram
693 825 807 848 esse.»
855 818 924 849 Sed
960 826 1041 849 cum

347 866 549 897 nominativi
574 874 656 897 cum
678 866 845 897 infinitivo
861 875 946 898 usus
962 868 1042 907 post

346 914 457 947 verba
487 915 661 947 sentiendi
692 917 727 947 et
754 914 956 947 declarandi
986 914 1040 947 vel

347 964 440 1005 apud
465 966 587 1005 poetas
612 965 750 997 Latinos
767 965 967 996 rarissimus
984 965 1038 1003 sit,

345 1015 501 1054 praestat
532 1013 678 1045 sortasse
711 1014 799 1045 haec
830 1014 1042 1054 interpreta-

347 1064 411 1094 tio:
439 1063 569 1094 «Nescis
594 1063 674 1103 (non
691 1063 805 1101 vales⁷
833 1073 903 1095 non
919 1063 1040 1102 audes)

346 1121 411 1143 esse
432 1113 518 1143 Iovis
539 1122 630 1143 uxor
651 1113 694 1152 (te
713 1122 835 1152 gerere
853 1106 1043 1144 Iovis'uxo-

348 1162 471 1202 rem):»
491 1171 573 1193 cum
590 1170 659 1202 qua
676 1161 743 1193 leni
764 1162 1040 1202 reprehensione

347 1212 477 1252 optime
503 1211 653 1251 quadrat
669 1211 728 1251 qui
751 1211 911 1251 sequitur
934 1212 1044 1251 impe-

347 1261 494 1292 rativus:
531 1261 608 1292 bene
637 1261 726 1301 ferre
753 1269 914 1302 inaquam
949 1260 1043 1292 Disce

346 1310 527 1350 fortunam.

390 1358 532 1391 74-76.
570 1359 646 1390 bene
677 1358 776 1400 ferre]
814 1359 1043 1390 «constanter

346 1417 388 1439 ac
412 1407 556 1447 dignum
580 1409 614 1439 in
639 1408 804 1446 modum,
831 1416 894 1448 pro
920 1408 1043 1438 coniu-

347 1457 398 1498 gis
432 1457 481 1488 tui
505 1457 723 1488 maiestate.»
772 1457 935 1488 Chariton
960 1465 1038 1497 pag.

347 1506 422 1538 445.
450 1507 561 1547 Lips.:
594 1503 647 1538 Σὺ
672 1504 730 1544 δέ,
762 1502 785 1547 ἡ
810 1503 946 1548 δούλη,
972 1502 1042 1547 τὴν

346 1551 525 1593 εὖτυχὶαν
550 1551 594 1586 οὐ
628 1555 767 1596 φέρεις.
797 1573 832 1577 —-
863 1558 968 1587 sectas
991 1564 1044 1586 or-

346 1604 408 1644 bis]
450 1604 615 1635 «dimidia
656 1613 738 1645 pars
777 1604 873 1635 orbis
912 1612 1041 1636 nomen

346 1655 445 1684 tuum
470 1654 650 1693 accipiet.»
675 1654 770 1684 Duas
795 1654 889 1684 enim
907 1653 1044 1684 dumta-

346 1703 405 1733 xat
439 1701 535 1733 orbis
570 1704 745 1733 terrarum
778 1704 897 1743 partes
933 1711 1042 1742 agno—

347 1751 413 1783 scit
436 1751 470 1782 h.
498 1750 538 1789 l.‚
572 1752 747 1792 Europam
780 1753 815 1783 et
838 1752 972 1789 Asiam,
1005 1752 1043 1781 ut

347 1799 413 1831 Sal.
442 1801 513 1840 lug.
540 1801 590 1831 47.
624 1802 659 1831 et
688 1801 798 1831 Varro
825 1801 888 1831 LL.
915 1801 952 1837 5,
979 1800 1039 1831 31¹:

348 1849 463 1880 Divisa
488 1852 532 1881 est
563 1849 644 1881 caeli
671 1849 858 1890 regionibus
888 1853 979 1881 terra
1010 1850 1042 1880 in

1094 719 1175 750 400:
1213 716 1406 751 ὁισσαῑσιν
1435 715 1605 764 ἀπείροις
1629 717 1781 758 κλιθείς.

1094 767 1175 799 Plat.
1202 768 1237 799 in
1257 768 1361 800 Critia
1381 769 1455 800 ΜΞ.
1480 769 1515 799 E.
1534 768 1601 800 Csr.
1623 768 1788 799 'St-hacsei·

1092 816 1266 848 Meletem.
1294 817 1368 848 crit.
1395 827 1428 858 p.
1449 817 1516 856 36„
1543 817 1602 849 uhi
1628 817 1722 849 locos
1739 818 1787 849 si—

1093 864 1192 897 miles
1207 865 1343 906 collegit
1358 865 1521 906 Aeschyl.
1543 868 1638 899 Pers.
1659 875 1690 897 v.
1711 867 1784 897 2179.

1092 913 1176 946 Plat.
1204 916 1305 955 Gorg.
1331 924 1366 956 p.
1385 916 1459 947 265.
1487 915 1549 947 Ed.
1571 916 1692 947 lleind.
1721 917 1789 946 iso-

1093 964 1196 995 cratis
1214 964 1339 1003 Paneg.
1356 973 1386 995 c.
1402 963 1454 996 48.
1469 965 1600 996 Moschi
1617 966 1648 1004 ⁴2,
1668 965 1697 996 6.
1718 966 1784 996 cet.

1093 1014 1222 1045 Contra
1246 1014 1345 1045 Ovid.
1371 1015 1460 1045 Fast.
1488 1015 1523 1053 5,
1551 1014 1632 1045 6217:
1660 1017 1704 1052 te,
1730 1014 1787 1045 Si-

1092 1063 1186 1101 dont,
1212 1057 1359 1102 Iuppiter
1382 1063 1510 1102 implet,
1534 1064 1679 1103 Parsque
1695 1067 1787 1095 tuum

1092 1116 1202 1144 terrae
1225 1114 1324 1144 tercia
1346 1122 1463 1144 nomen
1491 1113 1595 1145 habet.
1644 1113 1786 1145 Modum

1093 1162 1252 1193 Latinum
1277 1161 1454 1202 aliquanto
1479 1162 1704 1194 audaciorem
1729 1171 1787 1194 re-

1093 1211 1203 1242 tinere
1239 1212 1350 1252 potuit
1385 1211 1580 1251 Gargallus:
1619 1212 1736 1243 tram-a
1764 1212 1788 1243 il

1092 1263 1147 1291 tao
1182 1269 1259 1291 nom
1286 1261 1412 1292 Partito
1443 1261 1467 1291 il
1488 1261 1618 1291 mondo.
1654 1280 1689 1283 —-
1715 1262 1786 1292 Ne-

1092 1309 1194 1350 mina]
1220 1308 1358 1347 Nullus,
1397 1309 1491 1349 quod
1515 1310 1642 1348 sciam,
1681 1311 1788 1341 inter-

1092 1367 1174 1400 pres
1191 1360 1250 1389 aut
1271 1357 1455 1399 explicavit
1471 1359 1564 1390 hunc
1581 1367 1676 1390 num.
1696 1358 1785 1400 plur.

1093 1409 1152 1439 aut
1178 1408 1213 1439 in
1243 1416 1285 1439 eo
1314 1408 1428 1439 haesit
1458 1409 1599 1449 praeter
1621 1409 1703 1447 HR,
1729 1417 1787 1449 qui

1093 1457 1210 1488 omnia
1244 1457 1324 1488 inde
1356 1466 1375 1488 a
1404 1466 1436 1488 v.
1468 1457 1528 1489 33:
1570 1458 1660 1497 Quae
1693 1457 1789 1488 simul

1093 1507 1159 1538 cet.
1188 1507 1327 1537 Horatio
1352 1506 1578 1545 abiudicavit⁷
1604 1507 1638 1537 h.
1658 1505 1678 1538 1.
1699 1507 1788 1538 inter

1093 1555 1157 1586 alia
1182 1556 1372 1587 adnotans:
1401 1557 1492 1587 «Nec
1515 1555 1712 1588 laudandus
1735 1558 1788 1587 est

1092 1604 1233 1646 pluralis
1249 1606 1385 1636 nomina
1400 1614 1464 1646 pro
1480 1613 1630 1636 nomen.»
1655 1605 1786 1636 Verum

1094 1663 1136 1685 ex
1160 1663 1227 1686 usu
1250 1654 1386 1695 poetico
1410 1653 1454 1684 de
1471 1662 1539 1684 una
1562 1662 1713 1693 persona
1732 1652 1786 1685 ille

1092 1703 1242 1743 ponitur.
1270 1702 1331 1733 Od.
1358 1701 1397 1741 4,
1424 1703 1460 1741 ⁵2,
1486 1702 1524 1732 3:
1552 1703 1691 1733 datarus
1714 1703 1785 1734 No-

1092 1752 1185 1782 mina
1202 1754 1323 1790 ponto,
1350 1751 1446 1782 Ovid.
1467 1751 1566 1782 Trist.
1595 1752 1630 1788 Ἰ,
1659 1752 1670 1782 ’1
1690 1777 1696 1789 ,
1723 1752 1782 1783 90:

1092 1801 1207 1831 Icarus
1240 1801 1357 1831 Icariis
1391 1800 1524 1831 nomina
1561 1800 1636 1839 fecit
1671 1801 1784 1840 aquis,

1093 1858 1202 1881 unum
1227 1849 1332 1881 maris
1357 1849 1455 1881 Icarii
1480 1857 1620 1880 nomen.
