1997 3219
711 169 842 200 Lim-jn.
893 169 1019 200 (IARM.
1047 168 1069 198 l.
1559 165 1639 205 (3¹1.ss

434 271 541 312 Satis
575 284 792 327 superque
824 284 890 313 ine
920 270 1157 327 benignitas
1189 278 1257 312 tua

490 351 664 393 Ditavit:
696 350 809 393 haud
840 364 1068 407 paravero,

430 431 555 482 Quod
588 439 658 473 aut
689 445 842 473 avarus
873 438 918 473 ut
948 431 1150 474 Chremes
1183 437 1292 472 terra
1325 443 1539 486 premam,

487 511 728 554 Discinctus
760 518 831 553 aut
861 510 1036 567 perdam
1073 524 1218 566 nepos.

295 665 345 698 :35
371 666 509 705 perdam
533 670 569 697 u!
592 675 689 706 nepos
712 666 913 708 hScd‚LCt,
940 665 1138 704 Bentleius‚
1167 666 1199 697 F.

210 807 424 839 intermediis
448 807 564 839 eidem
588 807 774 845 adiectis»,
806 807 900 848 quod

208 858 365 897 optatum
390 857 547 897 profecto
571 857 674 889 nimis
705 857 900 889 absurdum

209 906 352 943 suisset;
391 906 506 938 minus
530 907 635 938 etiam
659 906 812 947 loquitur
836 906 900 938 «de

211 953 339 987 Luculli
355 954 550 987 Tusculano
575 957 631 987 aut
657 955 700 987 de
717 955 796 987 villa
820 955 900 987 inde

209 1014 226 1035 a
253 1003 403 1036 Tusculo
427 1013 539 1045 usque
564 1004 608 1035 ad
626 1005 798 1043 Circeios,
818 1005 901 1036 Latii

209 1053 394 1093 oppidum,
447 1055 611 1085 continuo
648 1054 759 1085 tractu
792 1054 902 1094 perti-

210 1104 356 1133 nentenz
383 1110 472 1142 quae
498 1101 647 1134 aliorum
671 1103 901 1143 interpretum

208 1153 289 1182 sunt
301 1151 494 1191 opiniones.
522 1152 606 1183 Tres
631 1152 732 1192 igitur
755 1160 812 1183 res
830 1151 902 1192 pri-

211 1200 338 1231 marias
374 1200 463 1232 inter
497 1199 723 1241 locupletium
757 1208 903 1241 posses-

208 1249 326 1281 siones
355 1252 558 1288 enumerat,
595 1248 772 1282 latifundia
811 1249 899 1289 agri,

208 1306 340 1338 pascua
355 1323 360 1336 ‚
387 1297 502 1330 villam
522 1308 672 1331 amoeno
688 1299 755 1330 situ
772 1298 904 1338 magni—

208 1346 273 1378 fiee
298 1348 521 1379 exstructam.
565 1367 601 1370 —
624 1347 752 1388 tanqatJ
781 1348 904 1379 Inseri-

209 1396 279 1436 ptio
311 1405 330 1427 a
362 1397 427 1428 Fea
461 1405 502 1428 ex
532 1398 626 1428 Grut.
658 1397 739 1436 879,
770 1396 800 1428 4.
838 1395 902 1427 ad—

208 1445 336 1486 scripta
361 1444 545 1477 subditicia
571 1447 635 1478 est.

250 1494 302 1526 3⁴¹.
322 1494 374 1526 32.
408 1495 497 1526 Satis
515 1494 690 1535 superque]
716 1494 826 1535 Epod.
847 1495 899 1533 47,

210 1543 269 1574 ⁴9:
312 1544 395 1574 Dedi
422 1545 502 1575 satis
533 1553 694 1584 superque
716 1553 902 1584 poenarum

207 1591 274 1623 libi.
295 1592 345 1623 Ad
363 1594 572 1625 sententiam
587 1594 630 1625 cs.
647 1593 708 1625 Od.
724 1594 755 1632 ἱ),
772 1594 823 1632 48,
841 1594 897 1625 12ῑ

208 1650 265 1672 nec
271 1644 435 1680 potentem
447 1642 591 1673 amicum
598 1643 762 1683 Laryiora
771 1644 900 1684 Ῑῖαῃὲίο,

208 1690 297 1721 Salis
308 1690 420 1721 beatus
435 1692 540 1722 unicis
551 1692 693 1723 Sabinis.
720 1692 782 1723 Od.
798 1692 829 1731 3,
846 1692 898 1730 46,

209 1740 266 1771 38:
292 1740 359 1771 Nec
374 1741 401 1771 si
413 1741 515 1780 plura
530 1741 644 1780 velim,
662 1745 698 1772 tu
713 1742 794 1773 dare
809 1742 902 1772 clene-

208 1797 273 1828 (Jes.
295 1790 373 1828 (Sat.
394 1789 424 1827 Ξ,
444 1790 475 1828 6,
495 1790 537 1829 l.)
552 1806 586 1812 —
610 1790 713 1822 Verba
725 1791 846 1829 animi,
865 1791 903 1821 ut

209 1836 380 1869 Iuvenalis
403 1838 471 1877 ait,
493 1839 622 1878 profert
645 1839 901 1880 simplicissima

210 1890 245 1917 et
273 1886 316 1918 ad
347 1886 551 1927 pedestrem
575 1888 769 1919 orationem
793 1897 902 1928 prope

210 1935 426 1968 accedentia.
485 1937 540 1967 Sic
574 1939 712 1977 gratum
746 1938 901 1969 animum

211 1986 394 2017 verissime
430 1985 649 2017 demonstrat
684 1995 749 2017 nec
785 1987 902 2017 tamen

210 2035 253 2066 ad
289 2034 393 2066 vilem
428 2034 664 2067 adulationem
707 2035 900 2067 descendit.

211 2085 350 2121 Moneo,
378 2084 457 2124 quia
477 2083 654 2124 Gargallus
678 2084 800 2117 festive
817 2083 905 2116 sub-

212 2134 311 2165 iecit:
352 2134 470 2165 Antoni
503 2135 631 2174 (stadios
654 2135 762 2173 poluit
793 2137 904 2165 conle-

211 2192 343 2216 mncre.
370 2183 415 2213 sic
438 2183 463 2213 si
489 2183 606 2213 Omnia
633 2183 778 2214 dixisset.

254 2231 306 2262 33.
334 2231 384 2263 34.
423 2240 548 2262 avarus
566 2235 598 2262 11!
615 2232 773 2273 Chremes]
801 2232 904 2263 Vete-

214 2289 269 2311 res
288 2281 414 2311 lloratii
439 2281 649 2321 interpretes
674 2290 740 2312 non
765 2282 808 2311 (le
833 2282 904 2312 Me-

214 2328 353 2366 nandri,
381 2329 441 2360 sed
468 2329 511 2359 ‹li-
537 2330 685 2360 Terentii
716 2330 902 2360 (ilireinete

215 2378 319 2409 verim
357 2379 503 2415 luriunt,

215 2428 368 2458 Meinelw

217 2476 275 2507 l·I‹l.
297 2485 337 2516 pr
365 2503 369 2509 .

951 815 1035 839 cens
1070 807 1103 838 h.
1130 806 1150 838 l.
1177 815 1245 838 non
1282 808 1433 847 cogitare
1462 808 1642 840 Horatium

951 856 995 888 de
1032 855 1211 888 Menandri
1253 856 1452 895 Thesauro,
1500 857 1533 888 in
1572 866 1642 897 quo

952 914 1059 937 senex
1091 906 1297 937 thesaurum
1329 906 1472 946 quidem
1504 907 1536 938 in
1566 915 1642 938 mo—

952 956 1121 986 numento
1145 953 1352 994 occultarat,
1379 955 1443 986 sed
1465 964 1534 987 non
1559 965 1642 986 ava-

951 1004 1049 1035 ritiae
1067 1012 1189 1041 eausa,
1216 1013 1341 1036 verum
1357 1006 1395 1036 ut
1412 1005 1480 1036 filio
1496 1005 1642 1046 prodigo

952 1054 1149 1094 patrimonii
1166 1054 1303 1094 partem
1320 1056 1488 1085 servaret.
1515 1055 1641 1086 Contra

951 1103 985 1133 in
1030 1101 1116 1133 alia.
1142 1101 1256 1142 aliqua
1298 1103 1480 1134 Menandri
1528 1102 1642 1135 sabula

951 1147 1152 1192 δανειστὴς
1197 1151 1378 1196 Χρέμης,
1429 1149 1644 1198 πρεσβύτης

952 1198 1182 1245 φιλοκερδής
1218 1199 1378 1241 (Aleiphr.
1406 1201 1492 1242 Epp.
1518 1201 1556 1240 3,
1582 1201 1641 1240 3.),

953 1250 1095 1281 avarItia
1120 1248 1290 1290 impulsus
1315 1250 1520 1282 thesaurum
1543 1250 1644 1282 vide-

952 1300 1008 1330 tur
1031 1298 1220 1330 defodisse.
1249 1316 1285 1320 —
1310 1299 1507 1340 Discinctus]
1534 1298 1646 1331 «solu-

951 1349 1004 1385 ta.
1038 1347 1113 1379 laxa
1138 1349 1235 1379 veste
1266 1348 1450 1388 indutus»,
1483 1351 1522 1380 ut
1551 1348 1644 1381 sole-

951 1397 1037 1429 bant
1069 1397 1209 1438 prodire
1245 1398 1407 1430 homines
1441 1397 1565 1430 molles
1603 1408 1645 1430 ae

952 1446 1034 1478 luxu
1058 1446 1228 1478 dissoluti.
1261 1448 1341 1487 (Sat.
1370 1448 1406 1486 l,
1432 1448 1469 1486 ⁵2,
1495 1448 1561 1487 25.)
1589 1449 1644 1480 Sic

952 1495 1042 1527 Sulla
1067 1497 1253 1536 optimates
1276 1497 1416 1538 saepius
1443 1497 1641 1536 admonuit,

951 1546 990 1575 ut
1013 1544 1137 1576 Iulium
1162 1545 1350 1577 Caesarem
1384 1546 1471 1577 male
1489 1547 1646 1586 praecin-

952 1597 1040 1625 ctum
1089 1603 1229 1633 puerum
1276 1598 1438 1626 caverent.
1501 1596 1642 1626 Sueten.

954 1642 1014 1674 lul.
1031 1642 1082 1675 45.
1101 1661 1138 1665 —
1160 1644 1422 1684 pet-clamnepos]
1443 1643 1647 1685 Ampleetor

952 1691 1139 1723 lectionem
1176 1692 1314 1724 Codicis
1346 1694 1577 1734 antiquissimi
1606 1694 1642 1725 B.

953 1743 1040 1773 Nam
1074 1745 1111 1772 ut
1144 1742 1187 1773 al)
1224 1743 1263 1774 iis
1288 1743 1463 1774 intrusum
1486 1743 1643 1781 videtur,

953 1791 1012 1831 qui
1046 1791 1103 1822 hie
1138 1800 1304 1832 quoque,
1342 1792 1646 1832 quemadmodum

953 1840 986 1871 in
1002 1840 1194 1880 praecedd.
1217 1844 1253 1872 ut
1269 1841 1438 1880 Chremes,
1465 1850 1647 1882 eompara-

954 1890 1055 1921 tionis
1081 1889 1287 1930 particulam
1315 1891 1547 1931 requirerent.
1588 1891 1645 1922 Est

954 1939 1072 1969 autem
1107 1939 1244 1979 potius:
1286 1941 1460 1978 «perdam,
1496 1936 1647 1978 ἄσωτος

954 1981 1040 2017 ὤν.»
1065 1987 1114 2018 Ac
1131 1986 1289 2018 similiter
1304 1988 1414 2028 Epod.
1434 1989 1471 2026 ⁶2,
1490 1989 1521 2019 5.
1553 1988 1646 2019 haud

953 2036 1054 2076 pauci
1091 2035 1202 2067 codd.
1233 2046 1274 2067 ex
1309 2035 1413 2076 gloss.
1455 2036 1642 2068 exhibent:

953 2086 1065 2123 Neque
1076 2086 1245 2116 metiatur
1257 2086 1390 2117 classico
1400 2088 1437 2117 ut
1450 2086 1540 2118 vitiles
1548 2087 1643 2117 truci.

957 2151 993 2156 —
1012 2133 1121 2174 nepos}
1138 2135 1402 2166 illmlersohn.
1429 2135 1529 2166 Voss.
1561 2135 1648 2166 «ΝΕ-

929 2210 931 2215 .
954 2192 1012 2214 ros
1030 2182 1226 2215 luxuriosus
1244 2193 1262 2214 a
1280 2184 1400 2215 Tuscis
1418 2184 1565 2220 dicitur;
1591 2183 1646 2215 vel

953 2240 1102 2264 NEPOTES
1131 2234 1211 2264 sunt
1236 2231 1547 2264 luxuriosae‘vitae
1583 2233 1647 2264 lio-

956 2282 1067 2313 minos
1095 2281 1273 2322 appellati,
1315 2282 1408 2322 quod
1444 2290 1512 2312 non
1537 2282 1647 2321 magis

956 2330 1008 2361 liis
1043 2340 1099 2361 res
1135 2339 1195 2361 sua
1233 2330 1407 2362 familiaris
1439 2340 1544 2362 curae
1581 2333 1644 2364 est,

553 2378 644 2409 unde
677 2379 904 2417 corrigendus
956 2388 1060 2419 quani
1094 2380 1149 2412 iis,
1191 2379 1318 2419 quihus
1355 2381 1453 2420 pater
1487 2388 1646 2419 :nusqui-

412 2427 454 2458 εκ]
491 2427 668 2458 Menandri
706 2428 756 2458 1·'r.
789 2437 819 2467 p.
850 2429 902 2458 8⁰.
929 2445 932 2467 1
957 2428 1114 2458 tivum.»

398 2476 575 2516 ceteroqui
601 2475 829 2517 probabiliter
846 2476 906 2506 ‹lo-
929 2470 933 2506 l
957 2477 1024 2508 (Il'r.
1050 2477 1168 2509 Mulli-1·
1193 2478 1350 2509 lili-inker
1374 2479 1395 2508 l.
1424 2487 1457 2518 p.
1487 2478 1543 2508 277

1157 2429 1278 2459 Fitsrrs
1304 2428 1433 2459 Miilleri
1463 2438 1539 2468 pag.
1576 2428 1632 2458 1655
