1997 3219
342 216 421 257 40⁶2
846 216 1013 247 nolimu
1041 215 1262 249 CARMINUM

342 322 530 353 commissa
556 321 747 352 Maecenati
782 321 861 360 post
889 327 1043 360 pugnam
1066 321 1245 352 Actiacam
1270 319 1386 351 ltaliae
1418 323 1453 351 et
1475 319 1573 351 urbis
1598 321 1773 351 Romanae

342 384 443 414 cura,
481 377 577 407 initio
601 385 632 407 a.
651 376 725 407 7⁶25.
744 375 910 406 recitatae
935 375 968 405 in
993 376 1117 406 senatu
1142 375 1194 407 de·
1209 375 1360 406 Tiridate
1385 377 1420 406 et
1442 376 1590 407 Phraate
1615 374 1772 409 litterae.

342 430 506 462 Cantabri
543 440 562 462 a
598 429 729 461 Statilio
763 430 876 461 Tauro
912 429 1063 468 devicti,
1100 430 1182 462 Daci
1217 431 1253 461 et
1285 431 1473 462 Bastarnae
1504 431 1654 471 Scythae
1686 438 1705 460 a
1730 430 1772 461 M.

341 487 468 518 Crasso
487 486 602 526 fugati.
650 486 763 517 Unum
786 486 838 523 te,
866 493 936 525 quo
961 485 1077 516 minus
1094 486 1306 524 assentiare,
1332 485 1545 517 vocabulum
1563 486 1773 522 remoratur,

341 541 435 582 quod
466 543 569 582 poeta
596 539 812 573 Cantabrum
843 548 922 571 sera
947 541 1070 571 catena
1095 540 1267 572 domitum
1296 540 1389 572 dicit.
1438 541 1507 572 Sed
1532 549 1594 571 cur
1619 548 1680 571 eos
1706 549 1774 571 non

340 597 433 629 dicat
456 598 526 628 iam
549 595 684 628 dudum
719 594 886 626 debuisse
921 594 1051 635 populo
1075 596 1232 627 Romano
1267 595 1503 628 servitutem?
1543 605 1627 627 num
1661 596 1776 627 Livius

340 651 440 683 aliter
462 652 523 690 28,
550 651 633 683 ΗΛ]
678 651 770 682 Num
793 649 892 682 aliter
915 649 959 681 de
985 650 1119 682 Parthis
1143 659 1214 682 non
1238 650 1345 682 modo
1369 651 1434 683 sed
1456 651 1549 683 Indis
1573 651 1776 692 Propertius

341 707 377 746 3,
403 707 440 746 4,
474 707 515 738 5:
556 706 664 745 Sera,
697 707 752 738 sed
773 706 925 737 Ausoniis
945 705 1052 737 veniet
1069 706 1247 745 provincia
1267 706 1437 746 vi1·9is.‘?»
1498 705 1669 746 (Plerique
1694 705 1776 737 olim

341 761 544 795 referebant
566 761 610 793 ad
634 771 664 793 a.
690 770 725 792 u.
753 767 791 792 cs
809 760 897 800 734.)

428 819 533 850 Recte
558 817 676 848 Hoeek
700 816 721 848 1.
747 816 769 848 l.
788 827 794 847 t
834 818 1010 849 Maecenas
1030 826 1106 848 war
1128 817 1324 858 keinesweqs
1347 817 1510 858 offentlich
1532 817 1689 848 bestellter
1710 817 1778 847 und

342 873 565 905 (merkannter
592 873 816 912 Stadtprdfect
842 890 877 895 -
902 873 964 904 mit
988 872 1125 904 Unreclzt
1155 873 1212 903 hat
1237 881 1317 904 man
1349 873 1431 904 diess
1454 881 1516 903 aus
1538 871 1624 903 Veil.
1652 873 1671 903 2
1687 897 1694 910 ,
1720 871 1775 903 88.

340 929 554 970 geschlossen,
590 929 675 960 denn
708 928 791 960 diese
824 928 1048 969 Maqistratur
1080 928 1196 958 wurde
1228 931 1294 959 erst
1315 930 1426 967 spa'ter
1449 928 1623 968 eifnqesetzt
1649 944 1684 949 —
1708 927 1777 958 und

341 985 418 1016 eben
441 993 474 1015 so
497 985 606 1025 wamy
626 985 724 1026 floss,
759 992 832 1015 was
854 983 1005 1025 Agrippa
1029 983 1120 1022 that,
1157 992 1218 1014 aus
1249 983 1307 1015 der
1328 982 1520 1023 Machtfulle
1548 983 1665 1023 irqend
1693 983 1778 1014 eines

342 1040 544 1080 offentlichen
566 1040 683 1071 Amtes,
