1997 3219
716 213 792 243 LlB.
820 213 874 243 Ill.
923 212 959 243 C.
986 212 1039 242 IV.

1571 208 1651 248 363

503 314 661 370 Pingue
694 321 837 356 tenent
869 313 1035 355 humilis
1067 313 1255 356 Forenti.

388 407 436 449 [t
467 414 554 448 tuto
587 407 639 448 ab
671 407 771 448 atris
803 420 984 462 corpore
1015 406 1175 461 viperis

392 487 626 529 Dormircm
657 494 699 529 ct
727 487 858 531 ursis,
892 493 936 527 ut
966 499 1186 542 premerer
1216 498 1337 527 sacra

444 568 669 622 Lauroque
700 566 938 622 collataque
971 572 1130 623 myrto,

500 648 591 689 Non
622 647 713 689 sine
745 646 810 689 dis
842 647 1060 689 animosus
1095 646 1240 688 infans.

1602 646 1655 686 ΞΟ

390 753 558 797 Vester.
592 753 820 798 Camenae,
854 759 996 794 vester
1027 752 1068 792 in
1099 751 1257 793 arduos

390 832 529 875 Tollor
560 832 759 881 Sabinos,
793 846 870 875 seu
900 830 1001 873 mihi
1032 830 1228 887 frigidum

447 914 676 955 Praeneste
709 926 787 954 seu
818 911 946 954 Tibur
976 912 1176 967 supinum

502 994 586 1036 Seu
620 992 808 1049 liquidae
838 991 1042 1048 placuere
1074 991 1215 1033 Baiae.

313 1125 359 1156 16.
386 1125 537 1156 Forrenti
560 1124 603 1161 B,
634 1123 764 1154 Ferenti
788 1123 848 1159 Sc,
875 1123 959 1154 item
982 1131 1035 1163 pr.
1063 1123 1087 1153 T
1113 1123 1148 1153 ct
1172 1131 1263 1153 corr.
1292 1121 1325 1153 b.

1378 1123 1466 1154 Tum
1490 1123 1558 1155 LCt
1582 1130 1616 1155 et

267 1173 374 1205 Bentl.
404 1174 454 1213 (ct
477 1182 558 1211 nos,
585 1173 633 1213 d.)
661 1191 695 1195 —
723 1172 784 1202 Vv.
812 1172 952 1203 217—20.
979 1172 1013 1202 in
1036 1172 1061 1202 B
1087 1171 1225 1202 desunt.

223 1290 333 1321 tribus
365 1290 418 1321 liis
448 1289 592 1330 Apuliae
624 1288 777 1329 oppidis,
813 1288 915 1319 Ache-

223 1340 352 1377 runtia,
378 1339 481 1370 hodic
505 1339 687 1376 Aeerenza,
712 1338 851 1374 Bantia,
878 1337 912 1367 h.

224 1389 331 1420 Banzi
365 1397 393 1420 s.
436 1388 553 1425 l'anzi,
595 1388 750 1425 Forento,
792 1386 912 1423 hodie,

223 1441 261 1469 ut
284 1437 440 1475 videtur,
467 1437 566 1468 vicus
583 1436 696 1467 dictus
715 1436 724 1466 i
741 1436 916 1468 Castellani

223 1487 296 1519 sire
311 1487 320 1516 i
334 1486 479 1523 Castelli,
499 1486 562 1516 tria
578 1484 634 1516 vel
652 1486 817 1524 quattuor
832 1483 914 1515 mill.

224 1544 315 1577 pass.
353 1534 396 1566 ab
432 1534 601 1565 hodierna
640 1534 809 1572 Forenza,
851 1533 914 1565 cfr.

225 1583 414 1616 Romanelli
446 1584 643 1623 Topoqrafia
674 1583 724 1614 del
753 1592 854 1623 reqno
885 1583 919 1614 di

223 1633 344 1673 Napoli
375 1634 414 1664 11.
448 1641 526 1673 pag.
557 1631 631 1663 ⁶234.
664 1633 698 1663 et
731 1631 917 1663 Lonibardi

223 1682 388 1714 Antichita
411 1683 444 1713 di
467 1682 651 1713 Basilicam
675 1682 709 1712 in
728 1682 826 1713 Mem.
847 1681 917 1712 dellv

224 1734 300 1764 lnst.
332 1732 365 1762 di
393 1740 536 1771 cot-resp.
568 1731 710 1762 archeol.
742 1731 834 1762 Fasc.
862 1731 916 1761 111.

224 1791 258 1823 p.
277 1782 352 1812 ⁶240.
379 1782 529 1821 Uterque
547 1782 666 1811 autem
683 1780 832 1821 scriptor
848 1788 922 1811 ser-

224 1833 284 1862 vat
310 1831 520 1870 scripturam
548 1831 738 1866 Ferentum;
772 1838 813 1861 ac
835 1838 919 1861 sane

225 1879 319 1920 apud
332 1879 524 1910 Diodorum
538 1879 589 1917 49,
610 1879 661 1910 65.
678 1880 733 1910 est
745 1879 917 1924 Φερέντη.

227 1930 296 1960 Nos
320 1928 398 1959 cod.
425 1929 607 1968 antiquiss.
634 1929 670 1960 B.
691 1930 726 1960 et
741 1929 846 1960 Feam
863 1938 922 1961 se-

227 1978 296 2008 cuti
321 1986 455 2009 sumus.

273 2027 323 2058 47.
349 2028 385 2057 ΙΙ(
403 2036 471 2058 non
491 2028 545 2057 est
562 2025 680 2064 finale,
700 2026 763 2057 sed
781 2027 925 2058 coniun-

228 2075 382 2116 gendum
406 2084 487 2106 cuni
510 2084 566 2105 vv.
585 2076 707 2106 mirum
724 2076 809 2114 quod
823 2076 923 2115 foret.

228 2126 283 2156 Sic
301 2125 405 2155 Tacit.
427 2125 510 2156 llist.
531 2125 543 2154 4
563 2149 569 2162 ,
595 2124 655 2155 79:
681 2125 805 2155 Mirum
822 2125 922 2163 dictu,

230 2178 263 2205 u!
285 2174 325 2204 sil
342 2174 446 2204 onmis
462 2174 699 2204 Sarmatarum
719 2174 825 2204 virtus
839 2174 925 2205 velut

230 2227 325 2254 arira
345 2224 439 2263 ipsos.
460 2222 544 2254 Plin.
564 2223 651 2263 Epp.
672 2223 684 2253 4
703 2248 710 2261 ,
737 2223 774 2254 6:
801 2224 926 2254 Mirum

230 2278 291 2310 est,
328 2276 363 2303 ut
394 2273 526 2303 animus
556 2273 738 2312 aquatione
772 2276 930 2312 motuque,

230 2323 378 2362 corporis
400 2322 571 2353 excitetur.
594 2339 630 2343 —
648 2321 742 2362 atris]
767 2330 926 2354 veneno-

231 2373 278 2402 sis
324 2373 545 2410 mortemque
586 2371 840 2409 minitantibus,
889 2373 926 2403 ut

234 2421 323 2460 Virg.
350 2421 409 2451 Ge.
440 2420 472 2457 4,
502 2420 512 2450 4
524 2419 578 2450 29:
610 2419 666 2450 Ille
688 2419 814 2451 malum
835 2420 928 2451 virus

231 2469 433 2508 serpenlibus
455 2468 582 2498 addidit
606 2468 699 2498 atris.

278 2518 329 2548 48.
356 2517 451 2557 ursis]
477 2516 573 2547 ovid.
599 2516 744 2548 llalieut.
763 2518 823 2548 57:
851 2517 928 2548 Foe-

231 2568 292 2597 dus
315 2567 456 2597 Luc-anis
475 2565 682 2604 provolvitur
698 2573 795 2596 ursus
811 2566 852 2597 ab
869 2575 929 2597 an-

233 2617 303 2646 tris.
332 2632 366 2637 —
396 2620 429 2646 ul
449 2615 627 2656 premerer]
655 2617 767 2646 «totus
789 2617 928 2654 tegerer

234 2668 399 2704 congesta
426 2664 521 2696 lauro
547 2664 704 2705 Apollini,
733 2667 847 2704 myrto
866 2665 929 2695 Vc—

236 2715 309 2745 ncri
334 2724 469 2746 sacram

965 1283 1066 1318 θεῶν
1088 1282 1196 1331 ἄτερ,
1229 1282 1300 1318 οὐκ
1323 1283 1442 1318 ἀθεεὶ.
1470 1288 1595 1328 Odyss.
1623 1298 1659 1323 σ,

966 1336 1040 1367 353.
1069 1335 1173 1376 (Iliad.
1193 1345 1227 1374 ε,
1254 1336 1333 1367 485ῑ
1361 1332 1432 1374 οὐχ
1451 1331 1506 1379 ὅγ’
1523 1334 1662 1369 ἄνευθε

965 1383 1057 1417 θεοῦ
1076 1383 1163 1416 τάδε
1178 1386 1363 1426 μαίνεται.
1390 1386 1510 1425 HALM.)
1537 1403 1571 1408 —
1591 1387 1663 1418 ani-

965 1436 1083 1477 mosus]
1111 1435 1190 1467 «Dis
1211 1444 1267 1466 me
1286 1435 1462 1467 tuentibus
1480 1436 1664 1476 imperter—

968 1485 1053 1516 ritus
1074 1493 1198 1516 somno
1219 1484 1404 1525 tranquillo
1428 1485 1662 1525 gaudebam.»

1010 1535 1063 1565 Ἣ.
1093 1535 1209 1576 is'ester]
1238 1536 1294 1566 «In
1318 1536 1437 1566 vestra
1462 1536 1663 1567 etiamnunc

968 1592 1047 1615 sum
1072 1583 1194 1622 tutela,
1222 1593 1329 1624 quam
1345 1585 1415 1615 iam
1431 1584 1543 1616 infans
1561 1586 1665 1616 mira—

969 1632 1047 1664 culo
1073 1632 1128 1664 illo
1153 1634 1315 1665 servatus
1340 1635 1505 1674 expertus
1531 1642 1662 1665 eram.»

1012 1682 1064 1713 22.
1092 1682 1144 1713 23.
1174 1682 1289 1723 Tollor]
1318 1683 1477 1713 «montes
1503 1682 1578 1713 illos
1601 1682 1665 1713 ad-

970 1731 1138 1762 scendo.»
1167 1731 1264 1762 Ovid.
1287 1732 1366 1763 Met.
1387 1732 1423 1769 7,
1450 1732 1531 1762 779:
1570 1731 1667 1763 Collis

970 1788 1058 1819 ape-1>
1088 1780 1186 1810 medii
1213 1780 1362 1811 subiectis
1391 1780 1537 1811 *imminet
1554 1781 1664 1811 arvis:

973 1829 1079 1860 Tollor
1106 1838 1152 1861 eo.
1186 1846 1221 1851 —
1253 1829 1435 1870 Praeneste]
1468 1829 1572 1861 hodie
1600 1831 1666 1861 Pa—

970 1879 1125 1917 lesirina,
1165 1879 1247 1909 Latii
1279 1878 1469 1918 oppidum,
1508 1879 1541 1910 in
1566 1880 1666 1910 cuius

971 1926 1068 1959 villas
1085 1928 1219 1959 aestate
1237 1927 1409 1959 secedere
1428 1926 1591 1959 solebant
1603 1928 1668 1959 Ro-

972 1977 1077 2014 mani,
1097 1976 1234 2017 frigoris
1252 1976 1413 2017 captandi
1431 1977 1550 2016 gratia.
1570 1977 1663 2016 Virg.

972 2027 1059 2057 Aen.
1086 2026 1122 2063 7,
1156 2026 1235 2057 682:
1276 2026 1380 2056 altum
1409 2026 1592 2056 Praeneste.
1630 2043 1664 2047 —

972 2074 1135 2114 supinum]
1166 2075 1198 2105 in
1224 2073 1350 2104 declivi
1374 2073 1471 2105 collis
1496 2076 1594 2114 parte
1619 2074 1667 2104 si-

975 2125 1060 2155 tum.
1096 2123 1164 2154 Cir.
1192 2122 1305 2153 Strab.
1332 2123 1368 2160 5,
1403 2131 1437 2163 p.
1463 2123 1536 2154 238.
1585 2123 1667 2154 Imi—

976 2175 1066 2204 tatus
1091 2175 1145 2204 cst
1168 2173 1200 2204 in
1226 2171 1416 2211 ἐπιθέτοις
1439 2171 1611 2203 luvenalis
1633 2171 1664 2209 3,

977 2222 1054 2253 490:
1080 2222 1188 2261 gelida
1210 2222 1392 2252 Praeneste.
1411 2230 1444 2251 v.
1466 2222 1477 2252 4
1487 2221 1546 2252 92ε
1568 2221 1668 2260 proni

977 2271 1102 2302 Tiburis
1124 2279 1212 2302 arce.
1239 2269 1402 2301 Similiter
1414 2271 1594 2310 pendulam
1609 2270 1669 2301 Se—

974 2321 1056 2352 tiam
1087 2320 1172 2351 dixit
1204 2319 1366 2352 Martialis
1391 2319 1429 2358 4,
1463 2319 1520 2356 64,
1555 2319 1606 2350 33.
1634 2321 1669 2350 ct

977 2371 1028 2408 43,
1045 2371 1117 2407 442,
1139 2369 1254 2401 terr.
1273 2369 1439 2400 etiamad
1457 2369 1518 2400 Od.
1539 2370 1566 2407 2,
1585 2370 1615 2407 6,
1636 2370 1666 2400 ὅ

1019 2418 1072 2451 24.
1099 2418 1379 2459 liquidae-Baiae]
1407 2413 1493 2450 «Aut
1520 2419 1552 2449 in
1569 2419 1669 2458 aquis

977 2469 1198 2506 constitutae,
1225 2470 1284 2499 aut
1300 2467 1500 2505 deliciosae,
1520 2469 1592 2498 sixe
1610 2471 1670 2497 ae-

978 2518 1024 2549 ris
1048 2518 1161 2558 puri.»
1201 2519 1320 2549 Senot.
1349 2519 1450 2553 (Iuro.
1491 2518 1667 2547 Postrema

978 2567 1217 2607 interpretatio
1262 2568 1425 2607 praestat.
1473 2566 1579 2596 Voss:
1621 2565 1671 2596 die

977 2616 1087 2648 Ileilre
1120 2626 1175 2647 um
1211 2617 1325 2647 Baiae.
1364 2616 1438 2654 (das
1475 2615 1670 2645 lichtst-him-

976 2666 1111 2696 mernde
1143 2667 1246 2696 Baiae
1279 2664 1422 2702 Platon.)
1461 2664 1600 2694 Curtius
1632 2666 1666 2695 8.

979 2713 1037 2746 47:
1092 2715 1265 2754 liquidiore
1302 2714 1372 2744 tuce
1409 2713 1575 2752 aperiente
1611 2713 1669 2742 ho—

278 2764 330 2794 ΞΟ.
365 2764 436 2795 Non
469 2764 535 2794 sinc
567 2763 632 2802 ciis]
667 2766 701 2794 ut
734 2764 853 2795 Gracci
882 2760 927 2795 oi·
977 2768 1067 2795 stem.
1089 2765 1299 2804 Campaniae
1314 2765 1386 2794 crat
1405 2761 1573 2803 oppidum
1593 2771 1672 2802 prn-
