1997 3219
294 125 374 164 ‹ii-0

937 129 1102 161 HORATll

518 233 660 286 Augur
690 237 730 271 et
760 230 943 286 fulgente
976 232 1169 274 decorus
1193 247 1292 276 arcu

521 310 715 352 Phoebus
747 319 1035 368 acceptusque
1067 326 1220 355 novem
1252 314 1469 358 Camenis,

517 392 596 441 Qui
629 390 800 433 salutari
833 391 944 434 levat
975 400 1064 435 arte
1097 394 1231 435 fessos

628 471 829 527 Corporis
861 479 976 524 artus
995 507 1001 521 ‚

518 575 559 617 Si
591 575 800 618 Palatinas
831 577 947 619 videt
977 591 1142 633 aequus
1174 592 1319 627 arces,

1675 583 1726 621 ‹55¹›

514 658 703 713 Remque
735 658 966 700 Romanam
996 658 1247 715 Latiumque
1280 659 1375 702 felix

514 736 699 779 Alterum
731 738 771 777 in
802 737 980 780 lustrum
1010 738 1250 795 meliusque
1281 754 1452 796 semper

375 881 426 911 155.
455 888 547 911 arces
584 879 673 918 Bbc,
710 879 856 911 Bentleii
891 890 931 912 ac
964 883 1116 914 Pottierii
1140 882 1321 924 plerique,
1361 884 1399 914 Lt
1423 885 1457 914 et
1482 883 1681 916 Bentleius:

331 938 412 960 aras
434 930 468 960 in
493 938 511 960 c
536 938 713 969 supcrscr.
733 955 738 968 ,

764 928 818 968 ιλ,
844 929 1022 963 vai-..lect.
1049 930 1126 971 βω,
1152 933 1240 963 Pott.
1268 932 1305 970 7,
1332 932 1370 969 9,
1398 933 1493 964 CFM.
1524 934 1603 973 (Nos
1627 943 1686 965 se—

333 980 434 1010 cutus
460 980 513 1009 est
536 979 578 1018 J.)
620 996 655 1000 ——
697 980 864 1011 Ceterum
888 979 998 1011 Bentl.
1026 982 1061 1012 ct
1084 981 1150 1012 Fea
1175 980 1413 1020 distinguunt:
1441 981 1490 1021 (St
1512 982 1684 1013 Palatinas

332 1046 349 1051 -
366 1046 383 1050 -
402 1028 608 1068 Latiamque)
635 1029 716 1068 felice
741 1029 887 1061 Alterum
904 1032 971 1061 cet.
994 1047 1028 1052 —
1055 1029 1107 1060 66.
1132 1029 1213 1069 felia:
1237 1030 1351 1062 adscr.
1380 1029 1453 1061 «vel
1478 1030 1619 1062 lactum»
1645 1033 1681 1063 B.

331 1158 366 1189 64
388 1158 475 1190 434..
513 1157 617 1195 Vide,
655 1167 724 1198 quo
759 1158 874 1191 studio
913 1159 981 1190 iam

287 1207 427 1237 tertium
464 1207 497 1237 in
519 1205 695 1247 Apolline,
740 1208 903 1248 Augusti,
944 1209 983 1239 ut

287 1256 333 1287 ita
357 1256 489 1295 dicam,
527 1255 736 1296 exemplari,
773 1257 983 1297 praedican-

286 1305 331 1336 do
368 1306 577 1336 immoretur
604 1307 719 1346 poeta.
759 1307 814 1337 «In
846 1306 981 1347 prooclo

287 1355 416 1386 chorus
455 1355 598 1386 cecinit:
651 1356 737 1386 Date
777 1364 867 1395 quae
902 1365 983 1397 pre—

286 1412 420 1443 camur,
447 1404 590 1435 Phoebe
617 1406 651 1435 et
682 1405 801 1436 Diana.
850 1406 887 1436 In
909 1415 983 1437 me-

284 1453 372 1485 sodo
405 1453 555 1485 eandem
583 1454 794 1485 sententiam
826 1455 979 1486 iteravit:

284 1502 409 1534 Audite
442 1504 578 1534 nostras
614 1512 756 1543 preces,
793 1503 914 1544 Apollo
947 1505 982 1535 et

286 1552 392 1583 Luna.
418 1552 576 1591 Denique
594 1553 627 1583 in
645 1552 759 1593 epodo
776 1553 841 1584 Str.
862 1553 977 1584 46-49.

285 1601 471 1632 universus
497 1601 626 1632 chorus
655 1601 745 1632 hanc
769 1603 980 1634 sententIam

285 1650 329 1680 ita
364 1650 511 1690 repetit,
552 1651 590 1681 ut
624 1659 695 1682 non
733 1651 803 1682 iam
838 1652 980 1682 numina

285 1699 359 1739 ipsa
385 1698 598 1739 alloquatur,
636 1699 699 1730 sed
724 1699 769 1730 ad
791 1699 977 1740 populum,

284 1748 319 1779 ni
340 1747 449 1786 fallor,
476 1756 684 1786 conversus,
711 1749 811 1779 tertia
828 1757 979 1789 persona

285 1796 391 1828 dicat:
419 1796 582 1828 Phoebus
600 1798 634 1828 et
649 1797 757 1829 Diana
778 1806 859 1829 cum
872 1797 980 1829 XVvi-

283 1854 405 1877 rorum
428 1846 503 1885 pias
526 1854 664 1886 preces,
692 1855 779 1887 quas
803 1845 849 1877 illi
872 1846 906 1878 in
926 1855 981 1878 sa—

284 1895 474 1926 crificando
498 1903 562 1935 pro
580 1895 717 1935 imperii
740 1894 978 1927 incolumitate

283 1945 518 1984 susceperunt
545 1944 713 1983 (Zosimus
731 1945 768 1983 2,
796 1945 875 1985 45),
904 1946 978 1977 tum

285 1994 401 2024 nostra
434 2001 523 2032 quae
557 1992 662 2023 modo
698 1994 978 2034 nuncupavimus

282 2044 360 2073 vota
378 2041 528 2081 benigne
547 2043 682 2073 curent.
702 2044 885 2074 Postremo
903 2052 979 2074 cer-

284 2093 355 2122 tam
379 2090 477 2121 chori
502 2099 602 2131 spem
628 2091 663 2122 id
687 2091 760 2123 sore
779 2092 975 2132 exprimit.»

283 2142 434 2171 Srizixisni
463 2158 499 2162 —
528 2140 654 2180 Augur]
680 2141 756 2172 Vid.
784 2141 829 2172 ad
854 2141 916 2172 Od.
945 2142 974 2179 i,

282 2189 319 2227 2,
347 2188 398 2219 32.
439 2207 473 2212 —-
510 2189 667 2230 fulgente]
706 2188 828 2231 Apollo
866 2190 977 2230 poetis

282 2238 388 2270 modo
404 2236 660 2283 χρυσότοξος,
685 2239 792 2271 modo
813 2236 977 2285 ἀργυρό-

282 2285 410 2328 τοξος,
448 2290 486 2319 ut
519 2288 553 2320 ll.
580 2299 623 2327 α,
656 2288 709 2320 37.
747 2307 782 2311 -
812 2289 975 2330 acceptus]

282 2338 398 2377 Eur-ip.
426 2338 516 2369 Med.
536 2337 615 2369 4⁶26:
643 2336 795 2377 Φοῖβος,
821 2335 976 2384 ἁγήτωρ

281 2385 436 2427 μελέων.
475 2387 579 2427 Orph.
611 2388 738 2427 Hymn.
769 2387 826 2426 34,
859 2388 888 2419 6.
924 2390 977 2420 est

282 2436 542 2478 Μουσαγέτης,
568 2438 606 2468 ut
629 2435 710 2468 alibi
734 2436 915 2469 Hercules.
938 2456 972 2460 —-

282 2485 367 2517 levat
383 2503 400 2508 -
415 2486 514 2525 fessos
530 2503 547 2508 -
564 2487 676 2525 artus]
706 2486 890 2518 «medetur
914 2496 975 2518 ae-

283 2534 390 2573 gris»,
417 2536 453 2565 ut
479 2534 600 2566 Celsus
626 2535 658 2567 4.
677 2535 807 2566 praefi:
833 2536 975 2567 levatum

282 2583 390 2624 mayis
404 2592 516 2615 eorum
530 2584 681 2615 morbum
697 2593 773 2616 esse.
804 2584 925 2616 Tibull.
942 2585 972 2623 si,

283 2631 323 2668 i,
352 2633 403 2663 110.
442 2633 485 2663 ad
510 2632 719 2674 Apollinem:
762 2633 881 2664 Sancte
902 2634 975 2665 veni

283 2684 449 2719 levamque
479 2682 568 2721 liv-as
608 2684 792 2721 quicunque
828 2691 972 2721 sapore&

1035 1159 1225 1198 Quicunque
1257 1161 1286 1190 et
1315 1162 1432 1190 cantas
1465 1168 1610 1199 corpora
1642 1162 1726 1201 fessa

1033 1208 1152 1239 levant.
1183 1207 1373 1248 Utrobique
1403 1218 1436 1240 v.
1465 1209 1567 1249 sessus
1596 1210 1728 1250 signifi-

1034 1258 1090 1288 cat
1122 1256 1324 1297 languidum
1348 1265 1390 1288 ex
1415 1257 1552 1289 inorbo.

1075 1307 1192 1338 65-67.
1218 1306 1254 1337 Si
1269 1306 1438 1337 Palatinas
1453 1325 1471 1330 —
1485 1323 1503 1328 -
1518 1308 1620 1349 arces]
1639 1310 1727 1340 «Has

1033 1356 1145 1396 ipsas,
1172 1354 1232 1386 ubi
1257 1356 1359 1386 cantu
1381 1364 1463 1387 eum
1480 1365 1725 1389 veneramur.»

1034 1404 1130 1445 (Vide
1148 1405 1274 1437 Zosimi
1292 1403 1433 1444 locum.)
1482 1406 1535 1436 «Si
1556 1407 1726 1447 propitius

1031 1455 1190 1494 respicit,
1209 1455 1245 1484 ut
1263 1462 1300 1484 re
1317 1463 1402 1485 vera
1419 1456 1579 1495 respicit,
1599 1456 1727 1488 aedem

1031 1512 1133 1536 suam
1157 1504 1191 1535 in
1215 1505 1333 1535 monte
1358 1503 1512 1536 Palatino
1537 1505 1581 1536 ab
1606 1507 1725 1546 Augu-

1031 1554 1086 1584 sto
1117 1554 1197 1584 ante
1228 1553 1295 1584 hoc
1327 1553 1538 1586 decennium
1562 1556 1724 1595 magnifi-

1031 1603 1233 1634 centissime
1259 1604 1507 1634 exstructam.»
1543 1604 1634 1643 Virg.
1663 1605 1722 1635 Ge.
1756 1608 1757 1611 ’

1029 1652 1068 1689 2,
1093 1651 1175 1682 535:
1202 1651 1331 1691 (Roma)
1357 1652 1548 1691 Septemqae
1570 1662 1639 1684 vuna
1666 1654 1726 1684 sibi

1028 1709 1125 1731 maro
1148 1700 1360 1731 circumdedit
1383 1710 1492 1738 arces,
1531 1703 1565 1733 et
1588 1702 1632 1733 dc
1650 1703 1725 1743 ipso

1030 1747 1158 1780 Palatio
1183 1748 1280 1780 Ovid.
1300 1750 1400 1781 Trist..
1422 1751 1455 1789 4,
1484 1751 1520 1788 11,
1547 1751 1606 1782 69:
1643 1752 1726 1783 For—

1029 1798 1116 1829 sitan
1139 1801 1319 1837 eacspeetes,
1355 1808 1400 1830 an
1430 1800 1465 1830 in
1495 1799 1566 1831 alta
1595 1801 1726 1832 Palatia

1028 1847 1164 1878 missam
1194 1847 1360 1878 Scandere
1390 1850 1420 1878 te
1450 1846 1580 1878 iubeam
1604 1849 1725 1880 Caesa-

1028 1904 1186 1935 reamque
1209 1896 1360 1935 domum,
1398 1896 1590 1937 (Iynoscant
1613 1906 1723 1938 auqu-

1027 1949 1081 1977 sta
1103 1946 1182 1977 mihi
1206 1945 1279 1977 loca
1303 1946 1399 1985 dique
1422 1946 1606 1988 locor1‹m.·)
1636 1948 1725 1978 Venit

1028 1995 1062 2026 in
1085 1995 1144 2026 hoc
1166 1994 1226 2026 illa
1253 1994 1377 2035 fulmen
1401 1995 1441 2025 ab
1475 2004 1577 2027 arce
1610 1999 1721 2035 caput.

1029 2043 1205 2075 consolat.
1243 2044 1286 2075 ad
1323 2044 1452 2075 Liviam
1488 2045 1540 2076 61.
1574 2045 1617 2076 de
1652 2048 1723 2077 Au-

1029 2094 1146 2131 gusto:
1180 2093 1236 2124 Ille
1260 2093 1356 2133 vigil,
1381 2102 1511 2124 summa
1536 2102 1630 2125 sacer
1657 2095 1724 2134 ipse

1027 2142 1152 2173 locatus
1187 2142 1219 2173 in
1243 2151 1370 2181 arce,
1406 2143 1466 2173 Bes
1492 2143 1659 2174 hominum
1681 2152 1724 2174 ea)

1027 2194 1095 2223 tuto
1111 2200 1244 2223 cernere
1255 2192 1373 2232 dianus
1385 2195 1466 2223 crab.
1489 2191 1605 2223 Altera
1620 2191 1720 2224 lectio

1028 2250 1109 2272 aras
1145 2241 1248 2273 nimis
1287 2242 1400 2273 tenuis
1438 2241 1577 2273 videtur
1612 2243 1646 2273 et
1681 2251 1722 2273 ex

1028 2291 1241 2329 ignoratione
1277 2292 1537 2331 significationis
1571 2301 1604 2322 v.
1631 2300 1723 2324 arces

1027 2339 1112 2371 orla.
1142 2358 1177 2362 —-
1205 2341 1344 2380 Itemque
1360 2342 1543 2372 Romanam
1567 2341 1722 2372 Latium-

1027 2398 1088 2428 que
1099 2407 1117 2412 -
1128 2391 1296 2431 Proroqet]
1315 2391 1450 2422 Memor
1466 2390 1571 2421 fuisse
1585 2390 1723 2421 videtur

1027 2438 1189 2469 versiculi
1224 2439 1369 2470 Enniani
1403 2440 1491 2470 Ann.
1528 2440 1562 2470 4:
1599 2439 1722 2470 Audire

1027 2491 1071 2518 esc
1095 2496 1215 2527 operae
1242 2489 1403 2527 prelium,
1437 2489 1615 2527 procedere
1636 2492 1722 2520 recte

1027 2537 1090 2576 Qui
1124 2545 1193 2568 rem
1216 2538 1401 2568 Romanam
1431 2538 1627 2577 Latiumque
1655 2546 1721 2569 au·
1758 2542 1760 2544 ’

1025 2594 1152 2626 yescerc
1174 2586 1279 2619 voltis.
1300 2605 1336 2609 —
1355 2587 1394 2618 V.
1412 2587 1495 2626 felia:
1517 2587 1619 2627 iunge
1637 2594 1718 2618 cum

1027 2643 1059 2666 ν.
1086 2635 1237 2673 lustrum,
1265 2644 1307 2667 ne
1326 2637 1446 2667 careat
1461 2634 1631 2677 ἐπιθέτῳ.
1659 2635 1721 2665 Lu-

1025 2687 1129 2715 strum
1168 2686 1304 2723 autem,
1346 2686 1509 2716 Romanis
1547 2682 1718 2729 περίοδος
