1997 3219
301 127 352 163 :553
362 126 380 166 ¹1.
803 129 968 160 ltotmTll
998 129 1219 162 CARMtNUM

723 276 1202 314 Excunsus
1258 279 1289 312 Ι.

851 371 899 400 An
923 378 978 400 vv.
1007 369 1144 401 ιΙἻ--ἳάι,

389 466 576 498 «Vindelici
593 465 793 498 incolebant
809 468 898 498 inter
914 467 1128 506 Danubium,
1148 469 1282 499 Aenum
1301 470 1335 500 et
1357 468 1471 500 lacum
1488 470 1736 509 Brigantinum:

300 522 395 553 Raeti
426 522 505 553 inde
530 532 549 553 a
573 522 761 554 Vindelicis
790 521 976 554 meridiem
1008 532 1131 555 versus
1162 532 1275 564 usque
1306 524 1349 555 ad
1381 524 1511 556 ltaliam
1540 534 1644 565 supra
1672 527 1738 555 (Io-

299 586 397 609 mum
422 581 453 609 et
483 579 656 610 Veronam
681 578 918 619 pertinebant,
945 579 1025 610 hinc
1043 579 1162 610 Rheno
1180 581 1214 610 et
1230 580 1363 618 Ticino,
1390 579 1479 611 illine
1496 579 1607 619 Plavi,
1628 580 1739 610 tluxiis

300 635 484 665 terminati.
533 634 755 674 Attingebant
787 634 923 674 utrique
955 633 998 665 ab
1029 644 1157 666 occasu
1183 634 1374 673 llelxetios,
1413 635 1456 666 ab
1482 637 1559 666 ortu
1584 635 1736 666 Noricos.

300 690 394 720 Raeti
425 691 530 721 etiam
561 690 704 721 Carnos.
755 690 896 721 Constat
929 690 971 720 de
997 699 1038 721 eo
1063 690 1130 721 situ
1155 700 1173 722 e
1199 690 1311 722 Strab.
1339 690 1368 722 Ji.
1396 700 1474 731 pag.
1501 691 1575 722 206.
1603 691 1632 721 7.
1660 700 1736 730 pag.

299 746 373 776 ⁹292.
399 744 483 776 Plin.
511 745 546 783 3,
572 746 624 776 20.
675 746 780 776 Erant
808 746 928 776 autem
957 745 1075 786 populi
1106 754 1187 777 cum
1218 747 1514 784 numerosissimi,
1553 748 1626 777 tum
1657 745 1740 777 locis

300 801 535 838 munitissimi,
563 799 608 831 ob
633 799 737 840 Alpes
762 799 911 838 seilicet,
940 801 972 831 in
997 801 1108 841 iisque
1126 800 1266 832 castella
1285 802 1396 842 posita
1417 801 1487 838 <Oti
1509 801 1543 834 4.
1574 801 1630 839 tt,
1660 802 1737 840 12).

300 855 452 896 denique
488 855 680 894 forfissimi,
718 854 993 894 bellicosissimi,
1031 857 1236 888 saevissimi.
1288 856 1407 888 Vellei.
1436 857 1470 895 2,
1509 856 1738 893 95.Flo1·.4‚

301 912 359 949 12,
392 911 422 943 4.
450 910 498 942 11Ιί
529 912 649 951 igitur,
682 911 761 942 inde
793 910 837 942 ab
863 910 978 951 aliquo
1003 913 1162 952 tempore
1188 908 1339 943 vicinam
1364 911 1506 944 Galliam
1531 911 1741 953 Cisalpinam

299 965 472 1007 populati,
510 967 616 998 etiam
645 967 678 997 in
708 965 840 997 ltaliam
871 958 1015 998 crebras
1045 967 1262 999 incursiones
1294 968 1449 999 fecerant
1480 977 1595 1008 neque
1628 967 1740 999 solum

300 1021 445 1053 multam
476 1021 556 1053 inde
586 1022 756 1062 praedam
787 1024 948 1061 egerant,
986 1022 1049 1053 sed
1081 1023 1185 1053 etiam
1210 1031 1336 1063 magna
1362 1024 1394 1054 in
1419 1024 1573 1064 captivos
1598 1024 1740 1055 saexiiia

301 1079 398 1109 erant
435 1078 498 1108 usi.
539 1078 652 1115 Quare
688 1078 864 1117 Augustus
900 1086 930 1108 a.
961 1086 994 1108 u.
1027 1086 1056 1108 c.
1089 1078 1162 1109 739.
1193 1079 1345 1119 primum
1378 1080 1531 1110 Drusum
1565 1080 1740 1110 Neronem

301 1133 394 1172 (tunc
419 1133 660 1173 quaestorem)
698 1134 816 1164 eontra
851 1141 911 1164 eos
936 1142 1018 1164 eum
1048 1134 1203 1164 exercitu
1227 1134 1338 1171 misit,
1377 1135 1434 1174 qui
1470 1135 1514 1165 ad
1538 1133 1642 1174 Alpes
1666 1134 1741 1165 Tri-

299 1189 459 1220 dentinas
493 1188 633 1219 obviam
668 1188 734 1220 sibi
768 1189 878 1220 factos
912 1189 1040 1228 ingenti
1074 1188 1206 1229 proelio
1253 1190 1350 1228 vicit,
1395 1190 1541 1229 eiusque
1575 1190 1740 1220 xictoriae

299 1252 404 1276 causa
436 1245 630 1285 praetorios
656 1244 808 1276 honores
832 1245 980 1286 adeptus
998 1247 1062 1276 est.
1102 1245 1234 1276 Verum
1262 1245 1305 1276 ab
1335 1244 1429 1276 ltalia
1458 1246 1578 1276 reiecti
1598 1244 1741 1276 barbari

302 1309 383 1331 mox
422 1299 565 1331 Galliam
606 1300 722 1331 denuo
762 1302 950 1341 premunt,
1004 1301 1120 1341 itaque
1163 1302 1338 1340 Augustus
1381 1300 1557 1332 Tiberium
1600 1309 1739 1341 quoque

299 1358 494 1394 Neronem„
536 1358 648 1387 Druso
684 1355 880 1387 adiutorem
916 1356 1050 1395 datum,
1089 1357 1258 1388 adversus
1284 1356 1356 1387 illos
1382 1356 1494 1388 mittit.
1543 1357 1632 1396 Ergo
1657 1357 1743 1387 Dru-

300 1419 359 1443 sus
381 1420 421 1443 ac
438 1410 597 1442 Tiberius
623 1409 739 1443 multis
764 1411 865 1443 simul
889 1411 974 1443 locis
1012 1411 1057 1452 [et
1081 1411 1239 1443 Tiberius
1264 1411 1407 1452 quidem
1432 1421 1474 1443 ex
1498 1411 1652 1443 Helvetia
1679 1420 1742 1452 per

301 1466 415 1498 lacum
449 1466 699 1507 Brigantinum]
747 1467 780 1497 in
816 1475 939 1498 eorum
974 1467 1062 1498 fines
1109 1468 1299 1508 irruptione
1348 1468 1452 1507 facta⁷
1505 1468 1634 1499 divisos
1669 1468 1741 1498 dis—

300 1523 501 1563 sipatosque
549 1521 664 1554 multis
710 1523 864 1563 aggressi
908 1522 1047 1563 proeliis
1091 1523 1367 1564 expugnatisque
1411 1532 1534 1554 eorum
1569 1522 1737 1560 castellis,

301 1579 424 1617 exiguo
450 1587 529 1609 cuin
555 1577 683 1609 damno
707 1578 851 1609 Romani
876 1579 1049 1609 exercitus
1074 1579 1173 1609 unica
1193 1580 1325 1609 aestate
1350 1579 1638 1619 perdomuerunt.
1679 1579 1739 1609 Dio

300 1634 358 1672 54,
384 1634 436 1664 022.
479 1633 594 1664 strab.
624 1635 659 1664 et
690 1633 808 1664 Vellei.
837 1632 868 1664 ll.
903 1632 934 1663 ll.
988 1634 1062 1671 Quo
1098 1634 1186 1664 facto
1221 1634 1338 1665 Raetia
1373 1635 1549 1674 provincia
1585 1635 1739 1665 Romano

301 1690 447 1730 imperio
471 1689 651 1725 adiuncta,
689 1697 780 1728 quae
805 1691 839 1720 et
863 1689 1018 1720 Raetiam
1042 1690 1219 1729 propriam
1245 1691 1279 1720 et
1303 1688 1531 1720 Vindelieiam
1557 1688 1737 1729 complexa

300 1746 357 1775 uni
387 1746 527 1785 pareret
554 1744 724 1784 praesidi:
766 1743 859 1775 unde
890 1752 996 1784 saepe
1021 1746 1169 1784 uterque
1194 1744 1343 1785 populus
1367 1753 1436 1775 uno
1461 1745 1650 1775 Raetorum
1676 1753 1739 1775 no—

300 1801 393 1831 mine
417 1798 595 1840 appellati,
621 1798 701 1830 lieet
725 1808 868 1840 semper
892 1799 1019 1831 finibus
1044 1800 1114 1831 suis
1132 1801 1166 1831 et
1182 1801 1332 1840 separati
1350 1800 1554 1831 manserint.
1602 1800 1738 1830 Sei-iore

300 1856 432 1892 aetate,
471 1863 552 1885 cum
587 1863 675 1885 noxa
709 1855 970 1895 provinciarum
1001 1855 1124 1887 divisio
1156 1855 1412 1893 institueretur,
1451 1856 1567 1887 Raetia
1598 1856 1738 1897 propria

299 1912 419 1942 vocata
447 1910 507 1941 t'uit
531 1910 646 1941 Raetia
671 1910 803 1950 prima,
828 1909 1017 1941 Vindelicia
1043 1911 1160 1942 Raetia
1178 1911 1354 1949 secundm
1380 1911 1461 1942 hinc
1479 1913 1512 1943 et
1536 1911 1740 1951 frequenter

299 1966 438 1997 Raetiae
455 1964 576 2006 plurali
593 1974 741 1996 numero
758 1965 888 2003 dictae⁷
914 1966 1084 2006 imprimis
1102 1966 1193 2007 apud
1216 1967 1450 1998 Ammianum.
1473 1985 1507 1989 —
1527 1965 1622 1998 Illam
1640 1967 1740 2006 igitur

302 2022 400 2053 Drusi
425 2020 622 2061 Tiboriique
647 2021 830 2052 xietoriam
855 2020 1037 2053 celebrare
1063 2021 1106 2053 ab
1132 2023 1287 2059 Augusto
1312 2023 1427 2054 iussus
1453 2022 1613 2053 Horatius
1638 2023 1739 2053 liuius

299 2077 373 2109 libri
399 2086 541 2108 carmen
559 2077 626 2108 hoc
644 2078 675 2107 et
693 2079 857 2117 quartum
875 2076 1051 2108 decimum
1066 2103 1072 2114 .
1101 2087 1215 2118 neque
1233 2079 1352 2108 tamen
1366 2078 1462 2118 prius
1479 2086 1584 2117 quam
1602 2086 1632 2108 a.
1651 2086 1685 2108 u.
1705 2087 1735 2108 c.

299 2133 372 2165 ’il-l.
394 2134 471 2173 post
484 2132 626 2171 Augusti
643 2132 795 2163 reditum
812 2133 1019 2173 composuit.
1048 2132 1181 2172 [Eidem
1199 2142 1290 2164 anno
1307 2133 1484 2173 assignant
1497 2132 1739 2173 Dillenburger

300 2190 333 2220 et
357 2188 546 2219 Grotet'end
570 2188 731 2228 Solu-istst.
750 2188 869 2228 Laufb.
889 2189 942 2220 des
957 2189 1113 2219 Horatius
1130 2197 1161 2229 p.
1181 2188 1246 2229 34]
1272 2189 1436 2220 Nostrum
1453 2189 1520 2220 hoc
1537 2189 1677 2229 proprie
1695 2189 1736 2219 ad

298 2246 463 2279 Drusum,
484 2243 785 2284 quemadmodum
802 2242 949 2274 alterum
969 2243 1049 2275 illud
1067 2245 1218 2275 maxime
1236 2243 1279 2274 ad
1297 2244 1474 2275 Tiberium
1492 2245 1651 2284 pertinet.
1664 2262 1681 2267 -
1694 2261 1738 2266 —-

301 2302 335 2331 ln
366 2301 527 2331 unixerso
554 2302 671 2330 autem
700 2298 791 2330 bello
819 2300 958 2331 Raetico
984 2300 1114 2340 primas
1142 2301 1259 2340 partes
1290 2301 1401 2331 Druso
1423 2300 1530 2331 ceteri
1547 2300 1738 2340 scriptores

300 2357 438 2396 practer
455 2355 579 2385 Tiberii
598 2353 826 2386 adulatorem.
848 2353 1027 2393 Velleium,
1048 2354 1213 2386 tribuunt.
1234 2355 1319 2386 Vide
1334 2356 1438 2386 etiam
1452 2356 1593 2386 Sueten.
1614 2354 1734 2386 Claud.

306 2413 329 2442 l.
358 2410 450 2443 Unde
477 2409 573 2441 facile
598 2409 811 2449 intelligitur,
839 2410 1017 2450 quomodo
1041 2410 1170 2441 sartum
1188 2411 1248 2447 sit,
1276 2413 1309 2441 ut
1336 2411 1402 2441 boc
1426 2411 1578 2442 carmine
1604 2411 1737 2441 Drusus

300 2467 470 2507 imprimis
488 2467 675 2497 Raetorum
693 2465 1021 2506 Vindelicorumque
1039 2467 1150 2497 victor
1166 2468 1362 2497 caneretur.
1390 2467 1577 2497 Raetorum
1596 2466 1734 2505 inquam

301 2526 331 2553 et
360 2521 635 2557 vindelicet-unu
668 2520 761 2560 quod
787 2521 879 2552 enim
904 2521 1078 2553 Bentleius
1104 2521 1272 2559 affirmat,
1300 2522 1451 2553 Drusum
1477 2530 1557 2552 cum
1583 2519 1735 2551 Vindeli-

302 2579 350 2608 cis
382 2579 531 2615 tantum,
569 2586 649 2608 eum
677 2576 788 2607 Raetis
813 2576 988 2608 Tiberium
1019 2585 1211 2617 pugnasse,
1249 2576 1281 2607 id
1307 2585 1387 2607 cum
1419 2577 1450 2607 in
1477 2575 1593 2607 Velleii
1619 2574 1735 2606 verbis

303 2636 434 2671 alei-quc
458 2633 568 2663 ‹livisis
586 2632 739 2671 partibus
755 2633 870 2662 Raetos
891 2632 1128 2671 l'imlelieosque
1145 2633 1291 2672 (ingressi
1316 2632 1518 2671 neutiquam
1545 2630 1633 2667 insit,
1663 2632 1734 2660 tum

304 2691 333 2718 et
360 2688 516 2719 eiusdem
544 2687 660 2719 Velleii
686 2687 761 2719 loco
788 2686 852 2718 alio
880 2688 930 2724 (2,
964 2688 1069 2726 122).
1098 2687 1155 2718 ubi
1185 2687 1362 2718 Tiberium
1391 2687 1624 2718 l'iaclelt‘corma
1653 2686 1734 2715 ltne—
