1997 3219
711 213 788 244 LIB.
815 214 868 245 111.

919 215 956 246 C.
984 214 1037 246 IX.
1541 215 1621 255 405

352 315 488 366 Quid,
522 316 555 358 si
589 317 727 372 prisca
759 317 868 359 redit
898 318 1038 359 Venus

406 395 698 453 Diductosque
730 397 828 453 iugo
863 398 974 454 cogit
1005 402 1164 441 aeneo,

349 476 391 517 Si
422 475 531 518 flava
563 477 771 519 excutitur
802 476 933 520 Chloe

405 557 691 614 Reiectacque
722 564 838 613 patet
867 557 992 600 ianua
1021 558 1214 616 Lydiae?

1564 561 1617 601 ΞΟ

346 662 616 718 Quamquam
646 661 788 704 sidere
819 661 1035 718 pulchrior

402 741 474 784 Ille
505 748 588 792 est,
622 749 666 784 tu
696 742 831 784 levior
861 743 1019 786 cortice
1051 750 1093 786 et
1123 744 1317 801 improbo

350 821 598 865 Iracundior
627 822 805 872 Hadria,

399 903 556 945 Tecum
583 903 728 946 vivere
761 917 900 946 amem

267 1003 314 1034 l8.
340 1003 566 1042 Deductosque
588 1003 626 1034 B.
654 1003 780 1043 (Ceteri
811 1005 881 1036 mei

912 939 920 954 ,
954 911 1094 948 tecum
1124 905 1278 948 obeam
1307 905 1458 950 libens.

909 1005 1147 1045 Diductosque,
1182 1006 1287 1038 etiam
1312 1006 1359 1048 d.)
1387 1025 1422 1030 —
1446 1007 1499 1039 49.
1517 1017 1575 1040 ex-

218 1052 362 1083 cluditur
385 1051 537 1083 Oberlini
560 1052 597 1083 B.
627 1070 663 1075 -
688 1053 741 1084 20.
766 1054 983 1094 Deiectaeque
1006 1054 1039 1086 d.
1069 1073 1105 1078 -
1130 1055 1184 1087 2⁴.
1212 1056 1369 1095 Quamvis
1392 1057 1413 1088 S
1438 1059 1472 1089 et
1492 1059 1574 1090 Pot-

219 1101 306 1132 tierii
330 1109 403 1133 sex.
432 1101 482 1140 (Ut
504 1109 585 1139 nos,
610 1101 740 1142 Bde.)
768 1121 804 1126 —
830 1103 871 1134 23

174 1196 248 1218 cum
258 1188 342 1218 dono
354 1187 480 1227 foras.»
506 1187 574 1218 Sed
582 1196 614 1218 v.
630 1191 784 1219 excutere
799 1197 869 1220 non

178 1235 299 1267 addito
322 1244 355 1267 v,
384 1236 530 1268 «domo»
559 1236 616 1269 vel
645 1238 773 1268 «ostio»
803 1238 871 1270 hoc

173 1285 370 1325 significare
395 1294 464 1317 non
488 1288 621 1326 potest,
647 1287 712 1318 nisi
737 1286 825 1318 forte
849 1296 867 1318 e

171 1343 278 1366 versu
302 1343 377 1375 seq.
397 1333 562 1376 suppleas
589 1336 743 1367 «ianua»

215 1408 266 1439 ΞΟ.
304 1408 524 1449 Reiectaeque]
559 1409 613 1440 «Si
638 1410 762 1448 Lydiae
787 1409 868 1450 (da-

174 1456 271 1496 tin),
309 1465 417 1497 quam
450 1466 515 1498 per
550 1457 691 1498 aliquod
726 1460 866 1499 tempus

169 1506 287 1544 reieci,
328 1505 460 1537 exclusi
499 1505 604 1538 domo
644 1515 724 1538 mea
759 1509 864 1547 atque

170 1556 378 1595 aspernatus
396 1563 492 1593 sum,
511 1564 633 1587 rursus
649 1558 747 1596 patet
762 1557 865 1587 ianua

168 1612 283 1635 mea.»
323 1604 494 1635 Nimirum
519 1605 691 1635 eiusmodi
719 1604 865 1650 ἑταῖραι

168 1652 212 1684 ab
237 1652 452 1685 amatoribus
477 1653 714 1685 invitabantur
736 1655 770 1685 in
798 1654 864 1686 do-

167 1710 246 1733 mos
263 1710 304 1733 ac
321 1700 436 1741 villas,
463 1702 526 1734 Od.
546 1703 577 1741 2,
597 1703 648 1741 44,
668 1704 736 1741 2¹4
756 1704 863 1736 etiam

166 1750 256 1783 ultro
296 1760 355 1784 eas
395 1752 574 1784 interdum
607 1752 652 1783 ad
686 1755 862 1786 amatores

165 1801 306 1832 venisse
337 1802 476 1833 cuinam
504 1801 737 1842 improbabile
760 1803 862 1835 vide-

165 1849 281 1881 bitur‘?
305 1848 368 1882 Alii
392 1851 508 1883 minus
524 1852 621 1883 recte
641 1854 859 1885 construunt:

167 1899 215 1930 «si
245 1899 350 1930 ianua
379 1900 503 1938 Lydiae
534 1901 673 1932 reiectae
703 1901 858 1941 (genitiV.

167 1957 207 1979 «a
223 1957 280 1980 me
301 1947 512 1988 neglectae»)
532 1953 626 1989 patet
649 1950 766 1982 mihi.»
792 1951 861 1982 Sed

166 1997 250 2037 quid
284 1998 359 2038 ipse
395 1997 548 2030 facturus
580 1999 625 2031 sit
653 1999 698 2030 ad
729 1999 859 2039 Lydiae

165 2046 313 2086 gratiam
341 2046 641 2087 recuperandam,
679 2055 748 2079 non
776 2048 860 2089 quid

165 2094 210 2126 ab
235 2104 275 2126 ea
299 2094 468 2136 postulet,
494 2096 548 2128 his
570 2105 627 2127 vv.
648 2097 800 2137 exponit.

207 2169 260 2200 21.
294 2168 514 2210 Quamquam]
540 2170 697 2209 Quamvis
718 2172 861 2211 praeter

165 2226 285 2250 meum
319 2218 352 2249 S.
387 2219 492 2249 etiam
526 2219 680 2250 Pottierii
709 2220 740 2250 2.
767 2219 798 2251 4.
825 2221 857 2252 5.

163 2267 194 2298 6.
222 2267 252 2298 8.
280 2267 346 2305 45„
381 2267 416 2298 id
447 2267 542 2307 quod
571 2267 698 2308 probat
721 2267 860 2300 Liibker

163 2324 241 2356 pag.
269 2315 343 2348 445.
374 2334 409 2339 -
431 2317 534 2349 sidere
553 2317 735 2358 pulchrior]
761 2317 855 2350 Iliad.

163 2366 191 2403 ζ,
219 2363 299 2396 401:
332 2367 508 2405 Astyanax
532 2361 703 2408 ἀλίγκιος
727 2363 858 2412 ἀστέρι

763 2620 784 2632 Η

847 2620 883 2633 il

890 2630 935 2633 ἔ

886 2621 1010 2633 l

1007 2631 1025 2633 l

910 1104 1016 1135 Adria
1039 1104 1078 1143 d,
1107 1105 1143 1137 C.

921 1187 1035 1233 καλῷ.
1072 1191 1164 1232 Virg.
1190 1193 1276 1224 Aen.
1303 1193 1338 1232 8,
1365 1193 1438 1226 589.
1466 1194 1510 1226 de
1538 1194 1615 1226 Pal-

920 1237 1032 1271 lante:
1077 1240 1191 1279 Qualis
1222 1241 1278 1272 ubi
1312 1242 1433 1274 Oceani
1461 1244 1616 1284 perfusas

918 1288 1051 1328 Lucifer
1072 1290 1165 1320 unda
1179 1307 1195 1313 -
1208 1307 1224 1313 -
1237 1308 1253 1313 -
1269 1291 1400 1322 Extulit
1415 1301 1450 1323 os
1465 1301 1610 1324 sacrum.
1668 1319 1670 1321 .

962 1337 1014 1368 ⁵22.
1040 1337 1094 1369 23.
1131 1338 1234 1370 levior
1259 1340 1390 1381 cortice]
1425 1340 1609 1373 «subere».

918 1386 1097 1417 Proverbii
1130 1389 1287 1428 speciem
1315 1389 1442 1429 habet,
1478 1392 1517 1421 ut
1539 1390 1612 1422 fere

918 1433 1001 1466 illud
1025 1436 1096 1467 Cic.
1123 1436 1168 1468 ad
1190 1439 1258 1469 Att.
1285 1438 1322 1476 8,
1350 1439 1406 1477 45,
1433 1439 1470 1470 2:
1500 1449 1615 1471 consa-

916 1483 960 1515 les
985 1502 1003 1507 -
1029 1485 1092 1524 ipsi
1120 1486 1239 1526 pluma
1271 1491 1331 1519 aut
1366 1488 1445 1528 folio
1481 1490 1614 1529 facilius

915 1537 1097 1566 moventur.
1132 1553 1168 1558 —
1193 1537 1352 1578 improbo]
1377 1537 1504 1570 tobend.
1540 1539 1612 1570 Im-

914 1582 1068 1623 probum
1099 1584 1192 1624 apud
1225 1587 1348 1626 poetas
1381 1595 1485 1618 omne
1516 1588 1611 1628 quod

915 1632 1061 1664 modum
1086 1633 1235 1666 excedit.
1261 1635 1353 1675 Virg.
1381 1637 1441 1667 Ge.
1470 1637 1504 1675 4,
1533 1636 1607 1668 446:

913 1680 1008 1712 labor
1022 1698 1063 1705 --
1076 1683 1257 1721 Improbas.
1276 1683 1363 1715 Ibid.
1382 1683 1465 1716 388:
1491 1686 1611 1717 corniae

911 1731 1124 1771 —-improba.
1143 1732 1228 1764 Aen.
1245 1733 1279 1763 44
1296 1758 1303 1772 ,
1323 1733 1401 1764 767;
1422 1735 1529 1773 quatit
1544 1735 1610 1766 im-

907 1780 1032 1819 probus
1065 1781 1212 1820 hastam,
1252 1782 1382 1813 rastlos.
1422 1784 1480 1821 42,
1519 1784 1605 1815 687:

911 1830 1032 1861 Fertur
1074 1831 1110 1861 in
1148 1830 1327 1870 abruptum
1362 1840 1484 1872 maqno
1517 1842 1610 1865 mons

910 1878 1078 1918 improbus
1115 1883 1211 1919 actu,
1253 1889 1381 1920 magno
1413 1882 1606 1914 concitatus

911 1929 1056 1969 impetu.
1105 1928 1201 1960 ovid.
1236 1930 1335 1961 Trist.
1371 1930 1406 1969 4,
1445 1931 1503 1970 ii,
1543 1930 1604 1963 4⁴:

909 1977 1065 2016 Improba
1079 1995 1097 2001 -
1112 1978 1228 2017 hiems,
1246 1978 1281 2010 id
1299 1980 1370 2017 est,
1391 1979 1607 2012 «vehemen—

910 2027 1044 2058 tissima
1067 2026 1257 2067 procella.»
1289 2027 1433 2059 Martial.
1461 2029 1496 2067 4,
1524 2030 1604 2068 405,

910 2075 947 2106 2:
978 2075 1148 2114 improbae
1175 2077 1292 2116 times,
1319 2076 1414 2108 serae
1441 2086 1483 2109 ac
1509 2078 1606 2110 rabi-

911 2123 988 2155 dae.
1016 2124 1056 2155 H.
1070 2123 1092 2155 l.
1113 2125 1259 2156 «nimios
1283 2125 1410 2157 ssuctus
1427 2124 1602 2164 volvente,

910 2181 952 2204 ac
989 2172 1154 2204 turbido»
1195 2175 1233 2205 ut
1267 2173 1330 2205 Od.
1368 2174 1404 2212 4,
1441 2173 1501 2212 33,
1550 2174 1601 2206 ii:

908 2222 1053 2260 Myrtale
1068 2239 1086 2244 -
1101 2222 1195 2262 fretis
1217 2222 1331 2253 acrior
1352 2222 1511 2254 Hadriae.
1539 2222 1602 2254 Od.

910 2270 946 2309 3,
972 2271 1030 2309 27,
1058 2271 1110 2302 49.
1139 2289 1174 2294 -
1200 2271 1409 2312 Iracundior]
1435 2272 1540 2303 Poeta
1558 2272 1601 2303 de

909 2328 947 2352 se
971 2320 1057 2361 Epp.
1086 2321 1121 2359 4,
1146 2320 1208 2359 20,
1235 2321 1295 2352 25:
1326 2321 1431 2352 Irasci
1445 2321 1599 2359 ,celet-em,

908 2372 1018 2401 eanwn
1040 2373 1077 2402 ut
1094 2370 1270 2410 placabilis
1291 2379 1400 2402 essem.
