1997 3219
739 168 868 199 ΜΒΕΙι.
919 168 1046 199 CARM.
1074 169 1129 199 Vl.
1573 169 1652 206 (385¹,

442 272 543 312 Nam
575 270 712 326 qualis
745 278 816 312 aut
846 270 1054 313 Molossus
1087 279 1155 312 aut
1189 270 1323 312 sulvus
1357 272 1516 313 Lacon.
1629 274 1652 309 .''›

494 351 639 394 Amica
670 351 732 394 vis
763 351 1032 407 pastoribus,

440 433 570 487 Agam
601 445 678 487 pcr
709 431 812 473 altas
847 445 950 474 aure
982 431 1146 474 sublata
1177 432 1321 476 nives.

498 513 790 568 Quaecunque
826 512 1056 568 praecedet
1086 512 1193 554 fera:

437 594 519 641 Tn,
553 606 650 635 cum
681 592 866 635 timenda
897 606 1002 636 voce
1034 593 1252 650 complesti
1286 608 1460 640 nemus,

497 674 734 716 Proiectum
766 673 959 716 odoraris
991 674 1146 717 cibum.
1607 675 1651 716 l()

441 756 573 803 Cave,
607 768 732 796 cave:
770 767 954 810 namque
988 755 1028 795 in
1060 754 1192 796 malos
1224 756 1486 812 asperrimus

495 836 643 876 Parata
675 833 774 876 tollo
807 848 995 878 cornua.

423 915 582 970 *Qualis
614 915 856 973 Lycambae
888 923 1057 972 spretus
1087 915 1216 958 infido
1247 930 1379 970 gener

494 999 573 1038 Aut
604 1010 704 1038 acer
734 995 865 1038 hostis
895 996 1069 1052 Bupalo.

295 1110 326 1140 5.
352 1110 438 1140 Laco
461 1109 498 1140 B.
528 1127 562 1131 —
589 1110 620 1140 8.
642 1109 821 1148 praecedat
846 1108 954 1140 Codd.
988 1109 1082 1150 apud
1107 1109 1231 1147 Feam,
1268 1109 1420 1148 procedet
1450 1118 1468 1140 e
1494 1109 1603 1141 Codd.

253 1157 412 1189 eiusdem
437 1158 559 1189 Bothe.
588 1159 637 1197 gt't
662 1167 743 1195 nos,
770 1157 891 1196 BbSc.)

209 1259 288 1290 gam
320 1251 510 1281 coniecta.»
553 1251 615 1288 Qui
647 1252 764 1281 autem
798 1249 900 1290 sugit,

203 1300 373 1339 praecedit
397 1300 653 1339 insequentem.
696 1300 736 1331 Et
759 1300 903 1340 propter

208 1349 275 1380 hoc
315 1352 349 1380 ct
387 1351 531 1390 propter
569 1348 678 1380 Codd.
716 1347 902 1379 meliorum

208 1398 451 1429 auctoritatem
476 1397 706 1429 reiiciendum
726 1398 898 1436 procedet,

209 1447 369 1479 «obviam
394 1447 471 1485 ibit,
503 1455 645 1478 mecum
670 1448 899 1487 pugnatura»,

207 1499 243 1528 ut
256 1496 385 1528 volunt.
403 1495 530 1527 Saltem
548 1494 796 1536 explicandum
813 1496 899 1526 erat:

209 1546 380 1588 «prodibit
417 1555 435 1577 e
460 1545 567 1576 lustro
595 1554 692 1576 suo.»
740 1546 790 1576 De
815 1553 902 1576 con-

206 1596 398 1627 structione
426 1595 531 1635 Assum
553 1612 571 1617 —
587 1613 606 1617 —
631 1603 844 1634 quaecunque
862 1603 897 1633 p.

204 1645 277 1685 fera
302 1644 391 1676 conf.
419 1643 527 1684 Epod.
554 1644 591 1682 2,
618 1643 670 1674 37.

249 1695 279 1725 9.
318 1694 368 1725 10.
412 1694 475 1732 Tu]
514 1693 591 1724 «Tu
626 1695 766 1732 contra,
805 1693 900 1724 canis

206 1744 346 1783 ignave,
385 1751 466 1774 cum
491 1742 550 1773 diu
575 1741 795 1782 multumque
826 1743 901 1774 ina-

207 1793 297 1824 niter
319 1791 449 1823 latrasti
482 1790 740 1823 formidabilem
764 1792 798 1822 in
822 1800 901 1823 mo-

207 1841 304 1880 dum,
332 1843 449 1872 tamen
475 1839 554 1870 cibo
572 1839 639 1871 'tibi
663 1839 802 1872 obiecto
827 1842 901 1872 sta-

207 1892 267 1922 tim
297 1890 441 1931 cupidas
474 1898 576 1921 nares
601 1888 770 1921 admoves
794 1890 899 1930 atque

205 1940 422 1972 obmutescis
438 1949 445 1977 ;
460 1951 475 1966 n
529 1938 670 1979 dempta
721 1939 869 1978 imagine
891 1948 897 1969 :

207 1988 340 2030 «lingua
372 1997 546 2030 perquam
579 1989 762 2029 promptus
793 1996 832 2019 es
856 1987 900 2019 ad

206 2038 290 2071 alios
316 2036 535 2069 contumeliis
569 2036 798 2075 lacerandos,
836 2037 899 2069 sed

206 2097 353 2120 munere
377 2086 495 2118 oblato
520 2085 608 2117 illico
640 2088 770 2118 taces.»
821 2085 900 2117 Bel-

205 2138 276 2170 lum
302 2140 355 2168 est
390 2136 472 2168 illud
497 2137 637 2167 Catonis
667 2135 825 2167 Censorii
855 2134 899 2166 de

206 2189 248 2219 M.
267 2187 383 2218 Caelio
408 2186 501 2228 apud
526 2185 609 2217 Gell.
636 2187 669 2223 l,
700 2186 756 2216 115ι
783 2186 900 2216 Frusto

195 2237 301 2276 panis
323 2237 460 2267 conduci
480 2239 600 2275 potest,
626 2235 676 2266 vel
699 2235 746 2264 uli
771 2237 898 2272 taceat,

203 2286 254 2317 rel
276 2286 323 2316 uti
357 2286 524 2324 loquatur.
554 2303 588 2306 —
615 2283 807 2324 Proiectum]
844 2283 900 2314 liic

206 2337 316 2377 prima
345 2335 613 2376 significatione,
648 2335 717 2365 «ita
749 2334 897 2371 iactum,

206 2388 242 2416 ut
273 2388 352 2417 ante
384 2385 493 2426 pedes
526 2384 586 2415 tibi
611 2383 746 2414 cadat.»
795 2383 900 2422 Magis

208 2434 345 2466 solitum
359 2437 451 2465 esset
466 2434 636 2471 obiectum,
656 2434 693 2463 ut
707 2433 796 2471 Virg.
813 2435 897 2463 Aen.

208 2485 243 2521 6,
259 2483 337 2516 422;
367 2484 471 2514 ossam
485 2483 628 2522 Corripit
641 2481 809 2514 obiectam.
828 2481 896 2512 Lix’.

207 2533 242 2570 li,
272 2534 323 2564 iij:
350 2533 482 2572 ciboque
504 2532 682 2563 obiiciendo
704 2549 722 2554 -
745 2531 900 2562 victorem

205 2601 219 2605 -
230 2600 244 2605 -
261 2583 291 2612 in
309 2582 494 2613 servitutem
509 2581 615 2621 pellici
629 2589 732 2620 posse.
750 2579 896 2612 Pliaeclr.

208 2633 237 2669 l,
256 2632 309 2667 ¹23,
329 2631 365 2661 3:
385 2631 459 2661 cani
476 2647 515 2652 —-
530 2630 657 2661 Obiecto
679 2628 760 2659 cibo.
789 2629 826 2660 Et
844 2628 901 2658 ob-

208 2682 322 2711 ier-lum
343 2679 493 2711 malebat
512 2680 549 2710 ll.
572 2680 605 2710 Ρ.
621 2703 627 2717 ,
653 2677 715 2710 sed
734 2678 800 2708 Ιιοι·
817 2687 902 2709 nun-

208 2738 313 2769 quam
333 2730 363 2760 in
384 2729 493 2760 rarius
514 2727 592 2759 illud
611 2730 782 2759 mutatum
801 2727 898 2758 foret.

1000 1250 1051 1280 1¹¹2.
1080 1249 1131 1281 1¹3.
1168 1250 1244 1280 tollo
1273 1250 1410 1291 cornua]
1436 1249 1507 1282 Alia
1535 1252 1649 1291 imago

954 1299 1042 1329 tauri
1078 1298 1122 1330 ad
1162 1307 1319 1339 pugnam
1359 1307 1441 1330 cum
1480 1299 1574 1331 rivali
1610 1309 1648 1333 se

954 1348 1119 1387 parantis,
1142 1365 1176 1370 -
1201 1348 1311 1389 gener]
1339 1347 1475 1386 «Qualis
1492 1349 1649 1382 Archilo-

955 1396 1058 1435 chus,
1086 1397 1143 1436 qui
1162 1396 1363 1436 Lycamben
1384 1405 1549 1429 socerum
1572 1408 1650 1439 pro-

952 1447 1090 1486 pterea,
1129 1445 1222 1486 quod
1251 1445 1304 1477 ille
1333 1445 1513 1478 Neobulen
1543 1447 1646 1480 filiam

952 1496 1078 1536 poetae
1104 1495 1172 1526 iam
1197 1495 1411 1535 desponsam
1436 1497 1567 1527 mutata
1586 1506 1647 1527 vo-

953 1543 1084 1575 luntate
1109 1553 1146 1575 se
1180 1544 1345 1574 daturum
1378 1547 1539 1583 negarat,
1578 1547 1647 1577 tam

953 1592 1133 1624 maledicis
1144 1592 1304 1624 versibus
1322 1593 1512 1624 insectatus
1528 1595 1591 1632 est,
1612 1596 1647 1625 ut

952 1641 1048 1674 illum
1077 1642 1283 1682 aegritudini
1315 1642 1420 1673 animi
1448 1643 1646 1675 remedium

951 1691 1142 1732 suspendio
1167 1700 1339 1731 quaerere
1364 1691 1518 1731 coegerit
1542 1694 1646 1732 atque

952 1740 996 1771 ad
1038 1741 1133 1772 idem
1172 1741 1294 1772 mortis
1333 1749 1443 1780 genus
1482 1750 1648 1782 sponsam

952 1798 1094 1830 quoque
1129 1798 1230 1821 suam
1255 1789 1463 1821 induxerit.»
1507 1791 1547 1821 V.
1574 1791 1642 1822 Ex-

952 1847 1108 1871 cursum.

997 1887 1111 1920 44-46.
1145 1887 1290 1929 Bupalo]
1332 1887 1416 1919 Plin.
1443 1889 1482 1920 Η.
1513 1889 1552 1920 N.
1584 1889 1645 1926 36,

951 1938 990 1968 5:
1032 1937 1180 1975 Bupalus
1213 1940 1243 1967 et
1275 1936 1406 1968 Athenis
1449 1936 1547 1977 (olim
1578 1938 1647 1969 An-

951 1985 1111 2026 thermus)
1136 1986 1311 2016 clarissimi
1327 1986 1362 2016 in
1381 1994 1421 2017 ea
1438 1985 1645 2027 (sculpendi)

950 2036 1086 2066 scientia
1121 2035 1233 2075 suere,
1282 2035 1496 2074 Hipponactis
1529 2038 1647 2075 poetae

952 2088 1078 2123 aetate,
1105 2093 1199 2124 quem
1226 2087 1351 2115 certum
1375 2087 1419 2115 est
1443 2085 1506 2115 LX.
1534 2085 1647 2123 Olym-

947 2135 1046 2173 piade
1067 2134 1177 2174 suisse.
1204 2151 1221 2155 -
1237 2151 1255 2156 -
1277 2134 1476 2173 Hipponacti
1496 2134 1648 2165 notabilis

949 2184 1087 2223 foeditas
1138 2182 1244 2213 voltus
1291 2185 1380 2221 crat,
1433 2183 1645 2222 quamobrem

957 2233 1134 2273 imaginem
1183 2232 1250 2263 cius
1306 2232 1446 2262 lascivia
1501 2233 1646 2263 iocorum

952 2282 973 2312 ii
1015 2290 1218 2321 proposuere
1267 2281 1443 2311 ridentium
1499 2282 1642 2312 circulis.

953 2332 1045 2370 Quod
1095 2331 1274 2370 Ilippona.1:
1320 2330 1510 2370 indiffliatus
1547 2339 1646 2361 ama-

951 2381 1126 2412 ritudinem
1167 2380 1354 2411 carminum
1393 2380 1566 2410 destruat-it
1614 2380 1643 2410 in

951 2434 1096 2469 tantum,
1124 2433 1156 2460 ut
1180 2430 1336 2460 credatur
1352 2428 1515 2467 aliquibus
1531 2429 1575 2459 ad
1597 2429 1647 2459 la-

951 2489 1069 2520 queum
1091 2489 1144 2510 eos
1166 2478 1374 2517 coruputisve,
1411 2479 1496 2516 qiaod
1524 2478 1643 2517 falsum

951 2532 1005 2559 est.
1049 2529 1228 2569 llipponax
1264 2526 1303 2558 (Τι’
1334 2525 1383 2568 τῷ
1416 2524 1511 2557 κατὰ
1547 2526 1645 2558 Βου-

952 2576 1074 2610 πάλου
1099 2575 1231 2622 πρώτῳ
1250 2573 1375 2618 ι’άμβῳ
1393 2575 1486 2616 apud
1504 2576 1645 2607 Schnei-

953 2627 1039 2659 dcw.
1079 2626 1234 2658 linstath.
1273 2636 1305 2666 p.
1343 2625 1395 2656 49.
1431 2627 1463 2656 et
1501 2624 1572 2656 Del.
1607 2635 1640 2666 p.

953 2676 1026 2708 208.
1053 2677 1163 2715 Bergk
1189 2685 1221 2715 μ.
1242 2675 1323 2706 ὕΗῑ
1348 2669 1496 2711 ‘Elidos
1521 2674 1644 2713 Μαίας

954 2723 1085 2758 παῖδα,
1117 2722 1312 2765 Κυλλήνης
1337 2722 1488 2765 πάλμυν
1513 2723 1642 2761 ffirma-
