1997 3219
328 189 348 227 t»

353 188 382 228 xj

382 189 404 228 N)

837 192 1004 225 HORATII
1030 193 1252 227 CARMINUM

636 282 750 324 More
782 296 926 324 comas
958 282 1133 339 religata
1163 284 1334 326 nodum.

413 412 466 444 24.
493 421 603 443 comas
627 413 674 443 ST
700 414 733 444 ct
758 421 809 453 pr.
837 411 880 451 h,
908 414 992 445 item
1016 413 1171 454 quinque
1198 415 1366 445 Pottierii:
1399 424 1511 446 comae
1534 416 1570 452 B,
1597 425 1724 446 emnam

369 461 412 493 cd
436 463 470 492 et
493 470 582 493 corr.
611 461 644 499 b,
671 464 810 503 septem
835 464 946 503 Pott.,
984 466 1062 505 LCt,
1090 464 1199 497 Bentl.
1228 466 1262 495 et
1287 465 1328 496 M.
1357 482 1391 486 —
1433 465 1579 505 relegyatzc
1604 465 1638 495 T.
1687 483 1721 486 w

368 512 451 541 nodo
474 509 583 542 Bentl.
603 512 691 543 coni.
719 514 753 543 et
778 512 819 544 M.
849 513 899 552 (Ut
923 523 1002 553 nos,
1030 523 1153 547 omnes
1178 514 1286 546 nostri
1311 515 1345 544 et
1368 514 1545 553 Pottierii.)

326 626 503 659 Laconum
553 628 662 660 choro
709 629 803 669 apud
842 630 1018 674 Aristoph.
1072 634 1191 663 autem
1227 633 1298 662 tam
1334 630 1530 671 simplicem
1566 630 1698 662 cultum
1735 634 1767 661 et

326 677 469 716 Lysistr.
515 677 618 709 4346:
667 672 755 709 Ἀλλ’
791 673 861 721 ἄγε
895 676 1021 721 κόμαν
1073 681 1138 712 sibi
1163 682 1197 712 et
1221 682 1354 718 amico,
1392 681 1522 720 quippe
1559 689 1639 711 eum
1672 682 1769 711 uter—

325 724 644 770 Παραλιιπύκιδὸε,
679 727 773 769 unde
807 729 910 759 crinis
941 728 1024 768 liga·
1072 739 1141 770 que
1177 730 1410 770 provectioris
1446 730 1514 761 iam
1551 730 1594 761 sit
1618 730 1764 767 aetatis7

329 784 410 806 men
435 773 717 819 παραμπύκιον.
776 777 850 808 Mos
875 778 932 809 hic
956 779 1022 809 La—
1073 779 1236 810 sufficere
1262 788 1328 810 nec
1354 779 1485 819 requiri
1510 778 1553 809 ab
1579 779 1689 809 amic-a
1710 787 1769 809 or-

326 825 628 865 eonicuspropter
642 825 1021 867 simplicitatemsaepe
1073 831 1194 860 natum
1229 828 1344 867 illum,
1383 838 1450 868 qua
1488 828 1769 859 adolescentulos

325 873 518 905 artificibus
533 883 674 914 quoque
692 874 831 915 placuit.
860 876 914 907 Sic
931 877 1022 916 picta
1072 876 1211 909 allicere
1237 877 1320 909 alias
1345 877 1466 909 soleat.
1497 896 1532 901 «-
1560 878 1627 908 Csr.
1664 878 1769 908 etiam

327 924 381 954 est
416 922 573 954 Atalanta
609 925 642 954 in
667 923 784 955 tabula
810 926 1022 965 Pompeiana
1073 927 1287 958 contrariam
1312 927 1499 966 imaginem
1520 927 1619 965 pueri
1637 928 1768 966 longam

326 973 411 1004 Mus.
450 973 548 1003 Bor-b.
585 973 655 1004 VII.
682 974 718 1004 T.
746 974 776 1005 2.
814 983 960 1014 prorsus
986 976 1023 1005 ut
1070 976 1262 1006 renodantis
1285 984 1413 1006 comam
1436 975 1545 1015 Epod.
1572 975 1700 1013 l1l‚0.>8.
1732 993 1766 997 -—

327 1021 370 1052 de
397 1021 523 1053 eadem
548 1022 744 1054 Ovisl.1i1et.
772 1023 808 1061 8,
836 1023 920 1054 3118:
948 1024 1023 1055 Cri-
1074 1024 1183 1064 (Addo
1198 1025 1339 1065 omnino
1353 1033 1473 1056 amare
1487 1027 1610 1065 poetas
1624 1026 1769 1064 propter

326 1071 377 1100 nis
400 1074 473 1101 erat
494 1071 647 1110 simplex,
673 1073 794 1102 nodum
817 1073 967 1108 collectus
989 1074 1021 1102 in
1072 1073 1370 1113 pulchrItudinem
1404 1074 1581 1105 Lacaenas
1616 1074 1769 1113 xii-gines-

326 1128 441 1150 wmm.
480 1120 548 1151 Csr.
568 1119 667 1160 Apul.
687 1122 766 1151 Met.
787 1122 827 1159 2,
848 1121 883 1151 9:
912 1122 1024 1152 Crines
1075 1131 1293 1160 memorare3
1321 1123 1493 1163 Theognis
1510 1124 1602 1154 ¹002.
1624 1123 1769 1154 Schnei-

322 1168 506 1208 paullisper
539 1170 583 1199 ad
613 1170 712 1209 finem
745 1170 955 1210 conqlobams
988 1171 1023 1202 in
1074 1171 1184 1203 dew.:
1235 1167 1396 1213 Εὖειὸἡς
1446 1168 1616 1216 ῥαδιναΐς
1661 1173 1768 1217 χερσὶ

324 1226 488 1248 sumptum
510 1219 664 1250 verticem
683 1220 788 1250 nodus
802 1220 1019 1251 aso-inmersa.
1045 1218 1049 1250 l
1072 1218 1247 1252 Λάκαινα
1281 1219 1390 1266 κόρη.
1447 1223 1562 1253 «Nosti
1590 1218 1769 1266 Σπάρτην

325 1268 380 1298 Sic
415 1266 627 1307 Polygnotus
667 1269 772 1299 etiam
808 1268 1022 1308 Polyxenam
1072 1267 1393 1312 καλλιγύναικα.»)
1412 1271 1524 1316 Animi
1539 1273 1674 1302 tantum
1688 1280 1770 1301 cau—

326 1315 511 1346 Troianam
535 1315 753 1356 depinxerat.
779 1319 938 1349 Pausan.
968 1318 1019 1355 110,
1073 1328 1111 1351 sa
1129 1320 1323 1351 notandum
1349 1322 1401 1351 est
1419 1328 1561 1350 carmen
1588 1320 1655 1350 hoc
1680 1319 1768 1350 hila-

326 1365 366 1396 25
384 1374 389 1394 :
415 1363 610 1407 Πολυξένη
634 1363 731 1397 κατὰ
756 1364 801 1398 τὰ
823 1367 1021 1408 εἰθισμένα
1072 1377 1152 1400 rum
1176 1371 1281 1409 atque
1299 1368 1440 1408 elegans
1459 1369 1630 1402 Hol'mano
1650 1368 1768 1400 Peerl—

326 1413 530 1458 παρθένοις
563 1410 842 1448 ἀναπέπλεκται
875 1413 943 1455 τὰς
982 1416 1020 1448 ἑν
1072 1418 1212 1458 kampio
1246 1417 1427 1457 indignum
1471 1419 1612 1449 Horatio
1655 1419 1768 1449 visum

327 1461 371 1508 τῇ
407 1461 556 1509 κεφαλῇ
592 1466 734 1510 τρίχας.
773 1484 807 1488 —-
843 1466 1020 1505 Significat
1073 1475 1151 1498 esse
1176 1475 1217 1497 ae
1241 1466 1479 1498 subditicium.

790 1743 1278 1782 ExcURSUs

918 1832 967 1862 Ao
991 1840 1022 1861 v.
1050 1832 1090 1862 216
1116 1840 1169 1871 sq.

415 1911 633 1950 «Assyriaque
663 1911 770 1941 nardo
789 1913 946 1949 potamus
969 1911 1076 1950 uncti]
1102 1912 1145 1943 M.
1172 1913 1210 1942 A.
1249 1912 1496 1944 Dietterichius
1533 1913 1642 1953 (Jahn.
1675 1914 1763 1945 Ann.

327 1967 366 1998 N.
393 1965 468 1997 Vol.
495 1966 547 1997 311.
575 1974 608 2006 p.
636 1966 706 2005 97.)
733 1964 963 1997 scrIbendum
995 1968 1118 1996 censet
1147 1966 1346 2004 Assyrioque
1376 1966 1462 2007 (coll.
1490 1967 1608 1999 Horat.
1636 1969 1697 2000 Od.
1724 1971 1763 2000 II.

326 2022 364 2059 7,
388 2022 419 2053 8.
467 2021 540 2053 Tib.
568 2022 608 2052 ΙΙ.
634 2022 672 2059 2,
699 2021 729 2052 7.
777 2021 832 2052 III.
860 2021 897 2060 6,
925 2021 1014 2061 63.)‚
1048 2021 1158 2061 quod,
1193 2023 1231 2052 ut
1254 2011 1297 2052 {x
1321 2022 1438 2053 addito
1462 2025 1551 2054 uncti
1575 2026 1763 2064 appareat,

327 2085 397 2107 non
432 2076 542 2107 herba
578 2078 637 2107 aut
671 2075 806 2114 folium,
849 2075 912 2107 sed
951 2078 1170 2116 unguentum
1210 2076 1435 2118 significetur.
1497 2080 1540 2110 At
1578 2087 1766 2111 commune

327 2132 381 2163 est
402 2132 605 2172 poetarum,
644 2132 681 2162 ut
712 2140 781 2162 non
810 2140 889 2162 raro
914 2140 991 2163 rem
1015 2134 1247 2172 naturamque
1273 2133 1386 2173 ipsam
1411 2134 1613 2166 describant
1636 2135 1767 2176 signifi-

327 2188 438 2218 caturi
462 2187 497 2219 id
521 2186 615 2227 quod
641 2187 720 2218 inde
747 2187 912 2218 effectum
938 2188 1001 2218 est.
1052 2187 1119 2218 Csr.
1148 2189 1229 2218 Hor.
1257 2188 1318 2219 Od.
1346 2190 1400 2219 Ill.
1428 2190 1486 2227 ἓξ),
1513 2189 1543 2221 4..
1566 2198 1682 2229 pressa
1704 2191 1768 2222 tuis

327 2242 466 2273 balanus
487 2243 615 2281 capillis
639 2242 659 2272 i.
680 2251 709 2273 e.
730 2241 895 2273 balanum
920 2251 947 2273 s.
975 2242 1257 2283 myrobalanum.
1293 2244 1335 2284 (v.
1363 2243 1446 2275 Plin.
1474 2245 1513 2276 H.
1541 2246 1579 2276 N.
1610 2245 1679 2277 XII.
1710 2245 1764 2277 46.

327 2298 425 2329 Mart.
453 2297 567 2337 Epigr.
594 2297 679 2328 XIV.
705 2297 772 2336 57.)
795 2297 856 2328 Od.
883 2298 907 2328 Ι.
935 2298 995 2335 20,
1023 2298 1075 2328 40.
1125 2298 1275 2329 Caecuba
1298 2307 1381 2336 uva3
1410 2300 1501 2339 Virg.
1529 2301 1652 2341 Georg.
1679 2302 1704 2332 Ι.
1731 2300 1762 2332 9.

327 2353 478 2383 inventae
502 2360 587 2382 uvae
611 2354 677 2382 etc.

415 2407 526 2444 Quam
549 2406 719 2445 Assyriam
743 2406 798 2437 hic
822 2407 967 2437 nardum
992 2407 1153 2439 Horatius
1178 2409 1369 2439 nominavit
1392 2409 1548 2442 Indicam
1564 2418 1644 2443 esse
1660 2419 1766 2442 nemo

327 2470 483 2502 unquam
507 2461 646 2492 videtur
670 2461 862 2493 dubitasse.
912 2462 980 2493 Sed
1005 2463 1100 2502 quod
1131 2463 1214 2493 dixit
1238 2463 1384 2496 Orellius
1414 2473 1492 2497 esse
1516 2464 1672 2497 Indicam
1697 2474 1766 2497 «ex

328 2517 427 2556 Syria
462 2516 690 2555 advectam»,
735 2517 837 2548 huius
873 2517 1022 2548 nominis
1060 2517 1254 2558 explicandi
1290 2519 1372 2550 mihi
1408 2519 1472 2551 alia
1507 2520 1594 2552 ratio
1627 2519 1767 2552 videtur

330 2572 480 2602 ineunda
506 2580 595 2603 esse.

414 2627 569 2658 Primum
593 2635 760 2658 amomum
784 2627 889 2658 etiam
912 2627 1081 2666 Assyrium
1106 2627 1200 2668 (Plin.
1228 2629 1266 2660 II.
1289 2630 1325 2660 N.
1345 2630 1413 2661 XII.
1433 2628 1486 2662 28.
1534 2629 1625 2671 Virg.
1645 2628 1762 2672 Eclog.

330 2681 366 2716 3,
392 2681 444 2712 89.
472 2681 507 2717 4,
534 2682 574 2712 25
600 2682 680 2718 etc.)
720 2681 812 2713 haud
837 2682 942 2713 dubie
966 2683 1114 2714 Indicum
1138 2684 1217 2722 suit,
1256 2687 1292 2716 ut
1320 2685 1563 2717 'malobathrum
1591 2687 1644 2718 est
1668 2685 1761 2726 (Hor.

331 2735 391 2766 Od.
426 2737 464 2766 II.
501 2737 536 2771 7,
571 2737 634 2774 8.),
673 2746 703 2767 v.
743 2736 868 2768 lliillm.
908 2738 1091 2769 Geselziolite
1125 2740 1154 2769 cl.
1192 2740 1312 2778 yrt'eeh.
1350 2740 1490 2771 Handels
1523 2749 1556 2780 p.
1593 2741 1667 2771 ⁶211.
1724 2742 1765 2773 Et
