1997 3219
342 242 423 283 4330
852 240 1021 272 nonnil
1046 238 1269 271 CARMINUM

510 347 603 397 Quo
635 343 783 387 Chium
815 342 948 398 pretio
980 341 1133 384 cadum
1178 386 1193 390 ,¹
1755 340 1778 378 5

571 427 829 473 Mercemur,
863 423 959 480 quis
990 435 1144 478 aquam
1176 427 1384 477 temperet
1413 420 1581 477 ignibus

513 507 606 557 Quo
636 503 1074 569 praebentedomum
1106 508 1147 544 et
1177 507 1307 558 quota

567 585 750 641 Pelignis
783 597 954 627 caream
986 581 1231 639 frigoribus,
1267 588 1394 623 taces.

511 693 574 734 Da
604 691 729 732 lunae
761 702 945 745 propere
977 700 1136 735 novae,

387 825 406 855 5
423 841 440 846 -
458 824 488 854 7.
516 823 586 862 Quo
603 821 717 853 Chium
734 821 821 859 eet.]
847 819 923 851 «Ad
939 827 1038 851 sum—

342 881 460 905 mam:
487 873 523 902 tu
547 870 742 910 antiquitati
766 868 907 905 studes3
933 876 1038 908 prae-

342 922 495 954 sentium
519 919 728 951 obliviscere
754 919 788 950 et
816 919 901 956 hoc,
943 916 1037 957 quod

342 980 436 1002 nnnc
467 970 570 1001 unice
596 968 772 1009 agendum
807 968 877 1005 est,
918 959 1036 997 ta'ces:

342 1020 462 1061 quanti
498 1027 658 1050 emamus
689 1018 759 1048 vini
784 1017 859 1048 Chii
884 1015 1036 1052 cadum3

343 1070 421 1110 quis
457 1068 662 1100 convivator
697 1065 894 1106 (parochum
926 1064 1038 1095 facete

343 1118 426 1150 dicit
449 1118 518 1148 Sat.
545 1117 580 1154 Ξ,
600 1116 638 1154 8,
657 1115 723 1155 36.)
749 1113 916 1145 balneum
939 1107 1042 1153 para-

341 1169 440 1198 turus
465 1165 626 1205 adeoque
652 1164 798 1195 domum
822 1171 923 1194 suam
940 1170 1042 1202 prae-

342 1215 481 1247 biturus
499 1215 543 1246 sit
559 1213 661 1245 nobis
677 1223 704 1240 z»
725 1212 805 1253 (duo
823 1213 912 1243 haec
929 1218 1042 1242 mem-

341 1265 407 1296 bra
433 1265 527 1295 arete
553 1262 798 1302 coniungenda
824 1261 962 1292 diversa
981 1268 1040 1290 ra-

344 1315 437 1346 tione
454 1313 550 1345 idem
563 1311 758 1351 significant
771 1311 790 1350 z)
816 1311 942 1350 «quota
956 1309 1041 1339 hora

345 1373 387 1395 eo
412 1372 469 1394 me
502 1361 699 1398 conseram,
739 1359 951 1391 subtrahens
983 1366 1041 1388 me

345 1411 488 1444 tandem
521 1411 603 1441 huic
632 1409 766 1449 frigori,
812 1407 914 1448 quale
954 1406 1043 1439 solet

346 1470 424 1494 esse
450 1461 484 1491 in
507 1459 689 1499 pelignis.»
738 1459 788 1489 De
806 1455 967 1497 symbola
994 1455 1044 1486 lo-

345 1512 478 1552 quitur,
516 1510 549 1540 in
574 1517 643 1548 qna
666 1516 757 1539 unus
788 1506 937 1547 praebet
966 1504 1044 1536 bal-

345 1569 473 1598 neum,
516 1557 724 1595 triclinium,
764 1556 893 1594 lectos,
934 1563 1041 1592 vasa3

347 1609 455 1641 ceteri
471 1609 592 1639 vinum
615 1608 650 1637 et
667 1605 764 1637 cibos
783 1606 905 1636 emunt
922 1613 963 1635 00
979 1612 1044 1644 per

347 1666 470 1689 servos
494 1655 692 1688 afferendos
727 1655 860 1686 curant.
918 1653 1045 1693 (Longe

348 1708 467 1738 autem
492 1705 607 1736 differt
634 1705 703 1735 Sat.
731 1704 767 1741 sl,
794 1704 830 1741 5,
857 1702 917 1733 38:
967 1702 1045 1732 Μει-

346 1765 430 1787 rena
461 1754 641 1794 praebente
678 1753 810 1783 domum
821 1777 831 1790 ¹,
893 1751 1049 1790 Capitone

348 1806 510 1843 culinam,
537 1803 598 1834 ubi
620 1803 663 1833 (le
688 1798 904 1833 deverticulo
933 1800 967 1830 in
992 1799 1047 1830 iti-

348 1863 433 1886 nere
458 1853 630 1893 loquItur,
657 1860 726 1882 non
744 1850 787 1882 de
806 1850 990 1889 convivio.)
1009 1867 1043 1871 -

351 1904 466 1936 Chium
480 1921 498 1925 -
513 1901 644 1941 cadum]
671 1901 725 1931 Sic
750 1908 895 1940 prorsus
918 1899 1043 1930 Athen.

352 1954 382 1984 ll.
408 1961 442 1993 p.
469 1952 500 1982 3.
528 1951 572 1982 f.:
600 1946 622 1981 ὁ
642 1968 659 1972 -
681 1949 779 1988 Χῖος
793 1944 878 1979 Ἴων
902 1958 1047 1993 Τραγῳ-

352 2001 435 2034 &lav
469 1998 631 2042 νικήσας
661 1995 863 2040 Ἀθήνησιν
899 1995 1047 2040 ἑκάστῳ

352 2049 428 2083 τῶν
447 2046 656 2092 Ἀθηναίων
679 2044 796 2079 {esame
819 2048 918 2079 Χῖοι·
942 2045 1050 2092 κερά-

352 2110 454 2142 μιον.
514 2100 679 2131 Thasium
702 2099 824 2129 vinnm
849 2099 1049 2128 ceterorum

353 2150 524 2190 optimum
547 2147 625 2190 μετ’
641 2143 825 2189 ἀιιιύμονα
842 2146 940 2178 Χῖον
958 2141 1051 2178 ἅλυ-

354 2208 425 2230 πον
458 2198 541 2229 dicit
565 2198 776 2238 Hermippus
807 2196 901 2236 apud
924 2196 1048 2227 Athen.

356 2249 384 2279 t.
421 2256 499 2288 pag.
538 2247 590 2277 ἓξ).
618 2255 649 2277 0.
694 2263 728 2267 -
770 2246 899 2284 Aquam
935 2244 1048 2276 Schol.

355 2296 463 2328 refert
479 2296 524 2327 ad
541 2304 638 2332 eam,
666 2304 732 2335 qna
759 2304 897 2327 merum
922 2294 1052 2325 misce-

356 2346 481 2377 batur:
510 2354 612 2375 «nam
636 2344 818 2384 tepefactis
843 2344 942 2383 aquis
960 2342 1054 2375 sole-

356 2396 441 2427 bant
475 2394 597 2425 Graeci
632 2392 812 2433 (Graecar)
852 2393 932 2423 vina
962 2393 1053 2423 tem-

358 2453 518 2486 perare.»
565 2443 697 2473 Verum
723 2442 810 2473 haec
835 2442 905 2472 tam
930 2442 1052 2480 exigua

358 2502 440 2534 pars
476 2493 551 2523 erat
586 2491 751 2527 convivii,
794 2492 831 2521 nt
861 2491 916 2521 vix
952 2490 1054 2530 digna

360 2543 474 2580 esset,
503 2550 592 2581 quae
611 2541 963 2572 commemoraretur.
990 2540 1056 2570 Im-

360 2600 418 2622 mo
453 2599 522 2622 una
559 2591 611 2621 est
647 2589 870 2629 interrogatio
906 2589 978 2626 quis
1003 2605 1055 2610 —-

363 2649 425 2679 quo
439 2657 456 2661 -
472 2657 490 2661 —
507 2640 656 2676 domum,
683 2637 715 2668 id
733 2638 784 2669 est
803 2663 808 2675 ,
837 2638 940 2675 «Quis
958 2646 1057 2677 prae-

360 2688 444 2719 beat
473 2687 619 2719 domum
649 2687 753 2726 atque
784 2685 950 2716 balneum
990 2684 1057 2716 eal-

364 2737 518 2768 saciata»
559 2737 630 2767 Cic.
668 2735 711 2766 ad
743 2736 837 2766 Fam.
864 2734 900 2772 9,
930 2735 986 2772 lsi,
1013 2735 1054 2765 9:

365 2787 433 2825 qu
468 2786 523 2817 tibi
560 2794 659 2816 unum
694 2787 858 2824 sumptim»
893 2785 1055 2823 afferam,

1089 818 1175 857 quod
1220 817 1371 848 balneum
1416 816 1575 856 calfacias
1612 815 1779 855 oportebit.

1088 867 1176 898 Ante
1212 874 1359 898 coenam
1395 866 1489 897 enim
1520 864 1647 896 balneo
1672 864 1783 897 calido

1088 915 1296 953 utebantur,
1317 915 1388 946 Cic.
1407 923 1472 955 pro
1491 915 1602 945 Deiot.
1623 914 1658 945 6:
1686 923 1702 945 e
1718 914 1786 944 bal-

1087 974 1167 1004 neo,
1202 965 1401 1004 priusquam
1424 963 1651 1000 accwmberes;
1677 965 1712 994 et
1734 971 1786 993 sn-

1089 1015 1168 1045 dore
1190 1013 1363 1054 calefacti,
1388 1015 1550 1044 momento
1573 1012 1727 1051 temporis
1742 1011 1787 1042 ad

1088 1064 1249 1104 friqidam
1273 1058 1437 1100 exibant,
1476 1063 1572 1092 certe
1608 1061 1701 1101 apud
1726 1062 1788 1092 Pe-

1091 1114 1180 1144 tron.
1206 1112 1259 1143 ⁶28.
1290 1130 1325 1134 -
1352 1112 1436 1143 Mira
1461 1109 1619 1151 profecto
1645 1111 1712 1141 ΗΡ.
1733 1112 1786 1142 est

1090 1162 1356 1202 interpretatio:
1399 1173 1414 1189 «
1425 1169 1534 1201 aquas
1570 1159 1761 1191 calefacere
1779 1186 1786 1197 ,

1091 1211 1220 1251 inquit,
1248 1211 1301 1241 est
1317 1218 1406 1250 opus
1423 1209 1605 1241 sordidum
1624 1210 1659 1240 et
1674 1210 1785 1240 servis

1091 1260 1312 1301 proprium.»
1363 1259 1473 1299 (quasi
1506 1268 1591 1290 vero
1619 1258 1686 1289 hoc
1718 1267 1787 1289 non

1091 1317 1156 1349 per
1202 1317 1239 1339 se
1289 1307 1542 1347 intelligeretur
1559 1332 1567 1346 ,
1619 1306 1787 1338 balneum

1092 1358 1209 1398 ipsum
1221 1358 1471 1397 praeparatum
1488 1365 1568 1388 esse
1586 1365 1604 1387 0
1619 1355 1755 1387 famulis
1769 1356 1788 1395 !)

1096 1406 1244 1445 «Aquam
1269 1405 1392 1446 (pergit
1415 1404 1599 1445 interpres)
1626 1405 1659 1435 h.
1680 1404 1700 1436 l.
1726 1413 1790 1445 pro

1089 1456 1208 1495 plavia-
1244 1455 1458 1495 acceperim.
1519 1455 1601 1492 Quis
1644 1457 1788 1491 aerem,

1095 1506 1195 1543 dicit,
1233 1504 1420 1535 humidum
1455 1505 1489 1535 et
1514 1503 1695 1543 frigidum,
1731 1503 1789 1543 qui

1096 1564 1138 1586 ex
1173 1553 1298 1595 pluviis
1332 1554 1366 1584 in
1409 1553 1535 1585 domos
1570 1553 1789 1593 penetravit,

1096 1605 1271 1645 temperat
1306 1602 1444 1643 ignibus
1457 1603 1498 1633 Ῡ»
1546 1603 1667 1633 Omnia
1702 1602 1791 1632 haec

1096 1661 1241 1694 prorsus
1276 1647 1441 1689 ἄπιστα,
1483 1660 1526 1682 00
1551 1651 1709 1691 graviore
1733 1659 1793 1681 vo—

1097 1701 1226 1734 cabulo
1252 1702 1341 1732 utar.

1140 1752 1170 1782 8.
1211 1749 1368 1790 Peligynis]
1408 1749 1549 1781 Minime
1574 1749 1642 1780 hoc
1667 1747 1794 1787 signiti-

1098 1801 1170 1837 cat,
1198 1808 1236 1831 se
1261 1799 1356 1840 apud
1376 1798 1553 1839 Pelignos,
1581 1798 1723 1829 Corfinii
1738 1796 1793 1829 vel

1098 1848 1283 1887 Sulmone,
1308 1849 1443 1879 versari
1468 1848 1621 1887 indeque
1648 1849 1794 1879 Romam

1097 1899 1306 1936 venturum,
1348 1897 1413 1929 sed
1455 1897 1570 1928 «domi
1608 1905 1646 1928 se
1687 1896 1794 1936 frigus

1097 1949 1169 1988 pati
1199 1956 1283 1978 vere
1309 1946 1512 1987 Pelignum,
1549 1955 1619 1986 quo
1650 1946 1684 1976 in
1709 1954 1795 1977 con-

1098 1997 1191 2028 vivio
1217 2006 1255 2027 se
1272 1996 1483 2028 liberaturus
1501 1996 1577 2027 sit.»
1599 2012 1635 2016 —
1653 1995 1796 2035 Friyora

1100 2048 1218 2078 autem
1235 2047 1274 2077 ut
1290 2045 1416 2076 calores
1432 2044 1494 2075 Od.
1513 2044 1550 2082 3,
1569 2043 1610 2075 24-
1623 2069 1630 2081 ‚
1649 2043 1701 2075 37.

1144 2096 1174 2126 9.
1223 2096 1296 2126 Iam
1329 2093 1546 2133 φαντασίας
1591 2101 1657 2133 ope
1696 2091 1796 2123 Tele—

1100 2144 1211 2186 phum
1245 2152 1314 2175 una
1350 2151 1473 2175 secum
1505 2143 1538 2173 in
1570 2142 1687 2182 ipsum
1711 2150 1797 2173 000-

1100 2195 1232 2225 vivium
1250 2193 1388 2234 abripit.
1417 2193 1514 2230 «Da,
1532 2192 1717 2232 pincerna,
1744 2191 1798 2221 in-

1102 2243 1175 2283 quit
1200 2243 1366 2274 festinans
1389 2243 1509 2283 poeta,
1547 2241 1590 2272 da
1617 2239 1794 2281 poculum,

1103 2292 1198 2332 quod
1222 2293 1256 2324 in
1272 2300 1383 2323 novae
1406 2291 1508 2322 lunae
1531 2290 1704 2321 honorem
1726 2288 1799 2320 ebi-

1103 2341 1239 2372 batur.»
1280 2341 1437 2381 (Genitivi
1458 2340 1562 2370 huius
1587 2339 1619 2370 in
1644 2337 1798 2379 potando

1104 2391 1218 2422 usitati
1236 2389 1395 2430 exempla
1408 2388 1519 2420 habes
1532 2387 1575 2419 ad
1589 2397 1646 2419 vx:
1664 2388 1714 2419 1¹0.
1732 2387 1797 2425 Μ.)

1105 2439 1213 2479 Fingit
1237 2448 1319 2479 ergo
1338 2447 1416 2470 esse
1434 2437 1644 2479 νουμηνίαν
1661 2437 1800 2467 noctur-

1104 2497 1260 2528 numque
1274 2487 1377 2519 simul
1392 2489 1530 2527 tempus
1541 2486 1688 2517 convivii
1699 2485 1799 2523 signi-

1106 2538 1207 2575 ficat;
1244 2545 1366 2568 novam
1397 2538 1515 2567 autem
1547 2535 1661 2565 lamam
1690 2533 1800 2564 inter-

1106 2587 1235 2627 pretari
1280 2585 1399 2617 lunam
1451 2585 1624 2615 orientem
1669 2580 1796 2618 nolim,

1107 2634 1395 2676 quandoquidem
1438 2634 1505 2665 hoc
1543 2631 1645 2663 nimis
1690 2629 1801 2661 ambi-

1107 2693 1215 2725 guum
1253 2684 1359 2721 foret,
1402 2691 1470 2714 non
1503 2682 1586 2712 item
1615 2679 1661 2711 sol
1684 2687 1796 2716 nouus,
1830 2698 1833 2702 ·

1108 2734 1199 2774 Virg.
1233 2734 1292 2764 Ge.
1322 2733 1359 2770 st,
1384 2731 1459 2763 288.
1511 2731 1654 2760 «Lunae
1687 2735 1798 2759 novae

1108 2783 1274 2822 cyathum
1299 2781 1428 2821 poscit,
1463 2777 1557 2819 quod
1582 2777 1712 2809 mensis
1737 2777 1800 2807 Ka-

1971 1025 1988 1090 '‘Y-*⁹¹¹
1968 995 1970 998 '
1963 957 1966 961 ”
1977 908 1980 911 .

1975 1132 1985 1214 φναν...
1979 1108 1984 1115 .
