1997 3219
631 165 707 195 Lm.
736 165 773 195 11.
824 166 859 195 (ι.
890 166 987 197 xvii.
1477 169 1557 208 :307

292 267 356 308 Me
388 280 466 308 nee
498 266 747 309 Chimaerae
780 268 953 323 spiritus
986 269 1135 325 igneae

289 347 392 394 Nec,
426 347 459 388 si
493 354 706 403 resurgat,
740 348 1006 390 centimanus
1039 349 1154 406 Gyas

347 426 526 468 Divellet
562 440 776 483 unquam:
810 429 870 470 sic
901 430 1059 485 potenti
1517 433 1560 473 l-‘'›

405 506 592 549 Iustitiae
623 506 911 564 placitumque
945 510 1099 551 Parcis.

289 612 374 653 Seu
406 610 531 653 Libra
563 625 640 653 seu
673 625 739 653 me
771 613 972 669 Scorpios
1006 613 1187 669 adspicit

215 736 260 768 l4.
286 736 382 776 919118
411 735 576 769 BbSTod,

163 787 297 817 Mureto
321 784 497 816 Bentleius
522 787 556 815 et
582 785 614 815 F.

164 836 321 874 Scorpius
345 834 478 871 bSTcd,
506 834 644 865 LCtFM.

122 948 219 971 rores
253 941 285 970 et
318 938 473 980 pericula
506 947 685 979 nunquam
716 947 772 970 me
797 948 817 970 a

122 993 155 1020 te
180 989 450 1029 segregabunt.»
481 1007 514 1011 —
535 989 635 1029 Gyas]
654 987 758 1026 Libri,
781 990 819 1020 ut

122 1038 183 1069 od.
211 1039 248 1072 3,
281 1038 318 1075 4,
345 1039 411 1075 69..
438 1039 544 1079 yiyas.
595 1038 685 1077 Gyas
713 1046 818 1079 prae—

121 1087 194 1118 tulit
220 1088 394 1125 Meineke,
420 1091 458 1119 ut.
477 1089 510 1119 in
530 1088 669 1119 Hesiodi
687 1088 815 1128 Theog.

122 1137 194 1169 449.
211 1138 307 1168 lunta
323 1138 357 1168 et
369 1135 648 1179 Goettlingsz'vag
661 1137 819 1169 scribunt

120 1195 184 1227 pro
203 1183 338 1228 Γύγης.
369 1187 457 1217 Item
478 1188 515 1217 G.
541 1187 762 1217 Hermannus
785 1187 817 1217 in

124 1236 271 1276 Opuscc.
298 1236 338 1267 11.
364 1244 442 1276 pag.
476 1236 544 1266 176.
565 1238 598 1266 et
624 1235 756 1267 Loehrs
773 1235 818 1266 ad

121 1284 218 1315 Ow'd.
238 1285 338 1316 Trist.
358 1284 394 1322 4,
422 1285 460 1322 7,
492 1285 544 1316 ¹8:
576 1285 820 1316 Centimanum-

121 1342 183 1372 que
207 1333 315 1372 Gyan.
357 1335 469 1373 Atque
494 1332 594 1371 vide,
626 1342 669 1364 ne
695 1342 737 1364 ex
762 1332 817 1364 illo

122 1382 288 1414 Herodoti
322 1383 357 1413 et
387 1381 538 1413 Platonis
563 1384 658 1421 Gyge
690 1381 817 1414 dubius

120 1431 176 1462 hic
218 1431 412 1463 Hesiodeus
452 1431 622 1469 originem
659 1431 814 1462 traxerit.

123 1481 249 1512 Contra
267 1479 426 1512 Muetzell
445 1480 488 1512 de
502 1481 576 1512 Em.
593 1481 654 1512 Th.
672 1480 814 1512 Ilesiod.

120 1538 154 1570 p.
180 1530 261 1561 ⁶206:
290 1530 406 1566 «Vix»,
433 1530 559 1570 inquit,
587 1530 727 1570 «negari
751 1538 818 1570 po-

120 1579 199 1610 terit
231 1587 361 1610 nomen
392 1576 517 1621 Γύγης
547 1579 818 1619 probatissimo-

119 1636 198 1659 rum
223 1629 532 1668 grammaticorum
550 1628 693 1660 consilio
711 1628 816 1660 fuisse

120 1679 153 1709 in
177 1678 351 1718 Theognia
383 1679 457 1710 sive
482 1679 652 1719 scriptum
678 1687 740 1710 seu
757 1687 819 1719 po-

120 1728 186 1758 tius
211 1736 254 1759 ex
278 1728 529 1768 antiquissimis
555 1727 816 1769 exemplaribus

120 1778 403 1808 conservatum.»
436 1776 578 1808 Hesiod.
606 1775 627 1807 l.
654 1776 675 1808 l.
701 1777 818 1818 Γαίης

120 1835 159 1857 τε
182 1826 247 1857 καὶ
270 1822 444 1870 Οὐρανοῦ
470 1823 688 1868 ἐξεγένοντο
711 1826 817 1870 Τρεῖς

120 1873 250 1915 παῖδες
265 1893 280 1898 -
293 1893 308 1898 -
322 1856 468 1915 Κόττος
484 1877 513 1907 τ’
535 1872 761 1931 Οβοιάρεώς
777 1885 817 1907 τε

120 1922 220 1965 Γιης
256 1924 316 1964 (al.
345 1922 481 1967 Γύγης)
516 1924 552 1956 θ
588 1934 817 1969 υπερηᾳανα

121 1972 377 2005 uma-1251)
415 1972 554 2006 ἑκατὸν
589 1985 635 2015 με
621 1974 660 2005 ὲν
694 1978 817 2019 χεῖρες

120 2019 183 2054 ἀπ’
208 2019 323 2064 ὤμων
346 2019 533 2054 ἀίσσοντο
561 2022 640 2054 κτλ.

164 2072 216 2103 46.
241 2073 400 2114 Iustitiae]
425 2072 539 2117 Δίκῃ,
566 2073 655 2104 lovis
675 2074 711 2103 et
726 2072 814 2103 The-

121 2121 223 2153 midis
248 2121 355 2160 filiae,
383 2123 570 2153 Parcarum
589 2123 714 2160 sorori,
744 2122 819 2162 qui-

121 2171 271 2202 buscum
295 2171 329 2202 b.
355 2170 376 2202 l.
395 2171 574 2212 aptissime
599 2172 818 2212 coniungitur

122 2223 303 2260 tamquam
334 2218 530 2265 πάρεδρος.
580 2221 721 2252 llesiod.
753 2221 813 2252 Th.

120 2269 195 2300 902.
247 2270 327 2300 Eius
367 2270 554 2310 imaginem
597 2270 815 2311 Chrysippus

120 2318 213 2358 apud
231 2317 313 2349 Geli.
329 2319 368 2349 N
384 2320 422 2350 A.
440 2318 490 2356 ⁴4,
506 2318 537 2350 4.
552 2319 642 2350 hanc
656 2319 812 2350 exhibet.

119 2367 208 2398 szo
191 2363 333 2422 υ9ρωπη
350 2364 537 2411 29dcperac
555 2369 617 2399 καὶ
634 2378 682 2400 oz
687 2378 815 2410 νεστη-

119 2414 188 2456 κὸς
210 2414 358 2454 ἔχουσα
379 2413 422 2448 τὸ
448 2415 654 2461 πρόσωπον
674 2414 765 2448 zat}
759 2413 813 2449 fv-

119 2475 250 2503 rovov,
290 2467 354 2497 zo)
389 2465 424 2497 ὁ
416 2463 567 2511 ὁουκὸς
601 2466 811 2505 βὶέπουσα

119 2511 217 2547 ὥστε
240 2519 320 2555 τοῖς
343 2515 415 2557 μὲν
439 2497 585 2555 ἁδικοις
607 2514 735 2555 φόβον
751 2516 814 2558 ἐμ-

120 2568 261 2602 ποιεῖν,
300 2568 380 2605 τοῖς
403 2563 443 2597 δὲ
465 2564 627 2605 δικαίοις
653 2564 809 2611 θάρσος.

165 2614 216 2645 47.
243 2617 307 2645 Seu
330 2615 440 2656 Libra]
466 2616 550 2646 Tres
575 2616 737 2656 proponit
753 2616 814 2647 ho-

121 2672 286 2704 roscopos
318 2673 423 2703 quam
457 2664 607 2695 maxime
640 2664 809 2702 diversos.

122 2712 210 2742 inter
248 2721 335 2752 quos
375 2722 482 2744 unum
523 2713 668 2745 sortasse
707 2722 810 2746 suum

604 736 687 766 item
711 735 854 767 Bentleii
881 738 914 767 et
940 738 1024 767 Pott.
1052 746 1194 775 omnes,
1222 740 1280 776 Ct,
1308 739 1414 780 Gyges
1438 750 1518 772 cum

636 785 686 823 (Ut
703 793 777 822 nos,
799 785 899 823 LMJ.)
923 803 957 807 —
977 786 1028 816 117.

1055 786 1209 825 Sam-patos
1227 787 1251 818 B
1270 790 1305 819 et
1321 788 1496 820 Bentleius
1511 800 1516 820 :

868 948 947 971 esse
965 939 1058 971 dicit.
1086 941 1222 972 Etenim
1240 950 1279 973 ex
1297 942 1372 982 ipsa
1393 945 1563 984 particula

866 997 922 1020 seu
945 990 999 1020 ter
1022 989 1169 1030 repetita
1193 993 1341 1031 apparet
1369 993 1561 1034 Horatium,

869 1038 928 1078 qui
945 1047 1030 1070 sane
1048 1038 1304 1080 astrologorum
1322 1041 1469 1082 ineptias
1484 1054 1566 1076 con-

868 1087 1052 1119 temnebat
1077 1088 1149 1128 (Od.
1176 1089 1213 1127 »1,
1241 1089 1319 1129 lt),
1347 1092 1490 1125 minime
1507 1103 1568 1125 vo-

868 1135 974 1168 luisse
1000 1146 1178 1178 exponere
1199 1138 1449 1181 horoscopum,
1477 1152 1567 1183 qua—

868 1185 928 1225 lis,
966 1187 993 1218 si
1029 1186 1084 1218 vel
1120 1196 1184 1228 per
1222 1188 1338 1220 iocum
1377 1190 1566 1231 aliquando

869 1234 1103 1267 consuluisset
1138 1236 1373 1277 Chaldaeum,
1415 1241 1458 1272 ab
1499 1242 1567 1273 hoc

869 1285 1085 1327 constitutus
1102 1288 1213 1325 esset,
1240 1287 1304 1318 scd
1321 1290 1432 1321 totum
1449 1289 1567 1323 locum

868 1334 1004 1375 poetice
1051 1336 1213 1367 tractavit
1258 1336 1325 1368 hac
1371 1341 1564 1372 sententia:

869 1384 1130 1423 «Quaecunque
1171 1386 1225 1416 est
1269 1387 1427 1426 genitura
1466 1398 1564 1430 mea,

868 1434 963 1464 certe
995 1433 1248 1466 incredibiliter
1277 1444 1358 1467 cum
1391 1438 1449 1469 tua
1481 1448 1568 1471 con—

868 1482 988 1520 sentit,
1008 1481 1098 1514 adeo
1115 1485 1153 1514 ut
1169 1485 1202 1515 in
1219 1485 1289 1516 vita
1302 1486 1448 1527 eiusque
1462 1489 1568 1521 vicis-

868 1531 1078 1564 situdinibus
1103 1534 1208 1573 atque
1234 1535 1267 1565 in
1293 1534 1390 1566 obitu
1413 1536 1489 1577 ipso
1507 1538 1567 1570 iis-

868 1580 951 1611 dem
976 1589 1121 1621 prorsus
1147 1582 1203 1613 sati
1228 1581 1364 1622 legibus
1389 1585 1563 1619 obedituri

867 1630 1012 1661 simus.»
1060 1631 1245 1671 Interpreti
1271 1633 1487 1667 consulenda
1513 1640 1566 1669 est

867 1679 1018 1710 Reimeri
1057 1688 1207 1719 operosa
1247 1680 1434 1722 disputatio
1471 1687 1564 1726 apud

867 1727 1102 1760 Mitscherlich
1134 1729 1169 1760 T.
1202 1730 1233 1760 ⁶2.
1266 1739 1345 1770 pag.
1372 1732 1446 1764 696.
1495 1735 1565 1767 Ve-

866 1785 946 1808 rum
976 1775 1125 1822 πρῶτον
1153 1776 1302 1819 ψεῦδος
1328 1780 1372 1812 ab
1399 1790 1441 1813 eo
1465 1791 1564 1816 com-

866 1827 1016 1858 missum
1033 1827 1100 1858 hoc
1115 1829 1184 1866 est,
1204 1829 1299 1868 quod
1319 1831 1452 1870 omnia,
1473 1841 1563 1873 quae

867 1874 911 1907 de
936 1876 1038 1908 astris
1062 1875 1164 1908 affert
1195 1879 1319 1917 poeta,
1354 1888 1397 1910 ex
1424 1882 1565 1915 Maece-

867 1925 956 1957 natis
980 1926 1139 1965 genitura
1170 1925 1356 1966 aliquando
1381 1937 1401 1960 a
1424 1932 1563 1964 mathe—

866 1975 1002 2006 maticis
1034 1976 1235 2015 computata
1267 1976 1454 2019 desumpta
1484 1990 1562 2014 esse

867 2025 962 2055 ratus
998 2025 1061 2056 est.
1125 2024 1263 2056 Scilicet
1297 2026 1458 2059 Horatius
1494 2039 1561 2063 una

867 2081 948 2104 cum
972 2073 1153 2111 omnibus,
1185 2075 1243 2114 qui
1273 2076 1355 2107 tunc
1382 2077 1559 2119 vivebant,

867 2123 940 2163 ipse
980 2131 1121 2163 quoque
1161 2123 1296 2155 sciebat
1334 2124 1398 2156 ah'a
1445 2128 1560 2160 sidera

866 2172 978 2203 amica
1002 2173 1115 2212 putari
1141 2172 1366 2209 mortalibus,
1402 2174 1467 2207 alia
1497 2179 1562 2209 ini-

867 2221 974 2259 mica,
1007 2230 1157 2262 eamque
1188 2223 1389 2262 opinionem
1419 2229 1561 2260 secutus

864 2271 929 2303 hos
953 2279 1078 2302 versus
1101 2272 1251 2312 scripsit,
1278 2275 1437 2306 ceterum
1461 2284 1560 2316 pror-

864 2329 924 2352 sus
948 2329 1095 2353 securus
1119 2323 1154 2352 et
1178 2322 1221 2353 de
1247 2331 1310 2354 suo
1335 2325 1369 2354 et
1392 2324 1436 2356 de
1457 2327 1558 2358 amici

864 2370 1073 2411 horoscopo.
1123 2372 1226 2403 Recte
1260 2371 1303 2403 de
1328 2373 1362 2403 h.
1389 2372 1410 2404 l.
1437 2377 1557 2407 contra

864 2419 970 2451 miras
999 2421 1122 2460 nuperi
1154 2421 1353 2461 interpretis
1377 2423 1558 2463 opiniones

863 2469 1051 2510 disputavit
1074 2469 1277 2502 Luebkerus
1302 2471 1335 2502 in
1364 2472 1557 2506 Horatianis

862 2526 939 2558 pag.
967 2519 1018 2549 Μ.
1049 2537 1083 2542 ——
1115 2520 1265 2561 adspicit]
1293 2521 1393 2560 Apud
1419 2523 1557 2553 mathe—

863 2567 1010 2599 maticos
1033 2569 1173 2609 proprie
1198 2568 1312 2599 sidera
1339 2570 1412 2610 ipsa
1437 2571 1469 2602 in
1489 2572 1557 2603 sin-

862 2616 1024 2657 gulorum
1064 2618 1244 2650 hominum
1281 2620 1438 2658 genitura
1474 2630 1553 2651 seso

862 2665 1068 2707 adspiciunt.
1117 2668 1280 2699 Manetho
1316 2669 1351 2706 4,
1398 2669 1452 2700 ⁴8:
1487 2665 1553 2701 ’'Hu

862 2712 1008 2758 Κρόνος
1020 2712 1164 2755 ’Πίλιός
1185 2718 1213 2746 τ’
1232 2712 1352 2757 ἄμφω
1374 2717 1551 2749 κατίδωσι
