1997 3219
262 152 340 192 70‘2

792 155 959 187 llORATll
985 155 1154 188 EponoN

544 257 711 311 Frangit
742 264 970 300 trementes
1001 257 1137 308 ilices.

484 338 568 379 Nec
601 336 719 379 sidus
751 345 841 379 atra
872 345 994 380 nocte
1026 338 1208 380 amicum
1241 347 1462 394 appareat,

542 418 635 468 Qua
666 417 794 459 tristis
825 415 958 460 Orion
990 418 1130 469 caditf.
1655 420 1699 460 lo

484 497 702 548 Quietiore
734 510 813 539 nec
846 498 1004 539 seratur
1034 512 1248 555 aequore,

541 578 678 628 Quam
710 577 836 619 Graia
867 578 1074 620 victorum
1106 592 1276 624 manus,

485 658 590 700 Cum
618 657 757 700 Pallas
788 664 882 700 usto
913 658 1038 700 vertit
1068 659 1171 700 iram
1204 659 1256 702 ab
1287 659 1361 701 llio

550 739 597 779 ln
628 738 800 794 impiam
830 738 968 780 Aiacis
999 739 1154 781 ratem!

485 820 521 861 O
553 825 736 875 quantus
768 818 894 860 instat
922 819 1073 861 navitis
1105 819 1238 861 sudor
1268 821 1352 861 tuis
1655 822 1698 863 lli

542 898 719 954 Tibique
750 898 886 954 pallor
917 898 1056 959 luteus

349 1024 380 1056 8.
415 1024 525 1064 Fregit
556 1021 683 1054 Plotius
706 1031 741 1063 p.
769 1022 864 1054 4647.
891 1024 938 1062 P,
979 1023 1079 1054 Vertit
1107 1023 1162 1055 vel
1193 1024 1317 1056 Sternit
1346 1025 1547 1057 dubitanter
1576 1035 1659 1067 pro-

305 1074 421 1114 posuit
436 1071 610 1104 Bentleius
626 1097 631 1109 ‚
650 1072 781 1112 Planyil
796 1073 939 1104 auctore
956 1071 1173 1105 Wakefieldo
1190 1074 1310 1105 Bothe.
1340 1076 1389 1115 (Ut
1407 1083 1487 1113 nos,
1503 1075 1650 1107 BbSTcd

304 1131 385 1153 cum
410 1122 537 1153 ceteris
562 1120 671 1153 Codd.
698 1120 814 1160 notis.)
842 1138 876 1143 —
904 1123 966 1153 Vv.
995 1121 1047 1154 ⁴4.
1075 1123 1210 1154 118-20.
1237 1124 1270 1154 in
1294 1125 1318 1155 B
1345 1124 1483 1166 desunt.

305 1233 324 1264 8
340 1250 358 1254 -
375 1233 426 1263 40.
452 1231 603 1273 Franyit]
623 1232 709 1263 Cum
727 1232 759 1263 vi
777 1233 905 1272 repetit
921 1241 953 1263 v.

261 1283 433 1322 frangere,
478 1281 573 1322 quod
612 1280 713 1321 longe
761 1281 958 1321 significan-

262 1332 329 1363 tius
354 1332 407 1362 est
433 1329 655 1371 improbabili
680 1329 734 1361 illa
753 1331 956 1362 coniectura

260 1381 401 1420 Planyil.
434 1398 468 1402 —
511 1380 698 1418 trementes]
738 1381 956 1411 «commotas

263 1430 306 1461 ab
331 1428 500 1469 Aquilone
530 1430 565 1460 et
593 1430 892 1469 conquassatas.»
921 1448 956 1452 -

261 1480 327 1510 Nec
350 1479 438 1509 sidus
454 1496 472 1500 -
488 1495 507 1500 -
527 1478 681 1518 amicam]
711 1477 895 1516 «salutare,
922 1480 959 1509 ut

263 1529 388 1560 Castor
419 1529 454 1558 et
476 1526 614 1565 Pollux,
653 1536 695 1558 ex
725 1537 764 1559 ea
790 1526 876 1558 caeli
900 1537 960 1559 re-

263 1579 364 1618 gione
389 1578 420 1608 ei
445 1579 628 1616 appareat,
661 1576 722 1608 ubi
746 1576 873 1608 occidit
896 1578 960 1608 [ri-

263 1628 338 1666 stis,
364 1627 558 1668 perniciem
583 1626 750 1666 afferens,
778 1627 889 1657 nautis
911 1627 961 1658 in-

262 1677 362 1717 festus
412 1676 484 1716 (Ep.
517 1676 574 1714 45,
608 1676 651 1715 7.)
689 1667 824 1707 Orion.»
864 1676 956 1716 virg.

263 1728 348 1757 Aen.
376 1726 410 1764 4,
437 1726 522 1756 535:
546 1724 712 1755 nimbosus
729 1725 840 1755 Orion.
878 1726 959 1756 Por-

262 1775 414 1815 phyrion
431 1773 575 1814 quidem
592 1772 740 1813 explicat
765 1782 831 1812 qua
845 1776 955 1811 vioe-1563

263 1824 327 1856 sed
352 1825 531 1864 praestare
556 1822 695 1853 videtur
719 1821 825 1853 altera
856 1822 955 1853 ratio.

309 1873 360 1904 43.
392 1872 443 1904 ⁴4.
471 1873 551 1904 Cum
576 1873 610 1903 P.
629 1889 680 1894 --
697 1872 785 1902 iram
815 1871 857 1902 ab
881 1871 956 1912 Ilio]

263 1923 429 1959 Minerva,
445 1922 540 1962 prius
549 1921 705 1952 Troianis
722 1921 804 1952 irata
814 1922 959 1961 propter

264 1972 395 2003 Paridis
414 1971 597 2009 iudicium,
622 1970 747 2001 eadem
769 1970 817 2000 ira
835 1979 960 2010 perse—

265 2023 344 2052 cuta
369 2022 422 2052 est
436 2022 587 2051 Graecos
612 2020 645 2050 in
670 2019 820 2059 patriam
838 2028 960 2050 rex-er-

264 2072 398 2108 tentes,
422 2071 610 2110 propterea
629 2068 724 2108 quod
742 2069 826 2100 Aiax
846 2069 960 2100 minor

266 2119 501 2151 Cassandram
518 2118 605 2149 deae
624 2117 819 2158 supplicem
833 2118 866 2148 in
884 2117 958 2148 eius

265 2168 396 2208 templo
420 2167 576 2199 violarat.
615 2167 740 2205 Odyss.
760 2165 798 2204 ὁ,
825 2167 886 2198 502
905 2175 956 2206 sq.

264 2218 357 2257 Virg.
382 2218 468 2248 Aen.
498 2217 534 2255 l,
562 2216 618 2247 39:
644 2216 795 2247 Pallasne
821 2224 961 2247 exurere

265 2266 400 2297 classem
429 2267 588 2306 Argivum
619 2268 718 2304 alque
743 2266 829 2305 ipsos
853 2265 961 2304 poluit

265 2316 471 2355 submergere
500 2318 601 2355 ponto
635 2315 735 2346 Unius
765 2315 803 2346 ob
836 2323 961 2345 noram

265 2368 295 2396 el
323 2365 431 2404 furias
458 2365 567 2395 Aiacis
592 2363 696 2395 Oilei?
734 2365 892 2404 Propcrt.
920 2363 958 2401 3,

266 2414 302 2450 7,
329 2413 389 2444 39:
416 2414 512 2443 Sana
529 2413 741 2451 triumphales
754 2412 882 2452 fregere
901 2412 962 2444 Ca-

261 2462 389 2501 pharea
402 2470 543 2501 puppes,
568 2462 749 2501 Nausraya
773 2470 848 2492 cum
869 2464 961 2492 vaslo

267 2511 411 2542 Graecia
438 2514 547 2542 tracta
577 2511 646 2542 salo
676 2513 732 2542 est.
774 2511 823 2541 De
848 2511 960 2542 Aiacis

268 2559 419 2591 facinore
456 2559 549 2591 haud
583 2568 663 2591 raro
694 2559 738 2591 ab
768 2559 959 2591 artificibus

267 2610 418 2649 antiquis
442 2611 475 2640 in
501 2608 723 2650 anaglyphis,
752 2608 895 2640 vasibus
919 2617 959 2640 ac

268 2658 416 2697 gemmis
441 2666 609 2698 expresso
634 2658 694 2689 cfr.
722 2657 876 2689 Gerhard
901 2658 961 2688 Γα-

268 2715 354 2745 sena.
382 2707 434 2737 lll.
462 2716 495 2747 p.
524 2706 596 2739 447.
624 2707 706 2739 Aiax
724 2707 959 2738 Cassandram

1007 1234 1147 1274 rapiens
1173 1236 1226 1266 est
1249 1235 1282 1265 in
1307 1235 1463 1267 Gerhard
1487 1239 1555 1267 ant.
1582 1236 1700 1267 Bildw.

1007 1283 1043 1314 T.
1077 1284 1207 1315 XXVII.
1243 1285 1273 1315 sl.
1319 1285 1484 1316 Ceterum
1519 1286 1703 1317 manifesto

1008 1341 1106 1364 mera
1131 1333 1183 1364 est
1214 1334 1447 1374 comparatio,
1482 1336 1516 1365 et
1544 1336 1704 1375 precario

1009 1382 1244 1414 Scholasticus
1274 1382 1416 1423 quidam
1434 1392 1545 1424 nuper
1562 1386 1706 1416 conten»

1010 1431 1059 1462 dit
1090 1431 1314 1463 festivitatem
1344 1433 1449 1464 totius
1474 1434 1637 1465 carminis
1671 1435 1703 1465 in

1010 1490 1051 1512 eo
1068 1482 1292 1522 potissimum
1309 1482 1495 1520 contineri,
1519 1483 1615 1522 quod
1632 1482 1704 1514 Pal—

1008 1530 1059 1562 las
1094 1529 1213 1562 ulcisci
1249 1530 1378 1561 debeat
1411 1532 1603 1570 maevium,
1646 1533 1705 1572 qui

1009 1578 1120 1611 malos
1137 1580 1170 1610 in
1186 1580 1298 1619 ipsam
1312 1588 1436 1611 versus
1451 1582 1700 1620 composuerit.

1054 1628 1167 1659 46-48.
1194 1628 1308 1666 luleus]
1334 1636 1353 1658 a
1376 1637 1410 1659 v.
1435 1629 1550 1666 lutum,
1579 1628 1700 1667 herba,

1009 1677 1107 1707 cuius
1143 1684 1250 1707 succo
1285 1685 1482 1716 pannorum
1515 1677 1700 1709 infectores

1009 1725 1163 1755 utuntur.
1202 1723 1337 1764 (lVaza,
1364 1725 1606 1766 thblsraut.)
1646 1727 1705 1757 Est

1009 1774 1110 1813 igitur
1134 1772 1229 1805 color
1253 1782 1416 1810 croceus,
1442 1773 1564 1814 gilvus,
1592 1774 1704 1815 qualis

1009 1821 1099 1854 solet
1123 1830 1201 1853 esse
1220 1824 1458 1862 arquatorum.
1487 1823 1577 1854 Cels.
1597 1824 1633 1860 3,
1651 1824 1702 1856 24.

1008 1872 1261 1912 Accipiendum
1285 1874 1402 1903 autem
1427 1872 1470 1903 de
1492 1875 1620 1904 summi
1638 1876 1706 1905 ter—

1009 1922 1098 1953 roris
1122 1919 1258 1959 colore,
1290 1929 1359 1952 non
1384 1920 1428 1951 de
1453 1921 1628 1953 morbosis
1653 1923 1704 1954 t'a-

1010 1970 1074 2001 ciei
1092 1969 1256 2007 maculis,
1279 1970 1401 2000 mortis
1419 1970 1583 2002 naturalis
1601 1972 1704 2003 inter-

1009 2020 1094 2051 dum
1129 2019 1362 2059 praenuntiis,
1403 2020 1440 2050 ut
1474 2019 1581 2051 voluit
1616 2022 1705 2052 Cru-

1010 2069 1125 2109 quius.
1173 2069 1223 2100 De
1249 2068 1347 2099 faciei
1373 2067 1489 2100 colore
1514 2070 1619 2101 etiam
1649 2071 1705 2101 Ti-

1009 2116 1092 2149 bull.
1121 2118 1155 2155 4,
1182 2118 1222 2156 8,
1249 2118 1307 2148 52:
1334 2118 1455 2148 nimius
1478 2118 1545 2149 luto
1562 2128 1704 2158 corpora

1009 2167 1104 2207 linai!
1136 2175 1242 2197 amor.
1272 2184 1307 2188 —
1334 2166 1401 2207 illa]
1430 2167 1483 2198 «in
1516 2176 1622 2207 quan]
1654 2169 1702 2206 tu,

1010 2215 1115 2246 homo
1140 2214 1361 2253 meticulose,
1390 2224 1621 2257 prorumpere
1646 2226 1705 2248 so-

1009 2264 1079 2301 les3
1107 2263 1160 2295 illa
1186 2267 1257 2296 tam
1282 2264 1480 2305 pudenda.»
1509 2283 1544 2288 —
1572 2276 1635 2297 non
1652 2267 1704 2297 vi—

1010 2313 1091 2354 rilis]
1110 2314 1180 2345 Cic.
1200 2314 1300 2345 Tusc.
1320 2315 1350 2345 Ξ.
1367 2314 1397 2354 S.
1416 2313 1473 2346 54:
1499 2314 1652 2346 Eiulatus
1667 2324 1706 2347 ne

1010 2362 1200 2393 mulieribus
1217 2363 1345 2401 quidem
1361 2372 1528 2394 concessus
1543 2367 1599 2395 esl.
1627 2365 1705 2396 For-

1011 2412 1067 2444 ma
1092 2413 1225 2444 ciulalio
1249 2413 1356 2443 utitur
1380 2413 1449 2444 iam
1472 2412 1581 2445 Plaut.
1604 2416 1702 2455 Capt.

1010 2461 1047 2499 ⁶2,
1076 2462 1111 2500 l,
1138 2462 1168 2492 7.
1198 2479 1233 2484 ——
1253 2461 1415 2502 ‹wer-sum]
1442 2463 1521 2502 «qui
1547 2472 1564 2493 a
1589 2463 1705 2503 preci—

1010 2510 1077 2542 bus
1106 2519 1209 2542 aures
1241 2511 1398 2541 avertit.»
1440 2510 1625 2551 Aliquanto
1650 2511 1702 2544 le-

1011 2561 1088 2592 nius
1114 2561 1168 2591 est
1192 2568 1298 2599 quam
1315 2560 1481 2591 adversus.
1509 2560 1577 2592 Cl‘r.
1597 2562 1705 2593 Inter-

1009 2610 1128 2650 pretes
1152 2609 1196 2640 ad
1221 2609 1318 2640 Ovid.
1346 2610 1426 2641 Her.
1454 2610 1490 2648 7,
1517 2609 1548 2641 4.

1056 2658 1170 2690 4924.
1202 2659 1312 2689 Ionius
1327 2676 1345 2681 -
1362 2677 1380 2682 -
1395 2658 1495 2700 sinus]
1521 2660 1557 2690 ut
1581 2658 1642 2690 Od.
1662 2659 1675 2689 4
1694 2684 1699 2694 ,

1011 2707 1069 2745 33,
1098 2708 1154 2739 46:
1182 2707 1341 2739 Calabros
1363 2708 1462 2739 sinus.
1497 2707 1558 2738 Od.
1578 2707 1613 2743 3,
1640 2707 1699 2739 ΞΤ.
1746 2706 1747 2709 ’
