1997 3219
706 162 781 192 LlB.
809 162 846 192 Il.
897 162 932 191 (Ξ.
963 162 983 191 1.

393 266 437 306 Et
467 264 725 309 consulenti.
760 263 911 311 Pollio,
946 264 1108 312 curiae,

445 345 520 388 Cui
553 344 697 387 laurus
729 352 925 387 aeternos
963 344 1146 386 honores

503 426 733 469 Delmatico
766 426 931 481 peperit
961 424 1185 481 triumpho.

390 534 473 574 lam
506 546 615 574 nunc
646 531 797 573 IlllssssCl
830 544 1045 573 murmure
1081 544 1286 572 cornuum

389 613 641 668 Perstringis
672 625 814 658 aures,
849 613 931 652 iam
961 610 1048 652 litui
1081 617 1290 666 strepunt,

260 716 305 745 16.
334 714 514 746 Delmatico
538 714 582 744 B:
608 713 798 744 Dalmatico
821 711 1037 748 bSTc,LCtF.
1064 712 1151 741 Item
1176 709 1284 741 Bentl.
1310 712 1343 741 et
1367 710 1428 741 MJ.

163 795 205 826 ad
223 796 381 826 Caesaris
405 794 580 825 Octaviani
606 801 717 832 usque
741 792 853 823 xicto-

164 846 250 876 riam
281 844 450 885 perducta
481 852 561 875 esse
585 841 748 881 videtur.)
795 842 854 873 Res

161 894 310 934 publicae
326 893 359 924 h.
372 893 392 924 l.
406 902 469 934 pro
489 892 653 932 «negotiis
669 890 851 932 publicis»,

164 947 243 983 τοῖς
260 942 485 982 πολιτικοῖς,
511 942 679 982 imprimis
696 942 786 972 statu
803 941 853 972 rei

165 993 324 1034 publicae
337 993 512 1033 variisque
527 992 600 1023 eius
613 990 856 1022 vicissitudini-

165 1042 242 1078 bus,
269 1050 356 1082 quas
380 1051 443 1082 per
466 1040 555 1072 bella
572 1039 681 1072 civilia
701 1041 776 1071 erat
793 1048 855 1071 ex-

165 1094 274 1133 perta.
322 1091 461 1123 Plautus
489 1090 554 1122 Mil.
585 1089 627 1130 gl.
656 1091 694 1127 Ξ,
725 1090 762 1127 1,
792 1089 850 1120 ⁶25:

164 1142 299 1181 moynel
316 1141 362 1171 rei
387 1140 532 1180 publicai
558 1140 680 1180 qratia.
719 1139 789 1170 Cic.
809 1137 852 1169 de

165 1191 255 1221 Orat.
277 1191 302 1224 t,
323 1191 356 1221 tt
375 1200 380 1219 :
398 1191 466 1220 sine
480 1189 583 1220 nialla
597 1188 855 1228 pertractatione

165 1241 309 1270 muntium
348 1248 459 1270 reram
495 1239 716 1278 publicarum.
757 1239 851 1269 Suet.

166 1290 245 1320 Ner.
257 1289 288 1319 91
303 1289 405 1319 Matri
418 1297 576 1319 summam
589 1288 733 1318 omnium
743 1295 855 1318 rerum

162 1338 371 1377 publicarum
414 1338 690 1377 privatarumque
726 1336 854 1375 permi-

164 1388 215 1419 sil.
238 1406 271 1409 —
291 1387 416 1428 numus]
443 1386 616 1426 Quidquid
643 1384 766 1425 aliquis
791 1393 853 1416 su-

164 1438 282 1478 scipit,
308 1437 375 1468 hoc
399 1437 474 1468 eius
499 1436 535 1467 fit
557 1444 691 1472 munim,
715 1435 849 1475 partes,

163 1486 367 1526 Ausqabe.
429 1486 483 1516 Sic
522 1483 684 1516 Pollionis
723 1492 851 1515 munus

164 1536 350 1575 tragoedia,
376 1534 419 1566 ad
445 1543 551 1575 quam
574 1536 653 1574 post
671 1534 851 1564 historiam

163 1584 377 1617 elaboratam
401 1584 518 1615 denuo
535 1592 572 1615 se
590 1583 739 1624 applicet
756 1584 851 1624 optat

164 1637 278 1675 poeta.
292 1653 326 1656 —
337 1634 491 1673 Cecropio
503 1635 621 1664 autem
634 1633 791 1664 cothurno
805 1634 854 1664 in-

163 1685 273 1716 nixus.
285 1684 363 1723 quia
374 1683 466 1724 apud
476 1683 719 1720 AthenienseS,
736 1683 854 1714 inven-

162 1736 236 1764 tore
247 1732 589 1774 Thespi.noruitt1oc
599 1733 717 1772 poesis
728 1741 849 1773 genus.

163 1782 270 1822 (Ox-id.
290 1790 331 1814 ex
348 1783 446 1813 Pont.
466 1781 502 1819 4,
523 1782 582 1819 16,
607 1782 666 1812 ⁵29:
693 1783 853 1821 Musaque

166 1832 305 1863 Turrani
330 1832 465 1871 tragyicis
485 1831 603 1862 inni-ca
619 1831 794 1862 cothurnis.
799 1832 811 1872 )

209 1882 260 1912 43.
278 1880 330 1912 ⁴4.
347 1882 417 1911 Iam
437 1889 587 1921 pergens
607 1880 639 1912 in
657 1881 763 1912 Asinii
780 1889 853 1912 me-

165 1931 237 1962 ritis
262 1930 495 1971 exponendis,
521 1939 603 1962 eum
619 1932 657 1961 ut
673 1932 848 1962 oratorem

163 1981 340 2011 sorensem
378 1981 413 2010 et
450 1982 650 2011 senatorem
686 1979 849 2011 dilaudat.

165 2028 302 2066 Quintil.
332 2029 387 2064 12,
424 2029 479 2063 tl,
513 2029 570 2059 ¹28:
608 2029 655 2060 An
690 2030 789 2060 Pollio
824 2033 853 2060 et

164 2078 324 2112 Messala,
361 2078 416 2116 qui
445 2078 511 2107 iam
546 2078 698 2109 Cicerone
731 2082 854 2110 tenente

164 2136 272 2157 arcem
304 2127 505 2165 eloquentiae
539 2136 637 2166 offere
666 2132 851 2167 coeperant,

161 2185 283 2216 parum
316 2176 346 2206 in
374 2176 443 2206 rita
466 2176 635 2215 ‹liquilalis
657 2176 852 2216 habuerunt,

160 2235 283 2266 param
314 2226 357 2256 ad
384 2228 530 2264 posteros
557 2226 684 2265 ¹qloriae
706 2227 853 2257 tradide-

164 2275 268 2306 runt.)
291 2293 326 2298 -—
353 2275 484 2306 vnaeslis
499 2293 517 2298 -
533 2274 606 2316 reis]
632 2277 667 2306 ut
692 2284 771 2307 cum
789 2276 853 2307 de-

164 2325 270 2356 fendit
308 2325 453 2356 Nonium
492 2327 740 2365 Asprenatem,
779 2326 852 2356 Mo-

163 2375 286 2405 schum
308 2374 404 2414 (ΕΜ).
421 2374 450 2406 t.
465 2374 496 2409 5.
512 2374 542 2404 (t.
563 2373 693 2405 collatis
707 2373 849 2412 Senot),

164 2423 422 2465 Apollodorum.
448 2431 570 2454 onim-s
587 2424 743 2454 veneficii
759 2432 849 2454 reoS.

164 2474 290 2504 lloratii
316 2481 454 2503 memor
478 2473 536 2503 tuit
553 2472 692 2503 midius
711 2473 798 2504 l·‘ast.
820 2473 849 2510 1,

166 2523 215 2553 22.
235 2522 278 2552 (10
296 2522 517 2553 Germanii-0:
545 2522 653 2553 sirica
673 2531 735 2560 pro
751 2522 852 2561 trepi—

164 2572 212 2602 dis
233 2581 304 2602 cum
329 2571 401 2601 luti!
425 2580 520 2601 arma
539 2572 610 2601 reis.
644 2588 676 2592 ψ
704 2572 851 2602 Senatus

164 2623 280 2651 autem
291 2621 492 2659 praesidium
505 2619 698 2660 appellatur
710 2622 852 2660 propter

165 2670 353 2701 sententias
378 2679 396 2700 e
414 2679 449 2699 re
467 2668 602 2710 publica
622 2669 652 2700 in
670 2679 712 2699 co
729 2669 847 2700 dictas,

170 2737 200 2740 >-
223 2720 362 2760 Proprie
376 2718 496 2751 consul
518 2719 654 2749 consuli!
668 2720 848 2759 senatum,

905 799 985 822 cun}
1010 791 1200 822 sententias
1224 792 1321 830 rogat
1345 791 1410 821 hac
1436 789 1592 822 formula:

904 841 964 872 Dic
990 841 1032 872 M.
1059 840 1159 871 TULLt
1193 839 1269 879 (Sal.
1298 840 1371 871 Cat.
1398 838 1456 871 48:
1483 849 1598 870 consu-

903 891 985 921 lente
1001 890 1154 921 Cicerone
1168 892 1300 920 senalus
1321 889 1501 927 decernit.);
1522 891 1595 920 tuni

904 940 977 980 ipse
1002 940 1144 970 senatus
1173 938 1340 970 consulere
1368 938 1434 969 dici
1465 939 1593 978 potest,

904 989 939 1020 id
961 990 1031 1027 est,
1058 987 1270 1027 deliberare,
1297 989 1335 1019 ut
1356 987 1420 1019 Sal.
1448 989 1521 1020 Cat.
1541 988 1593 1019 52.

903 1038 1053 1078 antiquis
1077 1038 1239 1069 Romanis
1264 1036 1384 1068 tribuit
1399 1038 1547 1068 animum
1564 1037 1596 1067 in

902 1088 1096 1119 consulendo
1119 1087 1274 1125 libertam
1308 1095 1374 1118 nec
1402 1095 1486 1118 vero
1515 1096 1595 1118 cum

904 1137 977 1169 aliis
992 1136 1252 1178 explicandum:
1270 1137 1449 1168 consulenti
1465 1136 1598 1168 scilicet

904 1189 948 1218 te.
978 1206 1013 1210 —
1037 1186 1149 1226 Pollio]
1179 1186 1296 1218 Rebus
1327 1185 1472 1217 demum
1500 1185 1595 1217 domi

903 1235 1056 1276 bellique
1081 1235 1274 1267 a'Pollioue
1299 1235 1406 1275 gestis
1431 1235 1506 1267 eius
1531 1244 1596 1266 no-

903 1294 985 1317 men
1008 1286 1210 1326 praeponit,
1248 1293 1337 1324 quae
1368 1284 1511 1323 insignis
1539 1292 1596 1315 ars

901 1343 1008 1376 prave
1032 1334 1247 1375 reprehensa
1272 1335 1325 1365 est
1342 1343 1361 1364 a
1379 1334 1505 1365 Critico
1523 1334 1594 1365 Mo-

902 1385 1044 1416 nacensi
1068 1383 1163 1415 4836.
1191 1392 1224 1424 p.
1244 1383 1318 1414 590.
1347 1382 1447 1414 Haud
1472 1383 1596 1415 memi-

902 1436 1002 1466 nerat
1017 1435 1044 1466 is
1061 1433 1122 1465 Od.
1142 1434 1178 1472 3,
1204 1434 1272 1471 27„
1299 1433 1332 1464 in
1351 1441 1418 1473 qua
1437 1433 1595 1464 Galateae

902 1493 1031 1515 nomen
1056 1485 1238 1524 comparet
1260 1483 1406 1514 demum
1430 1491 1462 1513 v,
1491 1481 1542 1513 14.

946 1534 998 1565 16.
1024 1532 1216 1573 Delmatico]
1242 1533 1327 1563 VIII.
1353 1531 1424 1563 Kal.
1452 1533 1537 1563 Nox‘.
1561 1540 1592 1561 a.

903 1593 936 1615 u.
964 1591 993 1614 c.
1022 1583 1096 1614 7115.
1138 1582 1274 1622 (Baiteri
1307 1582 1395 1613 Fast.
1426 1581 1592 1621 triumph.

901 1642 935 1673 p.
964 1632 1101 1671 CLXI.),
1128 1640 1210 1663 cum
1234 1630 1449 1662 debellasset
1467 1630 1596 1661 Parthi-

902 1692 983 1719 nos,
1019 1682 1190 1724 populum
1222 1681 1366 1722 Illyrici,
1403 1679 1593 1713 Delmatiae

901 1733 1098 1764 finitimum.
1169 1733 1383 1772 scripturam
1429 1731 1596 1761 Delmatia

902 1781 1073 1823 praebent
1090 1782 1337 1822 Inscriptiones
1359 1781 1464 1818 (Grut.
1484 1789 1518 1819 p.
1538 1779 1592 1818 96,

902 1832 931 1862 1.
959 1832 993 1862 in
1017 1832 1172 1872 inscript.
1199 1840 1230 1861 a.
1256 1839 1290 1861 u.
1318 1838 1347 1860 0.
1375 1828 1453 1859 763:
1484 1829 1593 1859 Βιῑιιο

900 1880 1134 1921 ΒΕωιΑΤισο.),
1155 1880 1242 1911 Fasti
1260 1878 1424 1918 triumph.
1445 1877 1590 1918 Capitol.

900 1939 934 1970 p.
962 1930 1086 1967 CLIX.,
1112 1928 1287 1960 interdum
1313 1929 1347 1959 et
1364 1927 1530 1966 Codices,
1557 1928 1594 1958 ut

901 1980 935 2010 h.
962 1978 983 2010 I.
1009 1978 1270 2019 antiquissimus
1295 1978 1414 2008 noster
1436 1977 1473 2008 B.

946 2029 998 2059 17.
1023 2028 1094 2059 Iam
1125 2026 1219 2066 nunc]
1254 2026 1361 2065 Fingit
1390 2034 1428 2057 se
1452 2025 1591 2056 iamiam

901 2076 957 2108 vel
981 2079 1059 2108 ante
1084 2075 1212 2107 lectam
1236 2075 1340 2106 Asinii
1359 2083 1479 2106 curam
1497 2083 1594 2106 sum-

903 2134 959 2157 ma
995 2124 1153 2156 Pollionis
1186 2126 1259 2155 arte
1293 2124 1458 2155 historica
1486 2126 1590 2163 atque

902 2174 1076 2219 ἐναργείᾳ
1099 2174 1132 2204 in
1161 2173 1296 2204 medias
1322 2182 1379 2204 res
1403 2172 1592 2212 abreptum

903 2232 999 2261 esse,
1041 2221 1190 2263 exempli
1229 2230 1354 2260 causa,
1400 2222 1433 2252 in
1477 2222 1590 2262 ipsam

902 2281 1054 2315 pugnam
1094 2271 1346 2309 Pharsalicam,
1387 2271 1591 2311 neutiquam

902 2332 1004 2360 vero,
1042 2324 1077 2353 ut
1109 2320 1162 2352 alii
1196 2322 1399 2362 opinantur,
1438 2321 1470 2351 in
1502 2318 1590 2350 bella

902 2374 1039 2409 extera,
1076 2380 1166 2411 quae
1191 2380 1208 2401 a
1236 2370 1385 2402 Pollione
1412 2378 1589 2410 nunquam

902 2424 1037 2453 narrata
1063 2423 1153 2452 sunt.

945 2472 996 2503 18.
1021 2470 1227 2511 Persa-inqu]
1258 2468 1397 2501 Juvenal
1423 2470 1479 2502 11,
1508 2470 1588 2500 wo:

900 2524 929 2552 el
943 2521 1062 2562 fragor
1077 2530 1191 2551 11:1⁴1·an
1202 2520 1353 2551 Perculit.
1371 2519 1592 2558 I'crslrinycre

901 2570 944 2601 de
969 2569 1112 2601 auribus
1135 2570 1237 2601 acuto
1262 2568 1315 2599 vel
1341 2567 1483 2599 terribili
1505 2576 1590 2598 sono

902 2620 1096 2661 percussis,
1128 2618 1374 2658 praeslrinslem
1405 2617 1448 2648 de
1481 2616 1590 2648 oculis

901 2668 1016 2700 subito
1040 2668 1226 2710 splendore
1253 2666 1305 2698 vel
1323 2665 1463 2698 fulmine
1481 2675 1589 2707 prope

903 2718 1064 2751 caecatis,
1103 2736 1134 2740 —
1170 2717 1252 2757 litui]
1287 2718 1410 2748 Lucan.
1442 2717 1477 2754 1,
1510 2716 1588 2747 237:
