1997 3219
757 127 833 157 Lm.
862 127 899 157 ΙΙ,
949 127 986 157 C.
1015 127 1052 158 X.
1538 126 1619 165 ‘263

693 450 1005 489 CARMEN
1042 451 1114 489 X·

405 561 574 604 Rectius
606 561 743 610 vives,
776 562 930 610 Licini,
964 576 1105 618 neque
1139 562 1269 603 altuni

405 642 584 697 Semper
614 641 807 698 urgendo
838 656 1000 697 neque,
1035 641 1138 683 (lum
1169 641 1379 698 procellas

268 780 304 811 X.
343 780 449 810 lnser.
476 778 564 818 volg.
599 779 647 810 Act
671 779 849 818 Licinium,
890 781 925 810 et
948 780 998 810 sic
1022 780 1055 810 S.
1087 797 1120 800 κ
1147 779 1310 810 Liciniwn
1333 779 1513 819 alloquitur
1537 788 1576 811 ne

223 837 348 867 semper
377 837 501 868 <niaque
534 830 663 867 temptet
694 829 756 859 BT.
795 846 829 850 —
855 828 904 859 Ad
934 829 1098 860 Licinium
1127 828 1303 859 Murenam
1332 829 1489 867 optimum
1514 838 1579 860 esse

224 879 364 909 medium.
388 878 423 915 b,
450 878 533 909 item
559 886 588 918 e,
616 877 750 909 addens
777 878 873 909 ritae.

224 1001 263 1031 X.
302 1002 337 1032 L.
377 1001 526 1032 Licinius
559 1001 702 1032 Murena
734 1001 877 1041 proprio

182 1051 339 1088 nomine,
359 1049 448 1081 filius
462 1051 629 1082 Murenae
643 1048 750 1088 illius⁷
769 1058 877 1090 quem

180 1100 304 1131 Cicero
329 1099 506 1136 defendit,
543 1101 665 1139 postea
702 1108 767 1139 per
790 1098 879 1130 ado-

182 1150 338 1190 ptionem
372 1151 411 1180 Α.
449 1149 632 1179 Terentius
667 1148 776 1179 Varro
801 1149 878 1179 Mu-

183 1207 266 1230 rena
299 1199 398 1237 (Fast.
427 1198 525 1238 Cap.)
557 1196 770 1238 appellatus,
808 1198 879 1229 fra-

181 1250 234 1279 ter
262 1249 299 1279 (2.
325 1246 495 1279 Proculeii
526 1246 632 1284 illius,
659 1248 717 1287 qui
734 1249 879 1288 propter

181 1297 352 1336 insignem
394 1297 426 1327 in
465 1296 588 1327 fratres
633 1295 878 1327 liberalitatem

181 1345 404 1387 praedicatur
420 1345 482 1376 Od.
504 1346 540 1384 2,
558 1346 593 1381 2,
615 1346 645 1376 5.
662 1370 668 1383 ,
696 1347 731 1376 et
746 1346 879 1376 Teren—

185 1396 251 1425 tiae
287 1395 517 1432 Maecenatis,
566 1390 719 1438 ἀκράτῳ
757 1394 880 1434 (inquit

181 1444 244 1475 Dio
261 1443 324 1481 54,
344 1443 388 1482 3.)
413 1443 477 1474 καὶ
506 1446 712 1487 κατακορεῑ
733 1438 878 1486 παῤῥη-

181 1493 246 1535 σι’ᾳ.
275 1488 370 1536 πρὸς
398 1489 543 1531 πάντας
560 1488 706 1533 ὁμοίως
721 1489 875 1537 ἐχρῆτο.

180 1543 293 1573 Homo
339 1542 443 1581 igitur
494 1540 717 1573 turbulentus
771 1544 877 1582 atque

179 1591 388 1624 ambitiosus
415 1591 561 1631 Augusti
600 1591 878 1623 dominationem

180 1640 308 1672 acerbe
334 1640 510 1680 exagitare
535 1639 673 1672 solebat
696 1649 877 1680 novasque

180 1700 237 1722 res
261 1699 405 1730 semper
430 1689 555 1721 moliri.
603 1691 698 1722 Initis
724 1690 876 1730 denique

180 1749 262 1772 cum
286 1739 414 1771 Fannio
441 1740 618 1780 Caepione
644 1741 789 1780 Augusti
815 1748 878 1770 oe-

181 1789 320 1821 eidendi
355 1788 508 1821 consiliis
555 1790 668 1829 iisque
707 1789 876 1827 detectis,

180 1838 285 1871 ambo
309 1847 327 1869 a
352 1837 490 1869 Tiberio
515 1839 565 1869 rei
597 1838 675 1870 faeti
705 1840 758 1877 et⁷
796 1847 878 1870 eum

181 1889 237 1920 die
255 1888 347 1923 dieta
363 1888 397 1919 in
414 1887 542 1919 iudicio
564 1897 633 1920 non
656 1889 879 1930 comparuis—

182 1939 278 1975 sent,
305 1937 471 1969 absentes
489 1936 608 1969 exsilio
626 1938 780 1970 damnati
797 1940 880 1970 sunt

184 1990 219 2018 et
244 1986 357 2027 paullo
382 1989 462 2027 post
487 1988 600 2018 necati
625 1996 655 2018 a.
682 1996 717 2019 u.
737 1996 768 2018 c.
787 1988 876 2027 731„

182 2045 252 2076 quo
288 2036 363 2076 ipso
399 2044 490 2066 anno
515 2035 639 2067 consul
664 2038 739 2067 erat
769 2037 879 2069 suffe-

182 2087 271 2117 ctus.
313 2084 399 2115 Vide
418 2084 544 2116 Baiteri
563 2085 652 2116 Fast.
674 2086 778 2117 Cons.
797 2095 875 2127 pag.

182 2135 276 2166 LVII.
295 2133 378 2165 Vell.
396 2135 426 2172 2,
446 2134 499 2165 9¹.
527 2135 621 2165 Suet.
637 2135 756 2166 Oetav,
774 2135 824 2166 ⁴9.
845 2137 880 2166 et

181 2185 234 2215 66.
252 2182 574 2215 Diol.l.1)rumann
585 2184 877 2223 Gesch.1{.4,1¹93.

183 2233 351 2264 Licinium
375 2235 476 2273 poeta
499 2233 675 2265 exhortari
701 2234 819 2266 studet
836 2234 879 2265 ad

183 2282 463 2314 moderationem
477 2285 582 2323 atque
595 2284 779 2315 universae
789 2284 879 2315 vitae

183 2330 485 2371 aequabilitatem,
504 2332 581 2372 ipso
598 2341 740 2373 quoque
758 2333 881 2365 dicen-

183 2380 217 2412 di
242 2390 371 2420 genere
402 2381 445 2411 ad
476 2383 726 2421 argumentum
750 2384 880 2414 attem-

185 2432 318 2470 perate.
349 2447 383 2452 —
414 2429 664 2462 Difficillimum
687 2433 806 2463 autem
831 2432 882 2463 di-

185 2479 336 2510 iudicatu
369 2481 438 2517 est,
476 2488 541 2510 nee
568 2479 664 2511 facile
691 2482 878 2521 quisquam

185 2530 375 2569 exputarit,
407 2531 524 2560 utrum
544 2530 684 2560 Horatio
701 2530 880 2562 sufl'eeerit

186 2579 339 2610 Stoicum
358 2578 473 2610 locum
492 2588 720 2611 communem
741 2580 879 2620 poetico

186 2637 267 2660 eum
315 2631 438 2660 ornatu
485 2638 684 2670 proponere
730 2630 877 2668 Licinio,

187 2687 292 2717 quem
331 2678 507 2710 interdum
554 2679 701 2710 fortasse
746 2678 881 2710 viderat

930 1001 1027 1041 apud
1063 1002 1322 1039 Maecenatem,
1370 1003 1470 1033 cuius
1506 1003 1624 1034 uxoris

930 1051 1111 1082 Terentiae
1147 1059 1211 1091 per
1257 1050 1484 1091 adoptionem
1519 1052 1626 1083 frater

931 1102 1023 1137 erat,
1060 1109 1103 1131 an
1138 1099 1330 1131 occultiore
1363 1100 1506 1132 consilio
1540 1110 1626 1133 usus

930 1149 1114 1180 hominem
1138 1149 1402 1189 imprudentem
1425 1149 1468 1180 ab
1497 1150 1627 1182 insanis

930 1199 1095 1238 inceptis,
1133 1206 1223 1238 quae
1259 1199 1290 1229 ei
1326 1208 1451 1230 necem
1484 1200 1624 1231 tandem

931 1247 1137 1286 attulerunt,
1157 1247 1335 1279 dehortari
1353 1247 1512 1280 voluerit.
1540 1250 1622 1280 Cer-

931 1299 963 1328 te
987 1296 1043 1327 vel
1060 1296 1268 1337 providente
1290 1299 1394 1337 po'e'ta
1417 1296 1472 1328 vel
1497 1298 1624 1338 impru-

931 1346 1036 1377 dente
1062 1354 1207 1377 earmen
1232 1345 1338 1377 veluti
1359 1347 1565 1378 vaticinium
1581 1347 1624 1378 de

930 1395 1060 1427 misero
1108 1395 1227 1426 Licinii
1274 1395 1369 1426 exitu
1417 1395 1624 1435 aequalibus

929 1444 1040 1476 videri
1076 1443 1242 1475 debebat.
1291 1445 1364 1475 Iam
1400 1445 1463 1476 etsi
1489 1444 1624 1476 definiri

930 1494 1069 1534 nequit,
1109 1501 1178 1533 quo
1203 1502 1294 1524 anno
1320 1495 1556 1534 compositum
1583 1495 1625 1525 sit

934 1561 968 1566 —
994 1543 1167 1574 fluctuant
1190 1543 1280 1573 inter
1304 1552 1414 1574 annos
1438 1543 1518 1582 7:24-⁷
1548 1544 1622 1581 728,

930 1592 1004 1624 731¹.
1034 1610 1083 1632 —,
1116 1593 1247 1624 mirum
1271 1593 1346 1630 est,
1389 1601 1503 1632 aeque
1542 1592 1626 1624 illud

930 1642 1069 1681 utrique
1101 1641 1219 1672 favere
1252 1642 1405 1682 opinioni
1438 1643 1508 1673 tres
1540 1642 1627 1674 Car-

930 1691 1064 1721 minum
1089 1689 1198 1722 libros
1223 1690 1336 1722 editos
1362 1699 1440 1722 esse
1465 1692 1525 1722 aut
1548 1691 1622 1723 731¹.

931 1739 1105 1780 (Franke),
1133 1741 1228 1771 certe
1251 1741 1330 1770 ante
1348 1740 1465 1771 Licinii
1484 1749 1622 1779 necem,

930 1790 990 1820 aut
1020 1788 1094 1820 736.
1126 1788 1299 1829 (Liibker),
1332 1798 1415 1820 eum
1449 1788 1621 1829 plerique,

930 1839 1006 1879 ipse
1024 1838 1130 1869 etiam
1146 1838 1332 1870 Maecenas
1350 1847 1432 1870 eum
1449 1839 1623 1876 Terentia,

930 1888 1014 1919 satis
1060 1888 1130 1918 iam
1175 1887 1328 1919 hominis
1374 1889 1552 1919 temerarii
1587 1898 1627 1919 ae

930 1937 1056 1969 merito
1081 1935 1252 1977 supplicio
1277 1936 1392 1968 affecti
1417 1939 1537 1969 essent
1561 1937 1627 1969 ob—

929 1985 1000 2024 liti,
1026 1986 1072 2017 ita
1096 1987 1135 2016 ut
1158 1994 1201 2017 ne
1227 1987 1358 2017 mentio
1384 1987 1528 2026 quidem
1553 1987 1627 2018 eius

930 2035 974 2067 ab
1002 2036 1143 2067 Horatio
1169 2035 1257 2067 facta
1282 2037 1449 2076 cuiquam
1473 2037 1561 2068 niira
1587 2046 1627 2067 ac

931 2086 1160 2126 praepostera
1184 2084 1296 2116 videri
1318 2087 1451 2126 posset.

976 2183 1091 2215 4-4.
1139 2183 1283 2224 Rectius]
1338 2186 1399 2215 «et
1444 2185 1626 2216 honestius

931 2229 1104 2274 (ἠθικῶς)
1130 2235 1165 2264 et
1181 2233 1350 2265 felicius.»
1377 2234 1425 2265 Ex
1442 2234 1626 2274 frequente

931 2282 1095 2323 allegoria
1126 2283 1235 2314 vitam
1266 2283 1456 2321 humanam
1482 2292 1628 2323 eompa-

931 2333 984 2363 rat
1008 2341 1090 2364 eum
1125 2333 1370 2372 navigatione,
1407 2333 1440 2363 in
1465 2341 1533 2373 qua
1560 2341 1628 2363 non

931 2382 1073 2423 expedit
1108 2391 1255 2414 cursum
1279 2391 1420 2423 uryere,
1458 2383 1626 2423 pertinaci

932 2433 1048 2464 studio
1084 2441 1228 2473 semper
1263 2433 1412 2473 dirigere
1451 2434 1482 2464 in
1518 2432 1626 2464 altum

931 2490 1048 2520 mare,
1076 2491 1192 2522 neque
1212 2483 1376 2522 premere·
1389 2482 1543 2522 (radere,
1577 2481 1627 2513 le-

931 2531 1024 2571 gere)
1062 2530 1142 2563 litus
1187 2532 1360 2571 iniqumn,
1406 2532 1492 2562 ¹male
1523 2532 1627 2571 fidiam

933 2581 1033 2621 (Virg.
1074 2583 1157 2613 Aen.
1186 2583 1226 2617 2,
1254 2582 1320 2621 ⁵23.)
1359 2582 1504 2622 propter
1538 2580 1626 2611 vada

931 2631 965 2661 et
982 2630 1158 2671 scopulos.
1194 2632 1322 2662 Bassus
1348 2631 1380 2662 in
1398 2629 1535 2662 Antliol.
1557 2629 1623 2661 Pal.

930 2681 968 2711 11.
1009 2689 1086 2721 pag.
1128 2680 1213 2711 310:
1254 2677 1357 2720 Μήτε
1392 2689 1441 2720 με
1477 2680 1626 2720 χείματι
