1997 3219
306 208 382 249 4150

804 210 971 241 lloRATll
998 210 1219 243 (IARMINUM

469 313 736 367 Quocunque
769 311 924 354 lectum
955 312 1126 354 nomine
1158 312 1381 354 Massicum
1712 314 1735 351 Γ)

469 394 645 441 Servas,
679 392 838 434 moveri
872 391 998 448 digna
1028 391 1141 434 bono
1171 385 1261 438 die,

523 471 774 519 Descende,
809 472 990 514 Corvino
1023 471 1193 513 iubente

383 618 412 648 ὃ.
442 616 478 655 Q.
499 616 601 655 fetum
623 616 756 646 numine
780 613 933 646 malebat
956 613 1147 651 Bentleius;
1180 614 1347 647 audacius
1372 616 1475 647 etiam
1493 616 1688 648 Silkelaud:

343 670 379 704 ().
408 673 519 696 servas
545 664 650 695 omine
672 664 850 696 Massicum
872 665 1004 695 Lectum
1035 665 1100 695 eet.
1128 663 1275 704 (numine
1296 665 1321 695 B
1346 667 1483 704 noster,
1521 667 1543 698 F
1547 676 1608 698 eae
1637 667 1691 697 Vr.

343 716 364 746 Β
391 724 407 745 a
427 723 498 746 sec.
518 723 579 751 nr,
606 713 758 744 Pottierii
782 714 926 753 quartus
951 712 1134 753 decimus.)
1157 731 1190 735 --
1210 714 1272 744 Vv.
1292 714 1352 745 6-8
1370 716 1402 745 in
1426 715 1462 745 B.
1483 715 1620 747 desunt.

298 845 470 884 quatenus
495 844 632 883 gratum
653 850 818 873 somnum
835 841 988 879 adducit3

297 894 458 933 adeoque
483 893 549 923 hoc
572 900 605 923 v.
633 891 678 923 ad
706 892 865 932 proxima
888 892 990 923 unice

297 942 458 980 refertur,
477 943 515 973 ut
530 942 626 972 recte
644 940 832 972 Bentleius.
854 941 990 972 Etenim

295 1001 413 1032 neque
427 990 632 1032 simpliciter
643 991 843 1027 «innocens,
858 990 988 1030 argylos»

298 1041 486 1081 (quomodo
513 1041 605 1071 enim
631 1040 714 1077 hoo,
753 1040 779 1070 si
808 1040 900 1071 rixas
928 1048 990 1070 ex-

296 1089 412 1129 citata)
440 1098 554 1129 neque
574 1088 776 1126 «munifica,
801 1087 987 1128 benigna»,

1040 842 1137 882 rufen
1153 842 1245 873 bist.»
1269 843 1372 874 Voss:
1398 844 1462 874 Vou
1476 844 1615 876 welelzer
1630 846 1734 876 Laun'

1041 891 1126 922 auch
1148 891 1309 923 Massilcer
1333 892 1376 923 clu
1399 892 1569 924 beu-ahrst.
1605 896 1732 925 Garve:

1039 940 1227 971 Allwelehes
1249 941 1434 981 Iallryatzqs
1456 943 1533 973 Lese
1553 952 1617 973 von
1644 944 1736 974 Mas-

1040 989 1126 1020 sut-er
1165 990 1209 1019 du
1262 990 1403 1027 wahl-stix
1451 991 1735 1032 interpretatione

1039 1038 1246 1070 iamdudum
1292 1047 1308 1069 a
1359 1038 1513 1071 Bentleio
1563 1041 1732 1073 refutat-a:

1042 1088 1303 1127 «cuiuscunque
1349 1088 1500 1121 consulis
1538 1099 1668 1122 nomen
1703 1093 1737 1122 et

296 1147 410 1179 neque
450 1139 552 1170 nimis
593 1137 780 1169 artificiose
821 1146 990 1169 «mecum
1040 1145 1172 1168 annum
1195 1136 1298 1168 fers.»
1333 1155 1368 1160 —
1391 1138 1443 1169 Ad
1466 1148 1569 1170 usum
1586 1149 1640 1170 w.
1660 1149 1738 1179 quo-

294 1188 432 1229 pietatis
467 1187 623 1227 quodam
657 1195 748 1218 nexu
784 1188 987 1225 coniuncta,

295 1245 377 1269 eum
394 1237 489 1268 idem
513 1236 574 1267 tibi
591 1236 634 1268 sit
657 1244 769 1267 annus
788 1235 987 1267 natalicius»

294 1286 596 1327 interpretandum
619 1285 780 1316 arbitror.
812 1284 989 1316 Bentleius

294 1335 457 1375 distingui
488 1336 587 1367 iussit
619 1334 708 1374 (vide
743 1335 847 1365 etiam
879 1335 989 1366 Curas

294 1385 443 1424 noviss.)
503 1384 568 1415 Seu
602 1384 733 1424 facilem
769 1384 846 1422 pia,
883 1386 986 1421 testa,

293 1442 452 1465 somnum.
484 1435 555 1471 Qua
581 1433 726 1473 quidem
751 1433 985 1471 distinctione⁷

294 1485 332 1514 ut
354 1492 464 1523 prope
490 1482 671 1514 simillimis
698 1482 779 1514 huic
805 1482 988 1513 Croftianis

294 1532 475 1570 omnihus,
502 1531 585 1563 nihil
609 1540 753 1572 prorsus
770 1530 926 1562 lucratur
942 1530 990 1562 le-

295 1584 371 1612 ctor
394 1580 607 1620 intelligens:
635 1589 716 1611 nam
733 1581 865 1611 utrovis
883 1579 988 1610 modo

294 1630 509 1668 distinxeris,
528 1630 595 1661 hoc
612 1629 696 1660 dicit
714 1630 834 1669 poeta:
863 1630 985 1666 «testa,

294 1688 383 1720 quae
420 1680 478 1718 pia
517 1680 641 1710 merito
678 1677 919 1719 appellaba-12,
961 1678 988 1709 si

295 1728 431 1760 facilem
455 1728 556 1760 nobis
574 1737 738 1759 somnum
763 1727 986 1758 adduxeris.»

293 1779 424 1809 Verum
452 1777 518 1817 ille⁷
545 1779 583 1809 ut
609 1777 831 1809 acutissimus
855 1776 986 1816 logicae

292 1827 523 1858 accurationis
549 1828 623 1857 erat
646 1826 844 1865 indagator,
875 1826 988 1857 offen-

293 1876 341 1907 dit
358 1877 391 1907 in
408 1875 579 1917 ἐπιθέτῳ,
606 1875 700 1915 quod
718 1876 792 1906 sine
811 1876 986 1906 commate

292 1925 347 1956 illo
373 1926 544 1965 potuisset
566 1924 678 1956 videri
702 1923 756 1956 vel
783 1932 910 1955 ornans
941 1924 988 1963 (nt

292 1975 395 2014 aiunl)
423 1974 613 2013 dumtaxat,
639 1973 694 2004 vel
719 1974 823 2004 etiam
848 1972 983 2011 falsum,

292 2025 371 2063 quia
402 2024 551 2062 querelas
581 2024 615 2053 et
639 2023 735 2053 riaccts
759 2023 885 2062 gerunt
908 2021 984 2053 cadi

292 2083 355 2105 mm
368 2074 435 2112 pil,
456 2072 739 2104 vehementiores
757 2072 862 2103 eliam
880 2072 984 2110 impii.

335 2124 366 2153 5.
406 2124 637 2161 Quocunque-
658 2121 802 2161 nomine]
842 2120 986 2158 «Quod-

292 2181 429 2212 cunque
456 2171 599 2202 tandem
625 2170 778 2202 officium
803 2170 872 2201 fato
897 2179 987 2210 quo-

292 2222 373 2253 dam
399 2220 457 2252 tibi
488 2220 657 2251 tributum
685 2221 754 2257 est,
791 2221 830 2250 ut
854 2219 987 2250 excita—

291 2280 348 2302 res
372 2269 556 2310 aliquando
578 2277 688 2299 unum
704 2269 897 2300 alterumve
915 2267 988 2299 illo-

292 2328 369 2351 rum
405 2318 614 2356 affectuum,
652 2326 740 2357 quos
775 2318 984 2357 significavi,

290 2368 344 2399 vel
362 2367 447 2398 alios
464 2367 568 2398 etiam
580 2378 594 2393 n
631 2366 886 2406 (progrediente
904 2375 987 2396 sen-

292 2417 396 2448 tentia
423 2417 490 2446 iam
516 2416 664 2454 querelas
688 2416 721 2445 et
744 2416 841 2446 rimas
861 2415 986 2447 missas

292 2467 382 2504 sas-it,
401 2465 549 2505 gratiora
564 2464 744 2495 dumtaxat
761 2465 878 2495 mente
893 2473 988 2495 eom—

292 2514 439 2555 plexus);
466 2522 544 2544 seu:
578 2522 846 2553 «quemcunque
871 2514 915 2544 ad
937 2513 988 2544 es·-

292 2564 422 2595 i'eelum
440 2563 691 2603 praestandum
706 2562 920 2594 destinatum
934 2564 987 2593 est

291 2613 479 2644 Massicum
517 2612 767 2652 (Campanum,
794 2611 855 2642 Od.
891 2612 927 2649 4,
949 2612 984 2649 4,

297 2661 370 2698 19),
397 2661 491 2700 quod
516 2661 711 2692 contines.»
748 2661 884 2691 Mecum
907 2660 987 2691 facit

291 2709 428 2739 Lu'bker
467 2708 661 2749 explicans:
705 2709 846 2740 «welche
884 2710 986 2740 Slim—

293 2767 393 2798 uiuus]
418 2760 459 2789 (Iu
490 2760 574 2790 auch
602 2758 901 2798 hercorzubrinyen
932 2758 986 2791 be-

1041 1195 1172 1225 cuuque
1196 1186 1327 1217 nomine
1350 1186 1410 1218 cfr.
1430 1188 1540 1219 Varro
1556 1189 1620 1220 RR.
1642 1190 1676 1228 4,
1704 1191 1734 1228 4,

1041 1236 1075 1266 6:
1101 1236 1181 1265 Item
1197 1236 1379 1266 advenerer
1390 1237 1577 1268 Minervam
1593 1241 1621 1268 el
1643 1239 1737 1270 Vene-

1039 1293 1125 1322 rem,
1163 1293 1306 1323 quarum
1329 1286 1438 1317 unlus.
1450 1287 1647 1325 procuratio
1671 1288 1735 1318 oli—

1037 1334 1119 1371 veti,
1157 1334 1293 1365 ulterius
1315 1334 1502 1374 herlerum,
1539 1345 1602 1375 quo
1629 1338 1736 1368 notul-

1039 1391 1079 1413 ηε
1110 1383 1233 1423 (quam
1263 1382 1307 1413 oh
1339 1384 1500 1424 causam)
1530 1386 1654 1416 rustica
1682 1386 1736 1416 Vc·-

1040 1432 1133 1462 ualiu
1155 1432 1315 1463 instituta.
1357 1432 1443 1463 Nihil
1475 1434 1640 1473 equidem
1669 1433 1736 1465 dis-

1040 1480 1201 1512 ficultatis
1238 1481 1360 1519 video,
1398 1482 1426 1513 si
1460 1482 1660 1522 iungamus,
1700 1485 1735 1514 ut

1040 1529 1136 1561 iubet
1158 1540 1214 1560 w.
1239 1529 1436 1561 collocatio:
1466 1532 1664 1571 Quocunque
1680 1542 1737 1563 ›10-

1039 1580 1126 1610 mlne
1141 1580 1268 1617 lectum,
1291 1579 1407 1618 idest,
1429 1589 1611 1621 «pressum
1629 1583 1733 1621 atque

1040 1629 1263 1666 conditum»,
1297 1638 1379 1660 cum
1403 1637 1490 1660 uvae
1516 1631 1656 1670 proprie
1682 1630 1734 1662 le-

1039 1680 1180 1719 gantur3
1208 1679 1257 1709 sic
1275 1679 1369 1709 enim
1386 1678 1577 1710 admodum
1595 1681 1733 1720 poetice

1039 1727 1225 1767 significat,
1264 1728 1330 1758 iam
1368 1736 1410 1757 eo
1448 1729 1625 1768 tempore,
1664 1738 1734 1768 quo

1039 1776 1218 1808 conditum
1247 1777 1290 1808 sit
1318 1777 1456 1815 vinum,
1495 1780 1628 1809 certam
1659 1779 1733 1810 eius.

1039 1828 1073 1857 et
1097 1826 1357 1866 quodammodo
1383 1826 1522 1858 fatalem
1547 1827 1651 1859 fuisse
1675 1828 1735 1859 de—

1038 1875 1277 1912 stinationem3
1317 1877 1435 1906 contra
1467 1874 1607 1915 languet
1632 1876 1730 1908 illud:

1039 1933 1230 1964 quocunque
1261 1925 1389 1955 ›mml'ue
1417 1934 1529 1956 servus
1555 1926 1734 1957 Massicum

1037 1974 1165 2005 lectum.
1195 1989 1229 1994 —
1260 1974 1391 2004 Lectum
1419 1975 1537 2013 ulique
1556 1977 1610 2006 esti
1627 1984 1733 2006 «cou-

1038 2023 1192 2060 ditum»,
1223 2031 1291 2052 non
1319 2021 1527 2061 «electum»,
1554 2025 1592 2054 ut
1614 2022 1733 2055 volunt

1038 2071 1242 2103 Sanadonus
1268 2073 1302 2101 et
1318 2070 1541 2103 Forcelliuus.
1568 2090 1602 2094 —-
1634 2074 1734 2104 Cete-

1038 2129 1117 2151 rum
1152 2121 1329 2160 speciosa,
1371 2129 1439 2151 non
1477 2123 1593 2152 tamen
1630 2130 1730 2160 vera,

1038 2172 1091 2201 est
1134 2168 1236 2200 lectio
1276 2169 1413 2201 Codicis
1448 2171 1472 2201 B
1502 2171 1732 2210 antiquissimi

1037 2217 1255 2258 aliorumque
1280 2219 1422 2250 numine.

1081 2267 1153 2298 6-8.
1178 2268 1314 2308 moveri]
1343 2268 1467 2298 «Tanta
1493 2270 1588 2299 certe
1615 2277 1652 2300 es
1670 2268 1732 2300 bo-

1038 2317 1162 2354 nitate,
1189 2317 1226 2347 ut
1250 2317 1352 2357 digna
1377 2317 1441 2355 sis,
1469 2326 1559 2357 quae
1584 2318 1651 2349 hoc
1675 2318 1730 2349 die

1038 2365 1150 2397 fausto
1186 2365 1407 2397 demovearis
1443 2375 1482 2397 ex
1521 2368 1729 2407 apotheca.»

1038 2415 1146 2455 Epod.
1179 2415 1236 2452 43,
1275 2416 1310 2445 6;
1355 2416 1399 2446 Tu
1422 2416 1653 2448 vina-move.
1694 2434 1728 2438 —-

1037 2464 1166 2504 Digyuus
1189 2465 1307 2495 autem
1340 2473 1421 2495 cum
1454 2464 1574 2496 inlinit.
1610 2466 1729 2506 poste—

1038 2513 1129 2543 riore
1149 2514 1307 2553 tempore
1344 2513 1449 2544 etiam
1486 2515 1517 2544 in
1549 2522 1652 2554 prosa
1677 2522 1727 2544 or.

1039 2562 1199 2601 iungitur.
1227 2562 1358 2593 Seneca
1377 2562 1420 2593 de
1438 2562 1554 2593 Renes.
1572 2563 1601 2600 4,
1618 2563 1647 2597 4,
1668 2562 1723 2592 4οε

1039 2612 1156 2651 dignus
1183 2614 1227 2642 est
1251 2611 1365 2650 decipi.
1406 2628 1439 2632 —
1478 2611 1660 2649 Descende]
1689 2619 1727 2641 ex

1039 2661 1154 2691 lim-rei
1180 2661 1251 2691 sive
1277 2660 1469 2700 apothecae
1494 2661 1565 2691 sive
1591 2659 1726 2690 suniarii

1039 2710 1188 2750 pariete,
1216 2710 1270 2740 cul
1290 2709 1420 2740 tamdiu
1439 2708 1603 2739 acclinata
1624 2708 1725 2739 suisti.

1038 2757 1200 2790 Similiter
1213 2758 1274 2789 Od.
1299 2758 1334 2795 3,
1355 2758 1411 2795 u28,
1432 2758 1466 2788 7:
1495 2757 1640 2796 deripere
1657 2757 1730 2787 lim·-
