1997 3219
718 227 850 258 LIBER.
899 227 1026 258 mum.
1053 227 1106 258 Xl.

1560 227 1637 268 705

375 329 538 371 Inachia
571 331 730 373 furere.
765 330 879 371 silvis
912 329 1115 372 honorem
1148 329 1317 372 decutit.

317 411 406 451 lleu
439 424 525 452 me.
561 424 636 465 per
667 410 822 454 Urbem
843 424 1015 451 -nam
1047 409 1177 466 pudet
1208 410 1305 452 tanti
1339 409 1435 453 mali
1455 435 1510 441 —

373 490 529 532 Fabula
557 498 714 547 quanta
741 491 818 532 sni!
852 491 1153 533 Conviviorum
1186 498 1226 533 et
1255 491 1463 548 poenitet,

318 572 358 612 ln
391 571 486 627 quis
519 579 728 614 amantem
759 571 936 627 languor
966 578 1007 613 et
1037 571 1249 614 silentium

371 652 515 707 Arguit
546 659 587 694 et
618 652 748 695 latere
780 652 935 708 petitus
966 652 1049 693 imo
1082 652 1266 708 spiritus.

1586 653 1637 694 (lt)

318 733 526 774 Contrane
559 732 723 775 lucrum
754 732 808 774 nil
840 731 982 775 valere
1020 732 1249 775 candidum

372 813 575 869 Pauperis
607 812 857 869 ingenium?
888 812 1103 869 querebar
1133 812 1360 869 applorans
1392 813 1490 857 tibi,

316 892 447 935 Simul
479 892 653 935 calentis
693 893 1006 936 inverecundus
1037 893 1146 936 deus

289 1039 318 1068 6.
346 1037 516 1068 Inachiam
539 1037 625 1069 Cod.
653 1038 814 1069 Laurent.
854 1036 1025 1077 (Inachaia
1049 1037 1098 1078 T.)
1135 1053 1169 1059 —
1207 1037 1238 1069 8.
1264 1041 1300 1068 ut
1319 1038 1462 1077 poenitet
1487 1037 1593 1069 Bentl.

245 1087 335 1118 coni.
374 1085 522 1126 (nabent
551 1089 580 1117 et
604 1086 673 1117 mei
698 1087 732 1117 et
755 1086 908 1118 Pottierii
933 1087 1082 1126 omnes.)
1111 1105 1157 1135 '-
1199 1086 1230 1118 9.
1257 1089 1424 1118 amantem
1454 1087 1599 1128 languor

246 1135 410 1174 BbSTcd‚
450 1144 573 1167 omnes
610 1136 778 1173 Pottierii,
816 1135 901 1167 Ven.
930 1135 1023 1167 1481.
1059 1138 1092 1167 et
1117 1137 1163 1167 L:
1203 1139 1370 1167 amantem
1402 1139 1431 1168 et
1454 1137 1600 1177 languor

244 1184 412 1223 Aldinae,
450 1183 721 1223 Ct‚ssent1etus,
760 1184 828 1216 ΡΜ.

872 1185 922 1223 (Ut
946 1194 1029 1223 nos,
1055 1185 1098 1225 J.)
1137 1202 1171 1207 —
1215 1186 1266 1216 11.
1295 1186 1482 1226 Contraque
1517 1194 1599 1217 cum

245 1234 356 1266 Codd.
382 1233 463 1274 aliq.
488 1233 651 1269 Aldinae,
678 1235 728 1265 Lt.
758 1234 807 1274 (L‘t
824 1242 904 1272 nos,
931 1235 1037 1266 nostri
1063 1235 1210 1274 omnes.)
1240 1253 1274 1257 —
1302 1236 1381 1266 nihil
1396 1236 1432 1266 T.
1455 1253 1489 1257 —
1519 1237 1598 1267 Post

245 1284 338 1315 hunc
362 1292 454 1315 vers.
481 1283 597 1315 deficit
622 1283 708 1315 Cod.
741 1282 764 1314 d
796 1291 907 1323 usque

246 1334 384 1375 Epodos
409 1334 552 1375 excipit,
579 1342 669 1366 vers.
699 1334 771 1365 479.
802 1351 836 1356 —
865 1334 917 1366 42.

199 1461 334 1498 praeter
355 1461 488 1490 eeteros.
519 1475 554 1480 —
586 1466 636 1490 me
649 1475 666 1481 -
679 1476 697 1481 -
709 1457 831 1498 expetit
847 1475 866 1480 -
881 1475 897 1480 -

201 1508 307 1546 urere]
334 1516 411 1539 «me
428 1509 508 1539 ante
528 1515 651 1539 omnes
671 1508 769 1549 petit,
793 1506 896 1548 eligit,

202 1566 307 1598 quem
328 1558 439 1587 urat.»
466 1556 773 1594 Quemadmodum
787 1556 898 1588 torma

201 1607 339 1648 passiva
372 1606 470 1637 Ovid.
490 1607 570 1638 Met.
598 1606 637 1643 7,
664 1607 725 1637 ⁶22:
752 1606 837 1646 Quid
866 1607 899 1637 in

200 1656 325 1695 hospite
349 1655 440 1695 reqicz
464 1655 558 1695 riryo
585 1654 718 1686 Ureris?
747 1656 797 1687 sic
822 1656 855 1687 h.
874 1654 896 1687 1.

204 1714 299 1737 urere
321 1706 353 1736 in
371 1705 503 1744 pueris;
537 1705 659 1744 sicque
686 1706 822 1744 ardere,
847 1714 900 1736 suf-

200 1755 330 1795 spirare
355 1755 387 1785 in
403 1754 535 1793 aliqua,
562 1756 596 1785 et
616 1755 772 1795 Propert.
793 1755 823 1793 1,
844 1754 896 1794 13,

202 1805 240 1835 7:
276 1804 424 1835 Per-ditus
446 1804 480 1834 in
504 1804 649 1842 quadam
673 1804 778 1835 tardis
796 1804 900 1844 palle-

202 1862 290 1884 scere
311 1853 400 1883 curis
422 1854 488 1884 cet.
528 1852 596 1884 Ctr.
618 1853 713 1884 Bach
735 1853 778 1884 ad
798 1853 894 1885 Ovid.

202 1904 281 1935 Met.
301 1902 336 1937 t,
358 1901 430 1934 234.
472 1901 570 1933 Hand
591 1903 690 1933 Turs.
718 1903 741 1933 1.
768 1911 802 1943 p.
821 1902 896 1934 536.

245 1953 264 1983 ὅ
281 1969 299 1974 -
315 1951 347 1982 8.
389 1952 504 1983 tertius
537 1951 731 1992 December]
765 1952 898 1983 mensis

202 2010 266 2042 pro
293 2010 395 2032 anno.
441 1999 605 2032 Similiter
631 2001 724 2041 Yirg.
752 2002 837 2032 Aen.
856 2001 895 2038 ὅ,

202 2050 281 2082 ὓὲὃῑ
309 2051 457 2090 Septima
472 2067 490 2072 -
507 2067 524 2072 -
541 2053 659 2081 aestas.
688 2068 723 2072 —
748 2049 896 2090 Inachia]

202 2099 358 2131 Eandem
381 2101 556 2131 memorat
571 2099 680 2140 Epod.
701 2099 752 2137 4⁵2,
772 2098 823 2131 44.
844 2099 894 2130 15.

203 2150 273 2180 Cur
294 2150 413 2180 autem
434 2149 501 2180 hoc
527 2149 668 2180 nomine
693 2148 736 2180 ab
754 2148 894 2186 Inacho,

202 2199 316 2239 prisco
332 2201 504 2239 Argorum
521 2207 616 2239 rege,
636 2198 740 2229 ducto
758 2207 841 2231 usus
855 2199 898 2230 sit

202 2246 331 2289 quidve
354 2256 395 2279 eo
419 2247 616 2287 significare
641 2247 806 2285 voluerit,
834 2255 897 2279 nos

202 2298 361 2337 ignorare
380 2297 477 2328 fateri
503 2297 613 2328 satius
630 2298 683 2328 est
700 2305 806 2337 quam
824 2296 897 2328 sru-

202 2349 272 2378 stra
283 2346 450 2378 divinare.
468 2364 501 2368 -—
517 2345 682 2387 honorem]
699 2346 895 2378 usrondes.»

203 2396 294 2436 Virg.
321 2396 381 2427 Ge.
406 2396 443 2433 Ξ,
470 2394 552 2427 404:
586 2396 739 2436 Frigidus
759 2399 788 2427 et
810 2396 899 2427 silvis

202 2445 318 2484 Aquilo
351 2445 488 2476 decussit
515 2445 686 2481 honor-erm
725 2446 774 2476 sic
809 2446 899 2476 ruris

201 2494 349 2533 honores,
368 2494 508 2532 «flores,
529 2493 679 2533 fruges,=›
705 2494 767 2525 Od.
791 2495 822 2530 1,
847 2495 895 2532 17,

209 2544 255 2574 to.
279 2561 313 2565 —-
338 2553 416 2574 nam
436 2544 547 2585 pudet]
575 2544 721 2575 «invitus
740 2552 804 2575 nec
821 2545 896 2575 sine

204 2591 434 2631 indignatione
456 2593 534 2624 dico
554 2602 610 2624 me
628 2593 758 2624 derisui
784 2593 897 2624 liomi-

204 2641 306 2673 nibus
324 2641 449 2674 tuisse}
471 2643 655 2681 nampmtet
673 2644 786 2673 tantae
805 2643 898 2682 igno-

204 2691 365 2722 miniae.»
389 2691 468 2722 Siue
482 2699 586 2721 (rausa
605 2691 708 2730 igitur
724 2691 893 2722 Brona-kt..

204 2742 271 2771 iam
285 2741 393 2780 pudet.
423 2758 455 2762 —
487 2740 612 2771 Fabula
639 2739 730 2771 haud
757 2749 834 2771 raro
853 2740 895 2771 de

204 2790 342 2820 sinistro
376 2798 527 2821 rumore.
576 2788 648 2820 ΤΗ),
693 2791 702 2820 1
720 2816 724 2822 ,
762 2788 799 2826 4,
837 2789 893 2819 83ῑ

317 2850 434 2878 nonu.
462 2858 521 2879 voi.
553 2850 560 2877 1
617 2857 655 2877 izn
693 2857 791 2878 usion
818 2849 850 2877 ΙΙΙ

943 1283 987 1314 ad
1023 1285 1113 1316 Artis
1149 1285 1333 1325 poeticae,
1370 1293 1460 1325 quae
1490 1285 1523 1316 in
1557 1293 1598 1316 eo

945 1333 1089 1367 Ultimus
1112 1343 1144 1365 x:
1172 1335 1205 1365 in
1230 1334 1264 1365 B.

947 1458 1050 1489 Parce
1061 1466 1163 1498 puer,
1189 1467 1321 1498 quaeso,
1346 1467 1386 1490 ne
1409 1459 1516 1498 turpis
1528 1458 1643 1498 fabula

945 1508 1037 1548 fiam.
1064 1507 1160 1539 ovid.
1180 1509 1256 1539 Am.
1282 1508 1319 1545 3,
1340 1509 1352 1539 1
1371 1533 1378 1546 ,
1404 1508 1439 1539 2⁴
1461 1517 1467 1538 τ
1505 1508 1642 1547 Fabula,

948 1566 1006 1588 nee
1027 1557 1142 1596 servm,
1168 1560 1234 1588 tota
1257 1557 1396 1588 iactaris
1419 1557 1454 1588 in
1480 1557 1571 1588 Urbe.

992 1606 1045 1637 9-
1063 1605 1115 1638 44.
1142 1606 1300 1648 lanquor]
1328 1608 1470 1648 «torpor
1498 1608 1532 1638 et
1560 1615 1642 1638 cru-

949 1656 1060 1687 ciatus
1088 1656 1229 1687 animi.»
1266 1657 1390 1687 Aenos.
1434 1673 1471 1678 —
1507 1656 1642 1697 Arquit]

950 1705 1030 1737 «Est
1064 1705 1209 1746 perlecti
1245 1706 1447 1746 temporis.»
1484 1706 1576 1737 IDEM.
1607 1723 1642 1728 —

947 1754 1091 1796 spiritus]
1131 1755 1298 1795 «suspiria
1332 1763 1375 1786 ex
1405 1755 1475 1786 imo
1499 1756 1642 1795 pectore

948 1804 1091 1845 petita.»
1124 1803 1232 1835 Plaut.
1260 1804 1343 1835 Cist.
1371 1804 1383 1834 1
1403 1829 1408 1842 ,
1430 1804 1543 1841 1,58;
1577 1804 1644 1835 Hoc

947 1853 991 1884 sis
1019 1853 1110 1891 victe,
1146 1856 1181 1883 ut
1208 1853 1323 1892 petivit
1346 1853 1534 1892 Suspirium
1557 1853 1621 1885 alte
1636 1855 1645 1884 .‘

948 1902 1040 1941 Virg.
1068 1904 1152 1933 Aen.
1181 1903 1216 1940 1,
1244 1902 1300 1933 371
1322 1912 1328 1932 :
1355 1902 1535 1941 Suspirans
1559 1903 1643 1934 imo-

949 1959 1010 1989 que
1033 1951 1164 1982 trahens
1187 1960 1209 1982 a
1227 1954 1359 1990 pectore
1380 1960 1502 1983 vocem.
1542 1952 1640 1983 ovid.

949 2000 1027 2031 Met.
1067 2000 1102 2038 Ξ,
1140 1999 1220 2032 774:
1270 2001 1457 2040 voltumque
1494 2001 1563 2031 ima
1600 2001 1644 2032 ad

947 2049 1093 2088 suspiria
1115 2049 1221 2080 duxit.
1252 2068 1286 2072 —
1314 2049 1489 2090 Contrane]
1507 2048 1643 2090 Triplex

950 2098 982 2129 h.
1014 2097 1034 2129 l.
1073 2099 1285 2130 constructio
1321 2100 1500 2130 contracta
1541 2099 1568 2137 1)
1601 2107 1642 2130 ex

948 2147 1217 2188 interrogatione
1234 2158 1239 2178 :
1268 2148 1431 2180 Contrane
1453 2148 1582 2178 lucrum
1598 2148 1645 2178 nil

946 2197 1033 2228 valet
1055 2196 1246 2237 ingenium?
1276 2197 1305 2236 2)
1331 2206 1372 2229 ex
1398 2197 1642 2236 indignationis

948 2245 1222 2278 exclamatione:
1271 2247 1395 2279 Contra
1431 2248 1561 2278 lucrum
1598 2246 1644 2277 nit

946 2296 1055 2327 valere
1078 2296 1243 2336 inqenium
1257 2298 1266 2326 ;’
1291 2296 1319 2335 3)
1341 2296 1508 2335 Querebar
1523 2296 1571 2326 m'l
1585 2305 1643 2326 ra-

947 2345 1013 2377 lere
1050 2346 1228 2386 ingenium.
1285 2345 1341 2376 Nil
1376 2346 1486 2376 valere
1524 2347 1642 2376 autom

948 2394 1041 2435 apud
1058 2394 1232 2426 Inachiam
1251 2397 1369 2426 contra
1389 2393 1546 2426 rivalium
1565 2403 1643 2426 mu—

949 2452 1032 2475 nera
1058 2443 1203 2484 largiora
1229 2443 1375 2484 simplex
1401 2454 1440 2475 uc
1465 2444 1642 2475 sincerum

949 2493 1124 2532 ingenium
1149 2503 1252 2525 suum
1278 2492 1498 2525 lamentatur.
1526 2511 1558 2514 »-
1580 2502 1642 2532 (ιρ-

944 2542 1083 2581 plortms
1119 2542 1192 2582 tibi]
1235 2551 1342 2573 urum
1368 2541 1520 2573 lacrimis
1544 2550 1642 2573 meos

948 2600 1088 2623 umores
1114 2591 1173 2623 tibi
1199 2591 1415 2623 ‹·oiiscssus.n
1460 2591 1497 2621 V.
1524 2591 1640 2630 applo-

948 2650 1043 2677 rare,
1078 2638 1443 2685 προσυλοᾳύρεσθαί
1468 2649 1550 2676 τινι,
1589 2641 1639 2671 vix

948 2688 1027 2721 alibi
1062 2691 1235 2731 reperitur
1265 2699 1370 2730 quam
1404 2690 1458 2720 liic
1484 2692 1517 2720 et
1549 2690 1640 2730 apud

948 2740 1119 2772 Senecam
1145 2741 1299 2778 Quacstt.
1328 2741 1396 2770 unt.
1419 2738 1454 2777 i,
1484 2740 1517 2777 ὲ,
1545 2740 1574 2770 6.
1606 2757 1639 2761 —-

949 2790 1192 2830 inroret-midas]
1210 2798 1298 2829 aquo
1312 2788 1488 2820 liberalius
1502 2790 1642 2828 stiiiipto

1385 2850 1415 2876 35.
