1997 3219
385 278 408 317 ἴ)
413 277 436 318 3
440 277 464 317 ’2

890 275 1056 306 iioRATn
1083 274 1306 307 CARMINUM

552 379 714 422 Tiburis
747 380 859 435 ripas
891 391 1073 434 operosa
1104 386 1260 433 parvus

727 459 921 501 Carmina
952 458 1075 513 fingo.

553 565 759 608 Concines
790 564 951 606 maiere
982 567 1107 619 poeta
1142 562 1302 618 plectro

552 647 799 693 Caesarem,
836 643 1096 700 quandoque
1126 642 1264 685 trahet
1290 642 1455 684 feroces

554 729 634 769 Per
664 740 834 768 sacrum
863 724 1018 767 clivum
1048 723 1197 765 merita
1230 722 1414 765 decorus

722 805 888 849 Fronde
920 803 1180 862 Sygambros
1198 838 1204 852 ,

470 916 522 947 34.
559 915 648 946 rivos
670 912 781 945 Bentl.
809 913 898 944 coni.
941 929 975 933 -
1015 910 1068 942 34.
1095 910 1207 941 trahat
1242 916 1418 949 superscr.
1458 907 1533 939 «vel
1568 908 1693 939 trahet»
1721 907 1757 938 d.
1788 926 1821 930 w

429 965 480 996 35.
507 964 624 995 clivom
646 961 756 995 Bentl.
786 980 821 984 —
848 961 901 992 36.
928 959 1128 1000 Syqambros
1151 958 1244 997 Bbc,
1278 959 1321 996 C,

429 1015 503 1045 bros
526 1015 565 1052 S⁷
592 1012 780 1044 Sicambros
803 1010 915 1049 cd‚Lt.

429 1106 481 1138 34.
514 1106 566 1137 32.
599 1105 711 1145 ripas]
748 1102 926 1140 absolute,
949 1103 989 1133 ut
1014 1100 1076 1132 Od.

386 1157 422 1195 3,
448 1157 514 1194 25,
544 1155 621 1193 43.,
662 1153 723 1185 ubi
747 1162 816 1184 non
841 1153 956 1184 minus
980 1150 1078 1182 facile

385 1205 483 1237 Hebri
523 1205 649 1244 cuique
700 1204 733 1234 in
783 1203 941 1233 mentem
985 1201 1081 1232 venit

386 1263 494 1295 quarn
525 1254 581 1284 hic
604 1252 745 1283 Anienis
780 1251 992 1291 Neutiquam
1017 1250 1081 1290 igi-

385 1306 441 1335 tur
457 1304 544 1334 rivos
567 1300 766 1341 legendum.
790 1317 824 1322 -
845 1299 993 1340 operosa]
1021 1308 1082 1340 op-

386 1354 564 1395 ponuntur
588 1352 644 1389 iis,
679 1358 768 1390 quae
797 1350 931 1390 poetis,
973 1349 1082 1389 inspi—

385 1401 545 1434 rantibus
561 1401 685 1438 Musis,
722 1398 828 1431 veluti
853 1399 977 1439 sponte
1002 1406 1083 1438 pro-

386 1452 540 1484 veniunt.
569 1468 604 1472 —
627 1448 772 1489 parvus]
800 1449 858 1479 «ut
881 1450 955 1488 apis
980 1456 1081 1478 com—

385 1501 506 1542 parata
537 1507 618 1530 cum
651 1507 782 1538 cycn0‚
819 1498 864 1528 ita
900 1506 963 1537 ego
999 1505 1081 1528 cum

385 1550 535 1582 Pindaro
572 1548 802 1585 commissus,
855 1548 968 1578 tenuis
1002 1554 1081 1578 sum

387 1602 492 1641 atque
527 1598 668 1630 humilis
710 1599 847 1638 poeta.»
891 1615 926 1619 —-
974 1595 1080 1637 fingo]

387 1646 535 1681 πλάττει)
550 1672 558 1686 ,
592 1646 702 1679 verbo
727 1647 867 1677 Graecis
892 1646 935 1677 de
969 1644 1081 1677 melli-

385 1700 463 1731 ficio
488 1698 644 1739 proprio.

429 1748 481 1780 33.
524 1747 678 1779 Concincs
711 1745 797 1785 cet]
835 1745 1005 1784 «Dignius
1045 1745 1081 1774 tu

386 1806 492 1829 canes
516 1796 561 1827 ad
588 1795 718 1835 lyram,
753 1795 866 1825 maius
891 1801 1081 1833 argumen-

386 1849 459 1879 tum
490 1846 720 1881 tractaturus,
758 1842 901 1882 Augusti
934 1841 1078 1879 laudes,

385 1904 472 1936 quas
511 1902 658 1934 operosa
698 1901 777 1923 inea
818 1891 972 1922 carmina
1011 1899 1079 1921 non

385 1945 656 1985 assequuntur.»
697 1941 751 1972 Sic
782 1941 875 1971 enim
904 1938 994 1971 malo
1020 1948 1081 1970 cx-

384 1994 512 2036 plicare
538 2000 643 2033 quam
668 1999 749 2021 cuin
773 1992 933 2021 Acrone:
968 1990 1081 2020 «Can—

385 2044 476 2076 tabis
501 2041 687 2073 nobiscum
712 2041 762 2078 tu,
790 2039 954 2077 Antoni‚»
986 2038 1081 2079 quod

385 2093 512 2135 prohat
530 2093 642 2131 Unger
659 2089 702 2121 de
721 2091 758 2120 C.
778 2088 896 2128 Valgio
917 2096 995 2129 pag.
1026 2088 1077 2120 24..

386 2143 522 2176 Etenim
550 2141 578 2172 si
610 2140 676 2171 hoc
706 2138 873 2170 voluisset
897 2137 1078 2175 Horatius,

385 2193 442 2224 hic
478 2191 596 2223 statim
631 2187 915 2227 subiungendum
950 2186 1079 2226 aliquid

386 2242 508 2274 fuisset
525 2240 568 2271 de
585 2239 684 2279 parte
699 2237 742 2268 ab
761 2238 836 2277 ipso
854 2237 887 2267 in
906 2236 957 2267 his
974 2235 1081 2267 laudi-

386 2291 453 2322 bus
477 2289 624 2321 Antonio
649 2287 870 2318 demandatis
895 2294 1082 2317 assumen-

392 2340 447 2371 da.
467 2357 501 2361 —
522 2338 670 2377 Iungunt
687 2336 831 2376 quidam
842 2337 945 2374 pocla
956 2335 1084 2365 maiore

384 2389 508 2428 plectro
540 2385 754 2427 (prae‹1itus);
798 2384 861 2416 sed
889 2382 1080 2424 simplicius

388 2439 456 2469 est:
497 2436 645 2467 concines
674 2434 801 2465 maiore
830 2434 979 2472 plectro,
1017 2434 1082 2463 «ut

388 2487 491 2528 po'e'ta
506 2494 590 2516 vere
609 2485 674 2515 hoe
692 2483 831 2514 nomine
850 2483 992 2522 dignus,
1011 2481 1082 2522 ple-

388 2536 485 2567 niore
507 2542 610 2573 sono,
637 2532 832 2573 grandioris
849 2532 991 2572 spiritus
1009 2539 1082 2562 car-

388 2585 516 2616 mine.»
564 2583 619 2614 Sic
652 2582 747 2614 Ovid.
784 2582 863 2613 Met.
899 2581 957 2619 110,
998 2580 1078 2612 450:

388 2634 489 2665 cecini
514 2632 638 2672 plcctro
667 2631 823 2671 ⁸qraviorc
853 2630 1016 2670 Gigantas
1032 2646 1049 2650 -
1065 2646 1082 2651 -

388 2684 484 2714 Nunc
500 2691 580 2721 opus
595 2685 640 2713 cst
656 2681 774 2712 leviore
787 2680 874 2718 lyra.
903 2679 1079 2718 (Celerum

391 2732 553 2763 Horatius
591 2737 769 2770 nunquam
803 2728 958 2769 profecto
988 2728 1083 2768 eogi-

390 2782 473 2812 tavit
489 2781 532 2812 de
549 2781 701 2821 Augusto
727 2786 807 2809 cuin
826 2777 971 2808 Pindaro
989 2786 1084 2808 con}—

392 2830 564 2871 parando,
601 2832 637 2865 ut
670 2828 829 2869 opinatus
855 2829 904 2858 est
933 2827 1083 2857 novissi-

1353 956 1483 995 Bentl.‚
1511 957 1604 990 FMJ:
1642 958 1782 996 Sycam-

1130 1108 1209 1131 mus
1245 1100 1441 1140 interpres:
1487 1100 1569 1130 «Du
1603 1100 1696 1130 wirst
1727 1099 1824 1130 sehon

1130 1150 1255 1189 besser,
1281 1149 1331 1180 als
1353 1149 1423 1188 ich,
1449 1149 1509 1179 dcn
1532 1149 1696 1189 Augustus
1718 1148 1825 1180 besin—

1128 1208 1212 1239 qen,
1254 1199 1314 1230 der
1354 1198 1406 1229 ein
1441 1198 1604 1229 dhnliches
1628 1199 1727 1230 Gcnic
1763 1198 1826 1229 wie

1128 1249 1254 1280 Pindar
1278 1248 1332 1287 ist,
1365 1248 1475 1279 dessein
1497 1247 1738 1288 Bestrebunycn
1761 1247 1826 1278 'wir

1129 1298 1293 1329 kleinercn
1321 1298 1447 1329 Geister
1477 1297 1540 1328 alle
1569 1298 1706 1337 sordem
1738 1299 1825 1328 mils—

1129 1347 1234 1388 κω»)
1263 1364 1294 1370 -
1318 1346 1431 1387 pocta]
1456 1347 1584 1387 quippe
1602 1347 1662 1387 qui
1682 1347 1826 1378 Diome—

1131 1397 1235 1428 deam
1259 1396 1507 1436 composuerit.

1176 1464 1227 1496 34.
1255 1464 1460 1505 quandoque]
1485 1463 1824 1504 «quandocunque»

1132 1516 1219 1546 Nam
1243 1515 1325 1545 tunc
1348 1514 1465 1554 ipsum
1488 1522 1558 1545 non
1583 1513 1759 1553 cogitabat
1781 1512 1825 1543 de

1132 1563 1308 1604 triumpho
1334 1562 1508 1594 ducendo.
1547 1563 1659 1593 Immo
1684 1571 1714 1593 a.
1734 1571 1767 1594 u.
1788 1571 1818 1594 c.

1132 1612 1205 1645 744.
1232 1613 1408 1652 Augustus
1434 1610 1541 1643 rebus
1566 1610 1711 1650 Gallicis,
1739 1613 1825 1643 Ger-

1132 1662 1297 1700 manicis,
1346 1661 1612 1701 Hispanicisquc
1660 1660 1825 1692 omnibus

1133 1711 1336 1751 compositis
1372 1710 1526 1741 honores
1561 1718 1579 1740 a
1613 1711 1736 1741 senatu
1761 1710 1825 1741 de—

1133 1762 1250 1792 cretos
1285 1768 1355 1790 non
1385 1759 1519 1799 accepit
1551 1760 1585 1790 et
1617 1760 1822 1799 praetcrea,

1132 1817 1319 1840 occursum
1344 1807 1463 1848 populi
1486 1809 1676 1845 vitaturus,
1718 1809 1824 1839 noctu

1131 1857 1258 1889 urbein
1284 1857 1431 1888 intravit.
1472 1857 1545 1897 (Dio
1571 1858 1666 1889 Cass.
1685 1857 1738 1895 54,
1758 1858 1823 1896 25.)

1132 1908 1191 1939 Est
1224 1907 1348 1947 igitur:
1401 1914 1503 1937 «eum
1540 1906 1603 1946 ipsi
1639 1905 1825 1946 aliquando

1133 1955 1286 1997 placebit
1326 1955 1585 1996 triumphare.»
1626 1974 1659 1977 --
1701 1956 1823 1996 trahet]

1133 2007 1216 2046 Epp.
1243 2006 1279 2043 ¹2,
1308 2006 1343 2044 l,
1375 2005 1427 2036 1901
1449 2014 1455 2035 t
1482 2006 1565 2036 Mox
1588 2005 1733 2036 trahitur
1757 2013 1826 2035 ma-

1131 2055 1225 2086 nibus
1247 2063 1363 2095 rcyum
1386 2055 1535 2085 Fortun-(i
1558 2055 1698 2085 rclortis.

1175 2124 1227 2155 35.
1263 2131 1396 2153 sacrum
1419 2121 1553 2162 clivum]
1586 2123 1693 2153 Sacer
1717 2120 1825 2153 clivus

1132 2182 1151 2204 a
1175 2171 1268 2203 nullo
1292 2172 1462 2212 scriptore
1489 2172 1706 2202 memoratur
1721 2178 1826 2211 prae-

1133 2224 1294 2262 terquam
1322 2221 1365 2252 ab
1392 2221 1531 2252 Horatio
1564 2222 1598 2252 et
1627 2230 1646 2251 a
1671 2218 1824 2252 Martiale

1133 2273 1170 2310 Ἰ,
1208 2271 1266 2309 70,
1303 2272 1333 2302 5.
1385 2272 1525 2302 Partem
1559 2269 1663 2301 fuisse.
1698 2270 1825 2300 Sacrae

1132 2321 1207 2351 viae
1239 2320 1364 2351 leniter
1393 2319 1664 2358 ascendentem,
1707 2318 1826 2350 diver-

1132 2380 1208 2402 sam
1233 2379 1251 2401 a
1276 2369 1365 2402 clivo
1391 2369 1584 2410 Capitolino
1611 2370 1729 2410 (quenl
1754 2378 1827 2400 ine-

1131 2422 1244 2452 morat
1278 2420 1387 2451 Varro
1430 2421 1490 2451 LL.
1517 2421 1554 2458 5,
1581 2418 1632 2450 47.
1660 2427 1738 2459 pag.
1768 2418 1819 2449 48.

1132 2468 1275 2509 Mucii),
1305 2469 1485 2500 contendit
1502 2469 1566 2500 Fea
1593 2467 1635 2498 ad
1656 2467 1765 2508 Epod.
1792 2468 1822 2502 7,

1132 2519 1162 2550 8.
1201 2518 1286 2549 Vide
1314 2519 1382 2549 iam
1408 2518 1613 2549 Excursum.

1176 2580 1228 2611 536.
1247 2579 1458 2620 Sygambros]
1476 2578 1578 2619 Apud
1595 2579 1673 2610 Tac.
1689 2580 1775 2609 Ann.
1792 2578 1822 2615 2,

1134 2630 1184 2660 26.
1212 2629 1377 2660 scribitur
1400 2628 1621 2669 Sugambros,
1663 2628 1699 2658 ut
1722 2627 1825 2658 Suria

1134 2680 1200 2709 cet.
1249 2677 1408 2709 Straboni
1426 2677 1456 2709 4..
1476 2686 1509 2718 p.
1531 2676 1603 2708 ⁴94..
1630 2678 1710 2708 sunt
1732 2673 1823 2708 Σού-

1133 2726 1311 2771 γαμβροι,
1338 2727 1437 2758 Dioni
1450 2726 1502 2765 54,
1518 2726 1570 2757 ΞΟ.
1590 2722 1822 2769 Σύγαμβροι,

1134 2775 1282 2817 populus
1313 2776 1518 2807 Germaniae
1551 2776 1699 2806 tractum
1736 2775 1826 2805 inter

1135 2826 1315 2863 Rhenum,
1357 2825 1482 2863 Sigiam
1518 2825 1553 2855 et
1587 2824 1754 2863 Luppiam
1789 2823 1821 2854 n.
