1997 3219
300 207 380 247 :384
808 208 975 239 uomru
1002 207 1223 240 oAnMiNUM

581 310 807 366 Aeilesquo
839 309 1029 352 labentes
1061 309 1238 352 deorum
1271 317 1310 352 et

638 389 780 432 Foeda
812 390 930 445 nigro
962 384 1189 447 simulacra
1218 390 1345 432 fumo.

524 490 599 531 Dis
629 495 668 531 te
703 489 912 531 minorem
942 487 1057 544 quod
1089 488 1223 544 geris,
1258 489 1463 545 imperas:
1714 490 1738 528 5

527 569 632 611 Hinc
662 582 787 611 omne
818 564 1092 625 principium,
1126 567 1210 611 huc
1241 569 1351 612 refer
1381 570 1550 612 exitum.

581 649 631 691 Di
663 648 793 691 multa
823 648 1003 705 neglecti
1035 648 1248 691 dederunt

640 729 876 786 Hesperiae
907 728 1018 771 mala
1046 728 1281 773 luctuosae.

390 839 421 870 3.
446 838 604 877 [lectisque
627 837 664 868 B.
694 854 729 858 —
756 836 786 868 4.
811 836 902 876 sumo
926 836 1108 868 simulacra
1132 838 1228 878 nigro
1252 846 1302 879 pr.
1330 838 1366 869 T.
1396 856 1431 860 —
1464 837 1495 869 6.
1521 838 1581 869 Hic
1604 847 1698 870 omne

347 889 392 925 Β,
417 888 488 918 Hac
511 895 605 918 omne
629 885 714 918 Cod.
743 886 779 926 (Ῠ)
806 886 988 918 Torrentii.

304 982 411 1012 Deum
442 981 536 1011 aedes
567 982 726 1011 venistate
757 982 815 1010 aut
842 979 918 1019 iqne
940 978 1001 1009 ab-

305 1030 401 1060 olitas
432 1032 626 1068 coeptasque
659 1028 701 1060 ab
730 1028 875 1068 Auyusto
910 1027 1001 1059 dedi-

307 1079 407 1110 cavit.

348 1146 380 1178 4.
416 1146 517 1187 famo]
550 1145 679 1186 partim
709 1147 791 1185 post
816 1143 998 1183 incendia,

306 1204 458 1236 quorum
503 1194 742 1225 meminerunt
784 1194 921 1225 Tacitus
967 1194 1002 1224 et

307 1245 492 1275 Suetonius
526 1242 546 1274 1.
574 1242 613 1282 l.-,
650 1243 780 1284 partim
815 1243 919 1274 etiam
948 1242 1002 1273 in—

308 1294 403 1325 curia
434 1293 530 1325 fumo
562 1293 747 1332 deturpata
777 1293 881 1332 atque
912 1291 1002 1322 offu-

308 1344 416 1376 scata.
457 1342 622 1374 Solebant
646 1343 764 1373 autem
788 1341 886 1373 statis
911 1342 1003 1372 tem-

308 1391 453 1433 poribus
470 1390 657 1422 simulacra
675 1390 825 1422 deorum
842 1388 1002 1421 sollemni

309 1442 376 1472 ritu
400 1439 519 1471 lavari,

353 1511 384 1540 5.
420 1507 592 1548 minorem]
629 1506 744 1546 «quod
775 1508 813 1537 ut
843 1505 1004 1546 superio-

309 1567 367 1590 res
391 1557 572 1589 veneraris
605 1556 691 1587 deos
717 1563 911 1594 eorumque
938 1562 1005 1594 po—

309 1608 454 1639 tentiam
478 1605 569 1637 ultro
593 1605 790 1645 agnoscis.»
834 1602 1001 1635 Simonid.

311 1667 344 1698 p.
381 1657 432 1688 113.
466 1655 706 1687 Schneidew:
748 1648 900 1684 ἅπαντα
933 1649 1005 1697 γάρ

310 1708 392 1738 ἐστι
414 1703 513 1737 θεῶν
537 1699 659 1746 ἥσσω.
698 1705 768 1735 Cic.
797 1703 840 1734 de
865 1704 939 1734 Nat.
963 1703 1002 1733 D.

312 1756 347 1794 3,
374 1757 412 1787 Ξῖ
439 1756 559 1786 nostra
576 1754 707 1791 civitas,
734 1760 1007 1791 quaenunquam

308 1806 454 1845 profecto
477 1804 545 1834 sine
571 1811 700 1834 sumina
718 1802 907 1841 placatione
930 1802 1007 1832 cleo-

312 1864 387 1885 rnm
401 1853 634 1884 imnmrlalium
655 1855 749 1882 tanta
761 1859 825 1882 esse
836 1851 1004 1889 poluisset.

314 1903 518 1935 Pseudocic.
561 1901 604 1932 (le
645 1902 791 1941 llarusp.
833 1908 926 1940 resp.
966 1900 1004 1930 9:

311 1954 432 1984 Pietate
463 1960 502 1982 ac
534 1951 692 1991 reliqionc
723 1953 821 1988 atque
851 1950 911 1980 hac
939 1958 1008 1979 una

313 2001 491 2041 sapientia,
522 2009 588 2039 aaa
612 2001 746 2030 deorum
769 1998 1008 2030 immorlalium

314 2052 446 2082 manino
462 2050 574 2081 onmia
590 2050 660 2089 regi
676 2048 920 2089 gubernarique
931 2056 1010 2087 per-

313 2101 492 2140 speriinu&
519 2107 628 2129 omnes
643 2101 751 2138 aetites
767 2097 1005 2136 superavimus.

316 2149 536 2182 Contrarium
580 2147 696 2187 Eurip.
744 2145 879 2178 Ileracl.
924 2146 1008 2177 ⁶258:

314 2195 455 2237 Σκαιὸς
484 2198 657 2236 πέφυκας
686 2194 752 2228 τοῦ
780 2193 870 2227 θεοῦ
896 2194 1008 2226 πλείω

315 2246 481 2294 φρονῶν.

360 2317 391 2348 6.
410 2316 492 2346 Hine
506 2313 586 2354 cet]
602 2313 703 2344 «Hinc
717 2314 780 2351 est,
798 2313 906 2343 oritur
919 2322 1011 2343 (mine

314 2365 548 2405 principium»,
576 2370 660 2393 casu
678 2361 901 2392 nominativo.
948 2361 1010 2393 Alii

318 2416 432 2446 minus
472 2410 700 2453 probabiliter
746 2409 799 2442 vel
847 2410 1011 2451 supplent

320 2465 434 2495 «erat»
459 2461 513 2493 vel
539 2470 581 2492 ex
604 2469 637 2491 v.
664 2460 752 2499 refer
775 2459 913 2491 eliciunt
938 2461 1012 2491 hinc

318 2515 397 2554 pete
411 2520 503 2544 omne
511 2511 725 2551 principium.
747 2511 923 2541 Sententia
939 2512 1008 2541 est:

321 2564 494 2594 «Deorum
533 2560 698 2600 auspiciis
743 2561 846 2598 atque
887 2559 1011 2590 auxilio

320 2620 423 2641 omne
449 2611 627 2650 inceptum
648 2608 907 2649 pei-agendum:
935 2608 1010 2639 felix

320 2661 431 2691 exitus
457 2662 554 2699 grato
578 2659 693 2689 animo
717 2657 841 2689 iisdem
860 2657 1014 2688 tribuen—

322 2708 386 2739 ‹lus
426 2710 512 2738 ost.»
566 2707 635 2738 Liv.
673 2705 731 2743 45,
772 2706 831 2737 39:
874 2706 1014 2737 maiores

322 2757 417 2787 rostri
456 2757 565 2787 omnis!
604 2764 802 2795 maynarwn
840 2763 950 2786 reruni
986 2758 1013 2785 et

1045 978 1217 1018 principia
1239 979 1352 1010 exorsi
1374 979 1415 1010 ab
1438 979 1488 1011 dis
1505 982 1581 1011 sunt
1603 982 1632 1011 ec
1644 981 1745 1021 finem

1049 1031 1246 1060 statuerunt.
1295 1027 1511 1069 (Principium
1539 1030 1659 1061 autem
1681 1037 1746 1070 per

1051 1075 1343 1119 συνεκφώνησιν
1359 1077 1596 1118 trisyllabum,
1622 1080 1659 1110 ut
1680 1079 1742 1110 Od.

1052 1127 1088 1166 3,
1115 1126 1154 1167 4,
1180 1126 1240 1159 44:
1267 1127 1462 1166 consilium.)

1095 1177 1126 1207 8.
1151 1177 1535 1218 Hesperiae-luctuosae]
1559 1176 1695 1208 «Italiae
1713 1178 1747 1208 in

1051 1225 1186 1258 luctum
1203 1226 1334 1258 effusae
1351 1228 1496 1267 propter
1512 1226 1647 1266 clades,
1674 1227 1749 1267 qui—

1051 1275 1120 1307 bus
1137 1284 1202 1316 per
1219 1277 1269 1306 tot
1292 1284 1401 1307 annos
1426 1276 1541 1316 atlicta
1566 1277 1652 1308 est.»

1096 1325 1126 1356 9.
1163 1324 1343 1364 Monaeses]
1378 1325 1472 1356 Haec
1501 1324 1604 1356 lectio
1628 1325 1750 1356 firma—

1053 1374 1109 1404 tur
1133 1382 1151 1404 a
1177 1373 1263 1405 Cod.
1289 1373 1323 1405 b.
1352 1383 1370 1405 a
1401 1382 1454 1414 pr.
1482 1383 1529 1406 m.
1556 1376 1591 1406 et
1614 1383 1633 1406 a
1666 1376 1748 1406 Pot-

1053 1423 1141 1454 tierii
1167 1423 1252 1454 Cod.
1279 1424 1360 1463 Reg.
1387 1424 1484 1455 8072.
1525 1425 1602 1455 Sec.
1620 1425 1661 1456 X.
1682 1424 1750 1455 Ce-

1054 1472 1119 1503 teri
1133 1473 1317 1511 Monaesis,
1337 1472 1431 1512 quod
1449 1474 1562 1504 metro
1575 1475 1750 1513 repugnat

1055 1523 1160 1561 atque
1193 1523 1309 1553 ortum
1341 1523 1396 1553 est
1425 1531 1467 1553 ex
1497 1523 1751 1554 accommoda-

1055 1571 1148 1603 tione
1188 1572 1331 1604 minime
1370 1573 1571 1603 necessaria
1609 1572 1652 1603 ad
1691 1581 1746 1603 vv.

1053 1621 1171 1652 Pacori
1194 1629 1324 1652 manas.
1353 1620 1477 1658 Quidni
1495 1622 1589 1652 enirn
1614 1620 1751 1653 llouerit

1055 1671 1180 1710 poetae
1205 1669 1343 1701 dicere:
1380 1671 1608 1708 «Monaeses,
1635 1669 1751 1702 clarus

1056 1718 1110 1750 ille
1136 1719 1344 1750 Parthorum
1368 1718 1455 1758 dux,
1493 1721 1527 1750 et
1554 1720 1749 1758 exercitus,

1057 1768 1112 1799 cui
1136 1768 1286 1808 praefuit
1302 1769 1538 1799 Pacorusn—‘P
1562 1770 1750 1800 Praeterea

1056 1818 1216 1848 iunctura
1240 1818 1324 1856 ista,
1351 1827 1457 1859 quam
1473 1818 1627 1859 praefert
1644 1827 1753 1859 nupe-

1058 1876 1116 1898 rus
1142 1866 1286 1906 quidam
1317 1868 1507 1909 interpres,
1538 1877 1656 1898 manus
1677 1869 1752 1899 Mo-

1057 1916 1164 1947 naesis
1186 1920 1216 1947 et
1237 1917 1355 1948 Pacori
1379 1917 1482 1948 nimis
1507 1915 1642 1948 redolet
1659 1916 1753 1948 abie-

1059 1965 1252 1996 ctissimam
1283 1965 1457 2006 pedestris
1487 1966 1652 1997 orationis
1681 1966 1753 1997 for—

1059 2023 1165 2046 mam.
1195 2033 1230 2038 —
1256 2015 1313 2056 bis]
1339 2015 1449 2047 semel
1477 2016 1690 2056 imperatore
1708 2016 1750 2047 M.

1060 2065 1206 2103 Crasso,
1243 2065 1303 2105 qui
1334 2064 1494 2106 plurimis
1523 2065 1688 2105 prodigiis
1719 2066 1754 2096 et

1061 2114 1098 2145 C*
1117 2114 1205 2145 Ateii
1229 2113 1312 2145 diris
1334 2114 1459 2146 frustra
1486 2115 1638 2145 monitus
1670 2115 1751 2154 iilic.

1060 2163 1103 2195 de
1140 2163 1252 2194 Divin.
1280 2164 1314 2202 1¹,
1354 2163 1418 2203 216.)
1453 2165 1573 2194 contra
1605 2163 1753 2195 Parthos

1059 2213 1238 2254 profectus
1285 2222 1365 2244 cum
1404 2214 1536 2244 maiore
1576 2214 1752 2245 exercitus

1061 2264 1159 2303 parte
1177 2263 1279 2303 periit
1295 2272 1324 2293 a.
1345 2271 1378 2293 u.
1398 2272 1427 2293 c.
1448 2263 1541 2299 7014
1565 2263 1690 2293 iterum
1709 2263 1750 2294 M.

1060 2313 1225 2350 Antonio,
1254 2312 1351 2343 cuius
1369 2312 1522 2352 primum
1539 2310 1671 2351 legatus
1690 2312 1755 2342 De-

1062 2361 1172 2392 cidius
1204 2362 1289 2391 Saxa
1322 2370 1402 2392 cum
1427 2360 1621 2400 legionibus
1652 2361 1756 2391 inter-

1062 2413 1201 2451 emptus
1226 2412 1279 2442 est
1303 2420 1321 2441 a
1345 2411 1479 2442 Parthis
1509 2419 1539 2441 a.
1560 2419 1593 2440 u.
1613 2420 1643 2441 c.
1664 2409 1752 2447 714„

1062 2460 1152 2491 (luce
1188 2462 1339 2498 Pacoro,
1381 2459 1504 2491 Orodis
1540 2459 1630 2498 regis
1664 2458 1748 2497 lilio,

1062 2509 1218 2541 Phraatis
1248 2510 1352 2541 fratre
1384 2510 1464 2541 natu
1492 2509 1644 2545 maiore,
1680 2507 1754 2537 viro

1064 2558 1252 2589 fortissimo
1277 2560 1311 2589 et
1333 2557 1572 2589 laudatissimo
1599 2556 1670 2596 (Dio
1694 2555 1752 2592 48,

1062 2606 1205 2646 Q-i--226.);
1232 2609 1305 2638 tuni
1331 2607 1455 2647 etipse
1483 2606 1533 2646 (id
1558 2604 1671 2645 quod,
1706 2605 1754 2635 uti

1062 2657 1230 2696 parerat,
1249 2655 1309 2686 Iuli
1327 2656 1462 2687 Antonii
1480 2654 1535 2685 filii
1553 2654 1686 2685 amicus
1704 2655 1753 2684 ta-

1064 2707 1119 2736 cet
1136 2705 1307 2743 Horatius]
1326 2714 1357 2735 a.
1373 2714 1406 2736 u.
1423 2714 1453 2736 c.
1468 2704 1542 2735 718.
1561 2703 1753 2734 exercitum

1064 2754 1234 2785 adversus
1264 2753 1338 2785 illos
1368 2753 1512 2785 ductum
1537 2752 1650 2784 amisit
1675 2752 1753 2789 (Dio
