1997 3219
319 225 399 266 5504

831 228 997 259 Hoim'rll
1025 227 1248 259 (IARMlNUM

758 551 1068 592 GARMEN
1106 552 1312 592 xm-

488 664 705 723 Tyrrhena
735 678 884 721 regum
915 665 1163 721 pregenies‚
1198 664 1268 706 tibi

490 748 581 789 Non
613 752 708 788 ante
739 759 865 788 verso
897 745 993 788 lene
1028 759 1194 788 merum
1225 745 1332 788 cado

406 866 520 897 XXIX.
556 867 665 897 Inscr.
691 864 781 905 volg.
817 865 867 896 Ad
889 865 1130 903 Maecenatem,
1166 866 1201 896 et
1225 865 1275 895 sic
1299 864 1358 895 BS.
1389 882 1423 886 —
1450 865 1634 896 Maecenate·
1657 864 1714 896 bc.

368 934 398 937 —
426 916 457 946 2.
482 923 612 946 versum
634 915 671 946 B.
700 914 779 954 (non
804 914 898 952 bsc.)

363 1014 476 1045 XXIX.
504 1014 745 1045 Maecenatem
762 1012 882 1043 invitat
896 1014 1012 1053 poeta,

320 1066 358 1094 ut
381 1062 510 1095 relictis
534 1063 678 1094 urbanis
696 1062 840 1102 negotiis
857 1060 1016 1101 aliquan—

322 1111 433 1143 tulum
473 1113 641 1152 temporis
678 1111 723 1142 ad
757 1120 795 1142 se
830 1111 864 1141 in
899 1106 1015 1142 villam

322 1161 493 1192 concedat
525 1161 704 1201 Genioque
735 1159 782 1191 ibi
818 1159 1014 1199 indulgeat,

321 1211 551 1250 argumentis,
578 1209 706 1250 quibus
724 1210 756 1241 ei
779 1209 847 1240 hoc
865 1209 1016 1240 suadere

323 1261 485 1298 conatur,
516 1260 644 1300 partim
668 1258 711 1290 ab
737 1258 837 1292 Urbis
861 1258 1015 1298 fastidio,

323 1308 419 1348 quod
457 1309 532 1340 eius
570 1307 672 1340 luxus
710 1308 852 1348 gignere
888 1307 1014 1346 soleat,

323 1358 450 1398 partim
474 1367 493 1388 a
522 1358 780 1389 ferventissimo
814 1357 895 1388 anni
925 1358 1018 1388 tem-

324 1417 407 1448 pore
430 1408 637 1448 desumptis.
687 1408 776 1438 Cum
794 1408 912 1437 autem
928 1407 1019 1438 Mae—

323 1459 485 1489 cenatem
509 1457 600 1488 curis
625 1454 923 1487 administrandae
955 1456 1019 1487 Ur-

324 1507 394 1545 bis,
436 1506 564 1546 quibus
603 1506 678 1537 tum
713 1505 889 1537 districtus
925 1505 1016 1543 erat,

324 1557 492 1593 maxime,
520 1564 589 1595 quo
613 1555 729 1586 minus
747 1554 886 1595 copiam
902 1554 955 1585 sui
972 1553 1019 1584 fa-

325 1607 438 1643 ceret,
472 1604 633 1645 impediri
657 1602 882 1643 intelligeret,
916 1604 1017 1643 poeta

325 1665 344 1687 a
369 1655 473 1686 nimia
498 1655 561 1686 ista
586 1652 815 1685 sollicitudine
842 1660 924 1683 eum
954 1652 1020 1683 de-

325 1706 526 1736 hortaturus
556 1703 708 1743 graviter
737 1701 889 1734 ostendit
913 1701 1018 1732 certis

325 1764 428 1787 curas
446 1755 528 1785 istas
542 1752 783 1785 circumscribi
801 1754 964 1793 oportere
982 1751 1020 1782 fi-

325 1804 440 1843 nibus,
458 1813 500 1835 ne
515 1803 620 1842 bona,
641 1812 731 1843 quae
747 1811 917 1842 praesens
935 1802 1020 1832 hora

324 1854 500 1894 largiatur,
527 1852 688 1884 celeriter
712 1851 905 1888 elabantur,
932 1851 1021 1882 sutu-

326 1911 516 1943 rarumque
547 1909 666 1932 rerum
694 1901 831 1932 anxiam
859 1899 1022 1931 sollicitu-

328 1952 446 1983 dinem
469 1960 595 1982 vanam
620 1959 698 1982 esse
720 1951 824 1990 atque
850 1948 1018 1981 inutilem.

329 2002 471 2042 (l-'rankc
503 2009 644 2031 carmen
670 2000 778 2031 refert
807 1999 851 2030 ad
876 2008 906 2030 a.
930 2000 1019 2038 7⁶29„

328 2050 515 2082 Grotcsend
540 2050 583 2080 ad
607 2058 638 2080 a.
665 2049 752 2089 735.)

376 2103 401 2132 1.
424 2102 453 2132 2.
483 2101 651 2140 Tyrrhena
670 2100 794 2140 reyusm]
815 2099 883 2132 Csr.
904 2099 965 2131 Od.
986 2101 1020 2138 ’1,

335 2152 359 2185 1,
386 2151 410 2181 i.
431 2149 531 2181 Silius
548 2150 579 2188 7,
597 2149 655 2181 ⁶29:
683 2149 805 2181 Cilnius
819 2149 927 2180 Arrcti
946 2149 1024 2188 Tyr-

330 2200 436 2230 rhenis
470 2203 561 2230 ortus
599 2199 630 2229 in
667 2199 744 2229 oris.
778 2215 812 2219 —
839 2199 911 2229 Non
947 2201 1024 2229 ante

328 2249 432 2289 rcrso]
468 2260 482 2275 «
498 2248 624 2279 intacto
655 2247 818 2286 adhuc»,
859 2247 893 2278 id
928 2246 1023 2288 quod

330 2298 497 2329 convivae
522 2297 645 2328 honori
672 2296 843 2328 tribuitur.
885 2297 944 2328 Est
960 2305 1023 2327 au-

331 2350 400 2378 tom
431 2355 449 2377 c
479 2355 641 2377 sermone
678 2346 863 2377 cotidiano.
912 2344 1021 2377 Plaut.

330 2396 434 2427 Stich.
454 2396 490 2434 5,
513 2394 547 2433 li,
567 2395 622 2426 39:
651 2395 801 2433 quamvis
817 2394 958 2426 desubito
974 2395 1025 2426 vel

328 2446 429 2476 cadus
456 2445 543 2475 vorti
563 2447 677 2483 polcsl.
728 2445 796 2475 sat.
823 2444 862 2482 2,
889 2445 925 2476 8.
958 2444 1020 2475 39:

332 2496 496 2525 Inverlwzl
513 2493 664 2534 Allifanis
680 2494 813 2524 vinaria
837 2496 914 2524 tota.
942 2494 1025 2524 Ver-

332 2543 481 2579 tcbatur,
502 2552 581 2574 cum
600 2543 679 2574 inde
698 2543 729 2573 in
747 2543 901 2573 crateres
916 2542 1026 2574 effun-

332 2592 483 2623 debatur
506 2593 635 2623 vinum.
667 2610 698 2613 fl
724 2591 802 2631 lene]
831 2593 1023 2623 «vetustate

333 2642 538 2673 domitum.»
557 2642 676 2672 Sciioi..
695 2659 726 2662 ω
742 2641 848 2671 (udus
862 2650 903 2671 cx
917 2650 1023 2681 oporc

335 2691 448 2730 liglino
472 2691 541 2722 Xll.
570 2691 711 2730 congios
737 2689 913 2730 ‹‚·apiel)al;
941 2699 1025 2730 qua-

334 2739 488 2779 draginta
519 2740 658 2771 circiter
682 2739 854 2771 eiusmodi
878 2748 1024 2771 monsu-

334 2798 405 2826 ras,
433 2798 519 2829 quas
532 2790 639 2829 pinlcs
655 2790 780 2820 vocant
798 2787 1020 2828 Francogalli.

1108 1013 1138 1044 3.
1160 1012 1191 1045 4.
1215 1013 1505 1054 flore-rosarum]
1532 1009 1654 1058 ῥόδων
1677 1009 1758 1044 ἀώ-

1065 1072 1145 1101 τοις
1194 1060 1360 1102 σκιάζειν
1405 1059 1567 1108 λιπαρὰν
1612 1058 1762 1108 ἔθειραν

1066 1111 1150 1143 dixit
1184 1112 1382 1144 Simonides
1414 1121 1448 1153 p.
1483 1112 1556 1144 495.
1588 1112 1692 1144 Schn.
1726 1130 1760 1135 —

1065 1161 1213 1202 balanus]
1231 1170 1259 1193 s.
1279 1161 1545 1202 myrobalanus,
1572 1161 1670 1202 glans
1688 1170 1765 1202 my-

1065 1210 1219 1251 repsica,
1266 1211 1495 1250 unguentaria
1539 1210 1688 1243 Arabiae
1727 1213 1762 1242 et

1065 1259 1269 1300 Aethiopiae
1299 1258 1363 1300 (die
1386 1260 1556 1291 arabische
1572 1260 1759 1297 Behennus,

1065 1308 1348 1349 Balsamfrucht),
1375 1309 1408 1340 h.
1431 1308 1456 1340 1.
1477 1308 1594 1340 oleum
1623 1318 1665 1340 ex
1689 1310 1763 1341 eius

1067 1357 1191 1390 nucleo
1215 1367 1391 1399 pressum.
1433 1357 1515 1390 Oleo
1540 1360 1659 1390 autem
1682 1358 1763 1390 inde

1068 1416 1237 1449 expresso
1269 1408 1341 1447 αεῐς
1373 1404 1419 1438 τὰ
1448 1405 1633 1450 πολυτελῆ
1661 1405 1765 1453 μύρα

1066 1453 1144 1488 ἀντ’
1167 1456 1296 1489 ἐλαίου
1321 1454 1523 1503 ἐχρῶντο.»
1552 1458 1709 1490 Dioscor.
1730 1457 1761 1496 4,

1069 1506 1141 1537 ⁴60.
1170 1525 1205 1529 —
1235 1507 1351 1538 Pressa
1384 1506 1643 1548 tuis-capillis]
1677 1507 1765 1538 «tibi

1068 1554 1276 1587 destinata.»

1111 1654 1199 1685 5-7.
1225 1653 1432 1694 Iamdudwn]
1457 1655 1532 1685 Non
1555 1653 1670 1694 «quod
1687 1653 1764 1685 diu-

1068 1703 1135 1735 tius
1172 1703 1288 1734 omnia
1322 1704 1387 1734 ista
1422 1702 1517 1734 domi
1553 1711 1636 1734 suae
1666 1703 1765 1735 Mae-

1069 1752 1182 1783 cenati
1219 1753 1386 1783 servarit»
1424 1753 1474 1791 (ut
1515 1752 1763 1793 interpretatus

1069 1802 1123 1832 est
1147 1801 1251 1832 etiam
1269 1800 1464 1841 Garganus.
1492 1803 1670 1839 metuens,
1698 1809 1763 1832 «ne

1068 1860 1169 1883 rosae
1202 1851 1395 1882 admodum
1419 1851 1532 1882 vietae
1567 1850 1762 1888 suerintnl,

1070 1901 1133 1932 sed
1172 1903 1314 1932 omnino
1355 1900 1652 1941 «impatIentiam,
1694 1908 1762 1940 qua

1070 1952 1311 1983 Maecenatem
1332 1951 1546 1990 exspectet,»
1574 1950 1686 1980 amice
1705 1949 1765 1981 de-

1070 1999 1188 2031 clarat
1226 2018 1260 2023 —-
1291 2000 1391 2039 Eripe
1419 2002 1448 2031 tc
1477 1999 1602 2039 morae]
1635 1997 1697 2029 Od.
1723 1997 1762 2036 4,

1071 2050 1130 2087 4¹2,
1157 2050 1217 2080 ⁶25:
1242 2058 1326 2089 pone
1349 2057 1473 2080 moras.
1503 2064 1536 2070 -
1563 2048 1612 2079 Nc
1627 2046 1763 2088 semper]

1069 2098 1185 2131 Altera
1219 2097 1322 2130 lectio
1354 2108 1411 2129 nec
1443 2097 1549 2129 habet
1583 2106 1675 2128 nunc
1700 2106 1764 2128 au-

1071 2150 1267 2180 ctoritatem
1291 2149 1470 2189 antiquiss.
1498 2147 1582 2179 Cod.
1610 2148 1645 2178 B.
1665 2155 1765 2178 eam·

1071 2206 1139 2238 quc
1167 2197 1268 2229 valde
1298 2197 1425 2238 probat
1454 2196 1698 2236 Dillenburger
1728 2205 1762 2237 p.

1071 2247 1123 2279 34.
1151 2247 1302 2278 afferens
1327 2247 1417 2278 inter
1440 2246 1504 2278 alia
1523 2244 1683 2286 exempla
1700 2245 1761 2277 Od.

1074 2297 1108 2335 Ἰ’1,
1138 2297 1195 2335 Η,
1228 2297 1265 2327 2:
1302 2305 1360 2327 nec
1390 2296 1586 2335 Babylonios
1618 2295 1765 2325 Tcntarz's

1070 2354 1234 2377 numeros.
1274 2347 1386 2385 Atque
1412 2345 1455 2376 de
1480 2345 1546 2376 hoc
1569 2353 1673 2375 nemo
1698 2343 1765 2375 du-

1072 2395 1183 2427 bitare
1208 2396 1365 2435 poterat,
1396 2404 1452 2426 nec
1483 2395 1533 2425 sic
1558 2395 1765 2434 usurpatum

1072 2454 1137 2486 per
1153 2453 1190 2476 sc
1207 2444 1444 2476 rectissimum
1458 2452 1552 2480 essc;
1572 2442 1635 2475 sed
1652 2439 1766 2474 ἀσύν-

1072 2492 1178 2525 δετον
1203 2493 1339 2525 servavi
1362 2494 1508 2534 propter
1531 2492 1654 2524 similia
1679 2501 1712 2523 ν.
1732 2491 1763 2523 9.

1073 2544 1108 2575 et
1126 2544 1158 2574 «11
1175 2553 1181 2579 ;
1208 2544 1391 2583 practerea
1409 2551 1447 2573 nc
1463 2541 1670 2573 celeriorem
1688 2540 1767 2571 red-

1073 2593 1123 2624 dit
1138 2593 1390 2624 sententiarum
1412 2599 1651 2632 progressum.
1677 2590 1766 2621 Neu-

1073 2643 1206 2682 tiquam
1222 2650 1306 2672 vcro
1323 2641 1425 2681 aptus
1443 2641 1496 2671 cst
1511 2640 1567 2671 liic
1580 2638 1766 2671 sententia-

1074 2700 1151 2722 rum
1166 2699 1291 2727 nexus,
1307 2698 1413 2729 quem
1432 2687 1585 2720 nonnulli
1598 2689 1762 2719 statuunt:

1074 2739 1206 2778 «Pelle,
1240 2738 1337 2778 tolle,
1370 2747 1494 2779 rumpe
1529 2745 1665 2769 moram
1705 2736 1765 2775 (eo

1072 2788 1174 2828 fine),
1212 2797 1255 2821 nc
1286 2786 1578 2829 contempleris»:
1620 2785 1683 2818 sed
1713 2788 1762 2817 est
