1997 3219
335 181 415 221 (53553

881 182 1047 214 llORATll
1072 183 1240 215 EPODON

558 287 637 326 Aut
666 284 798 327 herba
830 284 985 341 lapathi
1017 293 1135 341 prata
1167 286 1344 328 amantis
1376 293 1417 329 et
1447 288 1562 343 gravi

614 364 773 407 Malvac
806 364 1001 419 salubres
1032 366 1225 422 corpori,

558 444 629 487 Vel
660 458 768 501 agna
796 445 912 488 festis
943 459 1071 488 caesa
1101 445 1409 488 Terminalibus

612 525 683 567 Vel
715 525 879 567 haedus
911 521 1084 582 ereptus
1115 526 1229 583 lupo.

1716 530 1768 569 (30

555 608 640 648 Has
672 606 780 648 inter
809 605 959 662 epulas
989 613 1035 648 ut
1064 607 1180 649 iuvat
1208 614 1352 663 pastas
1383 622 1488 651 oves

612 685 764 729 Videre
795 693 1074 743 properantes
1105 686 1300 737 domum,

555 766 707 809 Videre
740 767 877 809 fessos
907 781 1124 810 vomerem
1155 769 1370 810 inversum
1399 768 1534 811 boves

610 846 726 889 Collo
758 846 973 890 trahentes
1003 846 1228 904 languido,

329 1017 442 1055 Bauli,
471 1016 644 1056 quatenus
668 1014 776 1046 bacas
799 1015 946 1055 pingues
971 1015 1024 1047 fe·-

328 1068 426 1104 runt,
453 1065 520 1106 ipsi
539 1065 679 1105 pinques
702 1064 876 1096 dicuntur.

371 1115 484 1147 57-63.
511 1114 647 1155 lapathi]
665 1112 858 1152 λάπαθον,
884 1114 1024 1145 Sauer-

327 1165 516 1205 ampfer,
559 1172 679 1195 rumen
717 1164 843 1195 Latinis
882 1164 1019 1195 dicitur.

327 1213 478 1246 Lucilius
507 1214 600 1254 apud
632 1214 701 1245 Cic.
730 1212 773 1244 de
798 1214 892 1244 Finn.
919 1214 956 1252 ἓ,
982 1213 1020 1252 8,

325 1263 366 1296 ⁶24
381 1273 387 1294 :
415 1264 440 1295 O
456 1263 606 1303 lapatho,
631 1266 667 1294 ut
683 1263 810 1294 iactare
824 1271 948 1294 necesse
963 1266 1020 1302 est,

325 1314 468 1354 cognitu*
494 1313 570 1352 quoi
593 1313 656 1343 sis!
680 1313 748 1343 Sat.
775 1312 811 1350 2,
838 1311 876 1350 li,
903 1312 956 1342 ⁵29.
982 1330 1018 1334 —

324 1362 440 1404 ¹aravi]
475 1370 600 1401 «aegro
633 1370 675 1392 ex
706 1359 782 1392 alvo
818 1361 1017 1392 adstricta.»

328 1431 362 1436 —
389 1411 539 1451 Maleae]
581 1410 642 1442 Od.
682 1410 718 1448 4,
753 1410 810 1449 34,
846 1410 902 1441 46:
939 1410 1021 1441 leves

323 1462 464 1493 malvae.
506 1479 540 1483 -
588 1459 749 1500 salubres]
787 1460 867 1500 quia
902 1458 1019 1490 alvum

324 1510 493 1542 molliunt.
521 1509 643 1541 Celsus
667 1510 704 1547 Ξ,
731 1509 791 1540 ⁶29:
818 1509 930 1540 alvum
945 1517 1019 1539 mo-

321 1563 397 1591 vent
411 1578 430 1583 -
447 1578 465 1582 -
481 1560 628 1597 malvae,
654 1559 836 1598 lapathum.
871 1557 1015 1591 Martial.

323 1610 382 1647 40,
413 1608 473 1647 4-8,
504 1609 546 1639 7:
586 1609 842 1640 Exoneraturas
873 1610 1018 1639 ventrem

322 1659 402 1690 mihi
428 1659 539 1689 villica
565 1658 694 1689 malvas
719 1657 846 1688 Attulit.
877 1675 912 1679 —
940 1657 1018 1687 Ter-

320 1708 513 1748 minalibus]
537 1716 593 1739 vn.
612 1706 682 1738 Kal.
703 1707 800 1738 Mart.
818 1705 880 1746 (¹³23.
900 1704 1015 1743 Febr.)

322 1757 418 1788 ovid.
454 1758 542 1788 Fast.
576 1757 613 1794 2,
651 1756 729 1786 655:
770 1754 951 1795 Spargitur
988 1757 1018 1785 et

322 1815 419 1838 caesa
434 1805 614 1837 communis
634 1805 801 1836 Terminus
818 1812 925 1844 aqna,
950 1804 1017 1835 Nec

321 1856 472 1895 queritur
494 1856 615 1886 lactens
637 1863 712 1885 cum
734 1854 793 1884 sibi
822 1862 930 1892 porca
959 1854 1018 1883 da-

321 1909 388 1936 tur.
418 1923 452 1927 —-
478 1905 600 1935 haedus
623 1902 769 1943 ereptus]
796 1901 940 1934 Martial.
962 1902 1014 1941 110,

320 1955 379 1994 48,
419 1954 470 1986 lli.
514 1955 547 1985 in
572 1952 712 1993 frugalis
743 1961 875 1984 coenae
907 1961 1017 1993 appa-

320 2007 416 2036 ratu:
456 2004 587 2035 Haedus
619 2002 792 2033 inhumani
826 2005 944 2041 raptus
975 2001 1016 2032 ab

319 2063 376 2086 ore
397 2053 477 2093 lupi.
505 2053 559 2084 Sic
575 2052 618 2083 de
635 2051 732 2083 luero
750 2051 1015 2091 quodammodo

320 2104 464 2140 coenat,
507 2110 588 2133 curn
621 2100 782 2132 homines
814 2100 930 2131 minus
963 2101 1016 2130 at-

319 2152 405 2183 tenti
442 2151 486 2182 ad
516 2159 592 2182 rem
622 2149 757 2180 haedos
781 2158 800 2180 a
822 2147 911 2190 lupis
946 2149 1015 2180 iam

320 2201 505 2232 admorsos
529 2199 682 2231 abiicere
700 2197 846 2229 soleant.
885 2198 1016 2236 Quam-

320 2259 427 2291 quam
464 2249 580 2289 opinio
615 2249 689 2280 erat
723 2244 767 2278 τά
791 2244 1015 2292 λυκόβρωτα

319 2297 495 2344 πρόβατα
512 2297 555 2329 τὸ
573 2298 686 2343 κρέας
701 2295 934 2339 γλυκύτατον
948 2306 1016 2328 πα-

319 2349 454 2393 ρέχειν.
483 2346 568 2378 Plut.
595 2348 757 2386 Sympos.
777 2347 812 2384 2,
840 2346 869 2377 9.
899 2363 928 2369 -
955 2355 1015 2377 vo—

318 2406 440 2428 merem
458 2395 639 2436 inversum]
671 2395 763 2434 Virg.
790 2394 859 2426 Ecl.
886 2395 924 2433 2,
951 2395 1011 2426 66:

317 2447 433 2486 Aspice
445 2471 451 2484 ,
472 2449 594 2476 aratra
606 2445 682 2484 ¹lugyo
696 2444 841 2484 referunt
858 2452 1014 2483 suspensa

316 2495 454 2526 iuvenci.
488 2494 585 2525 Ovid.
606 2494 694 2525 Fastv.
714 2493 750 2531 5,
770 2491 851 2524 497:
881 2493 1015 2532 Tempus

317 2548 408 2583 erat,
435 2552 499 2582 quo
514 2552 610 2574 versa
634 2543 710 2582 iuqo
727 2542 917 2581 referuntur
933 2551 1014 2572 ara-

317 2598 382 2625 tra.
410 2593 640 2625 proverbium
661 2593 754 2624 erat:
781 2590 845 2629 βοὶῖ
862 2591 1012 2623 λυθέντι

317 2638 428 2687 ’ἔργου
459 2641 665 2674 ἐπιτίθεται
693 2637 714 2672 ὁ
739 2637 850 2682 ζυγὸς
877 2641 941 2672 καὶ
965 2637 1010 2671 τὰ

317 2689 435 2732 σκεύη
468 2688 517 2733 τῷ
543 2687 801 2733 δυνατωτάτῳ.
852 2690 1007 2722 Eustalh.

319 2742 350 2771 in
377 2741 438 2770 (Μ.
466 2739 504 2770 λ.
533 2750 564 2780 p.
593 2740 687 2771 4676.

1118 1016 1169 1048 65.
1208 1016 1260 1048 66.
1301 1016 1438 1057 Positos]
1479 1016 1766 1051 «discumbentes

1073 1066 1118 1097 ad
1136 1075 1319 1098 coenam.»
1346 1083 1382 1089 —-
1409 1066 1501 1108 ditis]
1526 1066 1646 1098 Tibull.
1674 1068 1710 1106 ΞΖ,
1734 1069 1764 1106 l,

1072 1115 1131 1146 23:
1161 1115 1330 1154 Turbaque
1344 1124 1541 1155 vernarum,
1559 1117 1666 1147 saturi
1683 1116 1768 1147 bona

1072 1164 1168 1204 siqua
1194 1165 1310 1196 coloni.
1333 1183 1368 1186 —
1403 1165 1552 1206 examen]
1583 1166 1706 1196 Orator
1722 1166 1766 1196 dc

1072 1214 1220 1254 Harusp.
1244 1222 1338 1254 resp.
1364 1214 1420 1244 42:
1449 1222 1619 1245 servorum
1640 1215 1768 1246 exami-

1070 1271 1132 1301 na,
1160 1263 1309 1303 imagine
1337 1261 1380 1293 ab
1405 1262 1530 1303 apibus
1549 1265 1710 1304 repetita.
1729 1281 1764 1286 —-

1072 1311 1203 1343 Circum
1227 1311 1317 1352 cet.]
1358 1312 1439 1351 quia
1465 1312 1564 1344 focus
1589 1313 1623 1344 in
1647 1312 1765 1344 medio

1071 1362 1156 1392 situs
1171 1363 1256 1401 erat,
1272 1368 1342 1392 non
1356 1361 1401 1392 ad
1416 1362 1600 1402 parietem.
1628 1361 1763 1393 Colum.

1070 1411 1106 1442 R.
1133 1411 1170 1442 R.
1199 1411 1257 1449 Μ,
1283 1411 1320 1449 ’1,
1347 1411 1409 1442 19ῑ
1448 1412 1641 1443 Consuescat
1670 1411 1767 1452 (villi-

1069 1460 1138 1501 cus)
1162 1461 1301 1491 rusticos
1321 1461 1412 1492 eirca
1427 1461 1547 1492 Larem
1563 1462 1687 1492 domini
1710 1462 1763 1501 fo-

1068 1518 1207 1548 cumque
1238 1509 1441 1549 familiarem
1471 1519 1597 1550 semper
1620 1511 1761 1550 epulari.

1069 1558 1168 1590 Silius
1186 1559 1225 1597 7,
1253 1559 1314 1590 475
1331 1568 1337 1589 :
1371 1562 1401 1590 et
1422 1560 1491 1590 ritu
1508 1561 1670 1599 pauperis
1692 1560 1765 1591 aeri

1066 1608 1149 1639 Ante
1178 1608 1267 1647 focos
1292 1616 1433 1639 mensae.
1460 1607 1543 1639 Plin.
1573 1609 1658 1640 Hist.
1686 1609 1760 1639 Nat.

1067 1657 1120 1695 28,
1140 1657 1202 1687 020:
1227 1657 1319 1696 focus
1331 1648 1486 1696 Larsum,
1513 1666 1576 1696 quo
1597 1658 1764 1697 familia

1067 1705 1224 1736 convenit.
1263 1723 1298 1727 —
1342 1706 1542 1747 renidentes]
1582 1715 1651 1738 non
1691 1706 1762 1737 «ab

1066 1755 1143 1794 igne
1168 1753 1421 1794 refulgentes»,
1457 1754 1543 1786 sed:
1572 1756 1652 1795 «qui
1677 1757 1761 1787 tersi

1066 1805 1147 1835 sunt
1169 1811 1211 1835 ae
1235 1802 1332 1844 politi
1349 1816 1377 1842 ‚u
1417 1804 1674 1845 retngyeboh
1688 1809 1761 1837 nte

1066 1853 1167 1883 Voss.
1201 1852 1254 1883 Ad
1277 1861 1422 1891 vernas,
1449 1854 1487 1884 ut
1509 1852 1650 1886 volebat
1674 1856 1759 1886 Rut-

1066 1902 1220 1942 gersius,
1257 1911 1289 1933 v.
1326 1902 1508 1933 renidentes
1535 1902 1588 1934 vel
1619 1906 1763 1944 propter

1066 1951 1277 1992 positionem
1300 1950 1423 1982 referri
1447 1953 1579 1992 nequit.
1595 1953 1762 1984 —Imita-

1066 2003 1120 2032 tus
1144 2001 1197 2033 est
1219 2001 1380 2032 nostrum
1404 1999 1520 2033 locum
1548 2001 1711 2034 Martialis
1727 2002 1758 2040 3,

1066 2050 1128 2089 58,
1155 2050 1218 2081 ⁶2⁵2:
1246 2050 1388 2090 Cingunt
1414 2058 1563 2082 serenum
1590 2052 1686 2082 lactei
1712 2052 1762 2092 fo-

1065 2108 1140 2130 cum
1171 2108 1293 2130 vernae
1335 2100 1376 2130 Et
1416 2099 1515 2140 lat-qa
1551 2101 1647 2140 festos
1678 2100 1761 2132 lucet.

1065 2150 1110 2180 acl
1131 2150 1234 2180 Lares
1256 2149 1349 2180 silva.

1109 2198 1149 2229 67
1173 2215 1191 2220 -
1215 2198 1268 2229 70.
1311 2199 1430 2230 «Haec
1460 2198 1519 2229 ubi
1551 2207 1675 2230 secum
1708 2197 1760 2229 lo—

1066 2249 1167 2279 cutus
1204 2248 1278 2279 erat
1301 2247 1426 2286 Alfius,
1454 2246 1673 2278 debitoribus
1698 2256 1760 2288 ap-

1064 2295 1216 2338 pellatis,
1267 2296 1312 2327 ad
1346 2297 1428 2328 Idus
1454 2295 1658 2327 solvendam
1693 2296 1758 2328 sibi

1066 2347 1163 2377 curat
1186 2353 1329 2377 omnem
1351 2346 1538 2386 pecuniam
1567 2345 1675 2377 fenori
1700 2346 1760 2377 da-

1065 2398 1156 2434 tam,
1198 2404 1266 2435 qua
1300 2395 1441 2426 iamiam
1472 2396 1564 2426 emal
1599 2395 1756 2435 praedia,

1065 2444 1128 2476 sed
1177 2452 1298 2475 rursus
1346 2442 1544 2475 stimulatus
1591 2444 1755 2481 avaritia,

1066 2494 1203 2534 quaerit
1227 2493 1388 2525 Kalendis
1412 2493 1578 2533 proximis
1607 2493 1758 2524 eandem

1065 2543 1174 2573 fenori
1206 2543 1308 2579 dare;
1347 2543 1436 2574 adeo
1467 2543 1683 2580 inconstans,
1720 2543 1757 2572 ut

1065 2594 1143 2633 post
1160 2600 1290 2633 paucos
1308 2591 1384 2623 dies
1407 2591 1589 2623 consilium
1606 2589 1757 2631 agricul-

1064 2643 1160 2673 turae
1178 2641 1211 2672 in
1224 2643 1405 2681 posterum
1422 2640 1641 2671 exercendae
1657 2648 1756 2679 pror-

1063 2698 1123 2721 sus
1140 2690 1311 2721 abiiciat.»
1339 2709 1373 2712 —
1399 2689 1510 2730 Alfius]
1535 2688 1635 2729 Apud
1655 2688 1756 2720 Cice-

1063 2748 1187 2770 ronem
1211 2740 1261 2770 est
1288 2739 1321 2770 C.
1340 2739 1457 2778 Alfius.
1486 2740 1517 2769 et
1535 2737 1626 2778 apud
1644 2738 1755 2769 Sene-
