1997 3219
296 193 376 232 308
803 192 972 223 uonATu
998 192 1219 224 examinum

469 295 806 342 Formidolosus,
840 308 939 350 pars
970 294 1196 336 violentior

516 375 672 417 Natalis
707 374 859 422 horae,
893 388 969 416 seu
1001 380 1207 430 tyrannus

579 455 812 511 Hesperiae
845 454 1131 511 Capricornus
1148 453 1302 496 undae
1321 489 1328 503 ,

462 537 695 591 Utrumque
727 541 918 576 nostrum
953 533 1191 577 incredibili
1221 533 1350 576 modo

379 643 429 673 19.
459 642 583 672 Fatalis
605 640 641 678 b,
668 641 787 671 Letalis
812 648 894 671 oum
919 641 1006 672 Pott.
1034 649 1094 672 sex
1120 649 1172 681 pr.
1200 649 1218 671 c
1244 641 1279 671 et
1301 648 1353 680 pr.
1381 639 1420 678 d;
1447 641 1481 672 in
1506 640 1572 671 hoc
1598 650 1678 671 corr

332 692 473 722 Natalis.
493 709 527 713 υ-
543 691 596 721 ’21.
615 691 791 729 Utcumque
807 688 920 720 Schol.
938 690 1043 729 Cruq.
1062 690 1137 730 (nisi
1155 698 1274 721 merus
1292 691 1346 721 est
1362 698 1551 730 operarum
1568 690 1689 730 error),

335 740 436 781 prob.
463 740 598 771 Bothio.

290 824 485 869 Κυθήρην.
539 824 626 856 lbid.
667 834 699 856 v.
742 825 821 856 2¹09:
857 820 986 869 3Ἄρεος

290 874 570 915 εἰσβλὲψαντος
602 870 702 915 ὁμοῦ
738 872 873 916 Μήνην
903 873 986 905 Πα-

289 926 383 966 φίην
407 933 463 955 τε·
502 926 535 955 et
559 924 609 955 sic
633 923 857 963 saepissime,
890 924 928 954 ut
952 925 987 954 ct

289 974 383 1015 apud
407 972 520 1006 Manil.
548 974 584 1011 2,
611 972 685 1004 290.
713 972 835 1003 Iacob:
869 973 986 1003 --Li-

288 1024 401 1062 bram,
439 1026 544 1054 tortus
579 1022 803 1061 Capricornus
834 1025 863 1052 et
893 1022 986 1052 illam

288 1073 468 1112 Conspicit,
504 1072 588 1102 hune
619 1071 722 1102 Aries.
779 1070 865 1102 lbid.
899 1070 982 1102 496:

287 1123 431 1162 Eriqone
457 1122 603 1152 Taurum
626 1123 768 1159 spectat,
805 1121 860 1151 sed
883 1120 985 1151 Scor—

282 1172 362 1210 pion
387 1171 481 1201 audit
504 1171 570 1201 cet.
598 1170 757 1201 Proxime
775 1171 894 1200 tamen
911 1169 985 1209 i'or-

289 1222 382 1252 tasse
408 1219 452 1250 ad
475 1219 605 1250 Horatii
629 1218 745 1250 locum
764 1219 901 1250 accedit
916 1220 986 1251 Ma-

287 1270 394 1301 netho
419 1269 456 1307 4,
492 1269 572 1300 446:
602 1264 670 1299 ’Ὴν
700 1267 740 1300 δέ
764 1269 793 1300 τ’
819 1264 985 1301 ἀνοικεί-

289 1329 367 1351 οισι
412 1316 545 1357 τόποις
599 1315 830 1363 ὦροσκόῑτον
875 1314 985 1363 Ἄρης

288 1369 429 1424 Φέγγος
452 1367 639 1412 ἐπιτρέψῃ
664 1368 828 1409 γονίαην
844 1367 904 1399 ἐπὶ
922 1377 986 1409 γα-

287 1418 402 1461 στέοα
430 1413 600 1457 θνητῶν,
631 1414 871 1456 ΧωΛόποδας
900 1414 985 1448 τεύ-

286 1477 328 1504 χ
319 1476 357 1497 ι·
385 1468 420 1497 et
446 1466 525 1496 ¹22:
544 1461 612 1496 'Hv
636 1463 664 1496 δ
688 1465 748 1497 ἐπὶ
771 1467 985 1510 μαρτυοίην

276 1513 414 1560 “Ἀρεως
447 1512 600 1546 ἑλθοῦσ
632 1511 830 1559 ’quoodc'wy
856 1511 986 1556 Όμμα

285 1562 387 1609 βάλῃ
413 1562 604 1605 πανταυγὲ
598 1574 625 1603 ς
649 1563 689 1595 ἐν
706 1559 910 1609 ἦιιερινῇσι
926 1563 987 1595 λο-

286 1615 408 1653 χείαις
432 1611 510 1643 κτλ.
559 1614 614 1644 Sic
638 1612 819 1654 paullatim
843 1613 986 1645 invaluit

286 1672 391 1702 usus,
417 1664 455 1693 ut
478 1662 594 1693 sidera
618 1662 693 1702 ipsa
718 1664 904 1694 nascentes
926 1662 986 1694 ad—

287 1713 424 1753 spicere
448 1711 661 1742 dicerentur.
700 1712 894 1743 Mamertin.
921 1713 986 1743 Ge—

286 1760 393 1792 nethl.
420 1761 559 1792 Maxim.
588 1761 646 1791 49:
672 1764 840 1791 nascentes
861 1770 918 1792 vos
932 1779 951 1783 —
968 1780 986 1784 -

288 1810 375 1841 bona
398 1810 508 1840 sidera
524 1812 554 1840 et
569 1810 679 1840 amica
692 1810 862 1847 viderant3
888 1819 987 1850 pror-

288 1868 348 1891 sus
372 1861 411 1890 ut
431 1868 473 1890 ex
489 1859 685 1898 antiquiore
703 1860 809 1890 etiam
826 1858 985 1890 doctrina

288 1908 322 1939 di
344 1908 476 1947 placido
499 1907 633 1939 nimiine
658 1909 846 1939 nascentes
871 1908 987 1948 adspi-

289 1958 394 1987 ciunt.
416 1956 487 1996 (Od.
507 1956 546 1995 4,
566 1957 602 1994 3,
622 1956 667 1996 2.)
686 1956 827 1988 Hesiod.
854 1957 982 1996 Theog.

288 2007 324 2038 821
344 2016 349 2036 :
370 2001 518 2037 Ὅντινα
533 2002 725 2046 τιμήσωσι
744 2002 833 2044 Διὸς
849 2005 986 2050 κοῦραι

288 2052 472 2097 μεγάλοιο
507 2051 734 2095 remouendi)
768 2053 796 2085 τ’
831 2053 986 2087 ἑσίδωσι

289 2103 365 2135 κτλ.
400 2104 543 2144 (Eadem
567 2104 819 2143 significatione
844 2104 985 2136 Ovidius

288 2155 321 2185 in
358 2153 464 2185 Ibidis
499 2163 530 2184 v.
568 2154 642 2185 244.
680 2153 792 2185 verbo
827 2155 987 2194 affulgere

291 2212 375 2234 usus
411 2204 465 2234 est
499 2203 533 2233 in
562 2202 667 2234 Ibidis
698 2203 895 2243 horoscopo
924 2212 986 2234 ex-

288 2251 472 2292 ponendo:
507 2252 601 2282 «Non
630 2252 731 2283 Venus
750 2253 891 2291 affulsit,
920 2262 985 2283 non

290 2301 348 2331 illa
369 2301 516 2340 Iuppiter
538 2300 650 2341 hora.)
683 2318 718 2323 —
744 2301 781 2331 In
806 2302 986 2341 praesenti

290 2350 440 2388 adspicit,
456 2349 490 2380 id
503 2351 568 2387 est,
586 2349 766 2389 «adspexit
780 2352 985 2381 nascentem

291 2400 326 2429 et
350 2399 465 2430 adhuc
495 2398 566 2429 xim
599 2407 698 2429 suam
727 2399 760 2429 in
792 2407 849 2429 me
882 2408 986 2430 exer-

291 2450 378 2487 cet»,
394 2447 462 2479 noli
477 2456 557 2479 cum
574 2447 632 2478 Ed.
645 2447 806 2478 Leidensi
820 2449 982 2488 argutari.

293 2514 327 2518 —
345 2498 395 2528 De
414 2497 514 2528 Libra
532 2499 650 2527 autem
667 2498 701 2527 et
714 2498 857 2537 Scorpio
870 2496 984 2530 Manil.

291 2546 327 2584 4,
362 2546 441 2578 548:
478 2547 572 2577 Felix
602 2549 743 2585 aequato
774 2547 901 2586 genitus
928 2546 987 2577 sab

289 2596 434 2635 pondere
456 2595 594 2627 Librae!
618 2595 721 2626 Iudex
744 2604 883 2626 examen
899 2596 987 2627 sistet

291 2645 441 2683 vitaeque
465 2645 614 2683 necisque
641 2645 849 2683 Imponetque
872 2645 986 2685 ‘tuffam

294 2693 391 2723 terris
413 2693 559 2733 leqesquc
581 2693 723 2733 rogabit.
770 2693 865 2724 Illum
891 2693 986 2725 urbes

294 2745 320 2772 ct
357 2750 460 2781 regyna
491 2746 626 2774 trement
657 2746 800 2781 nutuque
830 2746 985 2782 repentio·

1040 825 1159 864 Utzz'zts,
1185 828 1215 856 et
1237 825 1319 855 caeli
1338 828 1413 863 post
1436 827 1543 855 terras
1566 825 1644 856 iura
1664 834 1737 856 ma—

1036 874 1166 904 nebunt.
1215 874 1369 912 Scorpios
1391 877 1560 905 extremae
1583 883 1657 905 cam
1678 875 1737 905 tol-

1037 923 1079 954 let
1101 923 1229 954 lumina
1250 923 1396 961 caudae,
1422 923 1458 953 Si
1475 924 1546 963 quis
1561 924 1623 954 erit
1637 925 1736 955 stellis

1036 975 1106 1003 tum
1139 971 1401 1012 suffragantibus
1442 975 1550 1011 ortus,
1599 973 1735 1003 Urbibus

1037 1020 1168 1061 auqebz't
1213 1024 1320 1052 terras
1365 1021 1548 1060 iunctisque
1592 1022 1736 1053 iuvencis

1035 1070 1170 1102 Moenia
1215 1070 1397 1101 succinctus
1441 1079 1542 1101 curvo
1581 1071 1736 1102 describet

1036 1123 1173 1158 aratro⁷
1209 1119 1275 1160 Aut
1307 1122 1429 1151 sternet
1459 1120 1585 1158 positas
1618 1121 1732 1159 urbes,

1036 1170 1136 1209 inque
1159 1177 1246 1200 arva
1267 1170 1401 1200 reducet
1425 1169 1554 1208 Oppida
1577 1173 1607 1201 et
1630 1170 1663 1201 in
1680 1171 1736 1201 do-

1034 1219 1140 1250 mibus
1162 1222 1316 1250 maturas
1337 1219 1450 1250 reddet
1479 1220 1610 1250 aristas.
1662 1219 1731 1251 Cfr.

1036 1268 1080 1299 de
1120 1269 1265 1309 Scorpio
1301 1268 1406 1299 etiam
1441 1269 1553 1301 Manil.
1592 1268 1630 1306 4-⁷
1670 1269 1731 1300 ⁶217

1036 1325 1137 1357 seqq.
1154 1318 1321 1349 Ceterum
1332 1318 1503 1358 scriptura
1515 1319 1669 1357 Scorpios
1680 1318 1733 1350 usi

1035 1368 1117 1398 sunt
1142 1367 1264 1398 Cicero
1290 1376 1432 1407 quoque
1453 1369 1487 1399 et
1504 1368 1734 1399 Germanicus

1037 1416 1107 1456 (qui
1137 1416 1256 1456 fertur)
1288 1417 1322 1447 in
1344 1417 1496 1455 Arateis,
1529 1417 1614 1448 item
1637 1418 1730 1457 Virg.

1037 1468 1096 1496 Ge.
1124 1466 1159 1504 sl,
1192 1466 1244 1497 35.
1280 1466 1436 1497 Bosscha
1470 1465 1605 1497 consuli
1635 1465 1733 1497 iubet

1036 1513 1329 1553 Ptolemaeum4,
1349 1515 1380 1545 7.
1403 1533 1438 1536 —
1458 1516 1525 1545 Suo
1543 1514 1620 1546 loco
1638 1524 1732 1546 nunc

1036 1563 1171 1602 addidi,
1202 1572 1293 1603 quae
1317 1564 1352 1594 in
1375 1563 1448 1594 Iulii
1475 1564 1610 1595 Firmici
1636 1565 1734 1604 capi-

1037 1612 1129 1644 tibus
1164 1621 1181 1643 a
1219 1613 1399 1652 Lessingio
1437 1613 1590 1653 primum
1630 1613 1732 1644 editis

1035 1662 1102 1693 Zar
1135 1662 1319 1693 Geschichte
1352 1662 1419 1692 und
1458 1662 1640 1693 Litteratar
1672 1664 1728 1693 111.

1037 1712 1168 1743 faciunt
1191 1711 1237 1742 ad
1260 1710 1389 1742 Horatii
1412 1720 1537 1743 versus
1562 1710 1733 1743 illustran-

1037 1760 1112 1792 (Ios.

1079 1810 1131 1841 ⁴¹8.
1158 1809 1409 1850 Formidoloszts]
1441 1809 1554 1841 Manil.
1581 1809 1618 1841 4.
1646 1810 1730 1841 ¹247:

1035 1858 1195 1898 Scorpion
1225 1862 1337 1889 armat
1366 1859 1414 1888 uti
1436 1859 1579 1889 *uiolenta
1601 1859 1732 1897 cuspide

1035 1908 1144 1938 cauda
1179 1909 1246 1939 cet.
1285 1925 1320 1929 —
1349 1907 1444 1948 pars]
1482 1907 1599 1939 «sidus
1635 1908 1729 1948 quod

1036 1966 1104 1988 una
1130 1966 1212 1988 cum
1237 1956 1328 1995 aliis,
1356 1966 1445 1997 quae
1470 1957 1635 1997 adspicit,
1665 1957 1731 1987 ho-

1036 2007 1138 2037 minis
1163 2006 1359 2046 genituram
1384 2006 1510 2036 format
1537 2007 1641 2045 atque
1667 2006 1731 2037 de—

1036 2055 1143 2086 finit.»
1172 2073 1207 2076 —
1231 2054 1414 2095 violentior]
1444 2055 1483 2086 ln
1507 2055 1601 2086 omni
1632 2056 1731 2095 geni-

1037 2106 1113 2135 tura
1144 2105 1198 2134 est
1228 2112 1318 2135 unus
1348 2112 1492 2144 semper
1520 2099 1643 2149 ἀστὴρ
1667 2112 1731 2135 au-

1037 2155 1133 2184 ctore
1158 2152 1368 2185 Manethone
1394 2154 1429 2191 4,
1457 2152 1513 2184 3421
1537 2154 1571 2184 et
1588 2153 1625 2191 3,
1646 2152 1727 2184 413ι

1037 2198 1080 2241 ὅς
1104 2198 1152 2245 ῥά
1177 2211 1216 2233 τε
1239 2199 1411 2242 &onega
1434 2201 1615 2244 γενέθλης
1632 2202 1731 2244 μέγα

1036 2261 1075 2284 τε
1105 2248 1245 2295 κράτος
1276 2247 1374 2289 ἔχει,
1410 2251 1562 2292 ideoque
1592 2252 1730 2283 mathe-

1036 2301 1163 2332 matico
1200 2309 1286 2341 prae
1331 2301 1457 2332 ceteris
1501 2301 1726 2341 spectandus.

1036 2350 1168 2382 Eadem
1193 2349 1290 2381 stella
1309 2351 1454 2381 Firmico
1475 2349 1495 2381 l.
1514 2349 1535 2381 l.
1553 2358 1631 2390 pag.
1650 2349 1724 2381 254.

1034 2400 1154 2440 fortior
1183 2399 1330 2430 'radiatio
1362 2401 1396 2430 et
1424 2399 1578 2439 fortiores
1606 2398 1724 2429 stellae.

1042 2448 1215 2480 Violentior
1238 2448 1372 2488 itaque,
1404 2456 1514 2488 «quae
1539 2448 1728 2478 maximam

1036 2498 1107 2528 vim
1132 2498 1164 2528 in
1181 2498 1378 2537 genituram
1395 2497 1488 2535 eius,
1514 2497 1573 2536 qui
1590 2497 1623 2527 in
1640 2495 1728 2527 illius

1036 2548 1182 2588 aspectu
1206 2549 1307 2578 natus
1332 2548 1403 2584 est,
1430 2547 1610 2582 exercet3»
1640 2554 1726 2576 non:

1039 2604 1148 2635 «quae
1161 2596 1306 2636 propter
1318 2595 1533 2632 violentiam,
1553 2603 1622 2634 qua
1634 2602 1729 2633 gras-

1036 2646 1149 2683 satur,
1187 2644 1320 2675 homini
1344 2645 1375 2675 ei
1399 2643 1557 2675 subiecto
1586 2643 1729 2684 pericu-

1037 2693 1108 2725 lum
1133 2694 1318 2725 minatur.»

1082 2742 1132 2773 119.
1160 2742 1301 2782 Natalis]
1322 2742 1442 2774 Letalis
1466 2742 1499 2773 in
1517 2740 1626 2774 Codd.
1645 2740 1724 2781 aliq.
