1997 3219
422 252 469 293 Et
501 259 562 299 tu,
596 261 718 308 potes
754 268 871 304 nam,
906 255 1022 298 solve
1058 269 1126 298 me
1157 256 1390 306 dementia,

300 155 331 185 ,ζ
786 150 954 182 ΙΙΟΙίΑΤΙΙ
980 151 1146 184 EPODON

1640 260 1691 300 45')

420 332 456 374 O
487 346 566 374 nec
595 333 783 389 paternis
815 334 1007 377 obsoleta
1035 335 1257 384 sordibus,

419 413 567 468 Neque
602 413 644 455 in
675 414 884 471 sepulcris
919 429 1159 472 pauperum
1193 417 1383 473 prudens
1416 432 1523 460 anus

419 493 703 537 Novendiales
736 495 946 552 dissipare
965 495 1195 552 «pulveres.

417 574 506 615 Tibi
539 574 748 631 hospitale
778 582 929 632 pectus
965 583 1007 619 et
1043 591 1177 633 purae
1205 591 1380 625 manus,

417 656 617 711 'suusque
653 662 801 699 venter
833 657 1123 707 Pactumeius,
1157 664 1199 700 et
1234 664 1304 700 tuo

1638 662 1689 701 {50

334 780 385 812 4-7.
412 780 478 811 Nec
501 781 637 818 B,LCtF
664 781 743 820 (non
766 781 862 822 ch).
893 799 927 805 —
954 781 1006 814 48.
1032 783 1244 815 Novendialz's
1266 784 1302 814 B.
1332 801 1368 805 —
1401 784 1452 815 50.
1474 787 1646 823 ριινοιῑιηιρ,4

289 831 358 860 eius
381 831 423 867 T,
458 830 667 869 par-cumeius
690 831 841 862 Pottierii
866 831 1038 872 quinque,
1076 833 1170 863 LtFJ.
1199 833 1250 872 (Ut
1273 841 1354 872 nos⁷
1391 834 1455 873 Bc,
1492 835 1578 866 item
1603 834 1644 870 b,

291 879 354 910 sed
378 879 434 910 hic
458 880 492 910 in
516 888 658 917 rasura,
694 879 877 919 Blandin.,
917 890 979 912 «ex
1011 881 1140 912 nostris
1177 890 1300 913 omnes
1335 884 1477 922 praeter
1501 884 1586 915 Cod.
1614 886 1647 915 et

290 930 394 960 notae
430 930 465 959 et
499 929 621 960 aetatis
657 930 830 969 sequioris
855 931 1061 967 Petrensem
1084 930 1160 971 (μμ
1185 931 1328 969 Bima,
1365 933 1518 964 Pottierii
1541 932 1648 974 pleri-

291 986 381 1018 que,
408 977 534 1017 Aldus,
561 978 607 1016 C,
634 977 828 1018 Bentleius,
854 980 911 1018 M.)

291 1083 344 1115 45.
366 1082 418 1114 46.
439 1086 532 1122 potes
546 1083 636 1124 ream]
655 1082 821 1124 Exempla
838 1084 942 1116 huius

248 1132 418 1164 formulae
443 1133 477 1164 in
493 1132 660 1173 precibus
678 1133 825 1178 usitatae
842 1142 943 1174 prae-

248 1182 334 1214 bent
360 1183 573 1223 interpretes
604 1183 649 1214 ad
672 1182 745 1214 Val.
771 1182 881 1215 Flacc.
910 1184 940 1223 si,

250 1233 288 1263 13
307 1242 311 1262 :
355 1233 488 1263 versam
505 1232 618 1271 proles
640 1235 699 1264 tua
716 1233 842 1271 pandet
864 1233 944 1264 Idu-

246 1290 319 1312 men
345 1281 511 1322 (Namque
528 1282 658 1322 potest).
693 1282 856 1321 Agathias
871 1283 943 1313 An-

247 1330 330 1362 thol.
357 1330 463 1362 Palat.
483 1332 506 1362 1.
536 1340 570 1371 p.
589 1331 646 1362 ΞΜ
669 1341 674 1361 :
699 1327 826 1368 Ἀλλά,
852 1329 940 1370 θεά,

246 1377 405 1412 δύνασαι
431 1378 513 1426 γάρ,
540 1376 567 1422 ἢ
582 1376 760 1425 ἦβητῆρά
783 1391 833 1422 με
858 1379 943 1413 τεῦ-

247 1427 314 1470 ξον
338 1429 415 1461 κτλ.
445 1449 480 1453 —
508 1431 532 1462 Ο
556 1439 614 1462 nec
631 1431 800 1471 paternis]
839 1432 944 1463 Cani—

247 1479 325 1510 diae
357 1479 519 1511 sordidos
548 1481 713 1520 parentes
745 1480 875 1512 obiicit.
905 1499 940 1505 —-

246 1530 404 1570 obsolela]
447 1531 643 1571 «inquinata
658 1555 663 1569 ‚
705 1530 920 1562 deformata»
935 1556 940 1569 ‚

250 1582 288 1611 ut
312 1581 393 1611 sunt
416 1588 473 1610 res
507 1581 682 1611 vetustate
718 1579 939 1621 absumptae.

247 1630 318 1660 (lic.
345 1637 408 1669 pro
438 1628 549 1660 Sestio
581 1629 643 1660 28:
681 1629 943 1660 Virtus--ne-

246 1687 307 1716 quc
339 1678 455 1708 alienis
484 1687 634 1716 unquam
666 1678 815 1709 sordibus
849 1678 944 1710 obso—

245 1728 344 1758 lescit.
386 1727 434 1758 Ex
459 1726 629 1758 adulterio
647 1736 724 1759 eam
744 1729 877 1766 natam,
905 1730 943 1759 ut

245 1776 366 1808 volunt
389 1776 525 1814 Schol.‚
552 1777 748 1816 significare
773 1778 905 1817 nequit.

288 1825 341 1857 47.
369 1825 421 1857 48.
450 1826 606 1864 sepulcris
614 1826 813 1865 pauperum]
834 1827 941 1858 «Nam

245 1874 390 1905 divitum
415 1873 575 1914 sepulcra
601 1875 672 1906 suis
697 1876 797 1906 erant
822 1876 941 1907 custo-

246 1923 349 1955 dibus
368 1932 508 1955 curae.»
527 1925 648 1956 Scuoi..
676 1925 809 1956 Horum
826 1926 942 1957 custo-

245 1973 328 2005 dum
361 1973 576 2004 mentionem
612 1973 692 2004 facit
715 1975 877 2005 Manetho
907 1975 938 2013 6,

244 2023 301 2053 ³5:31
322 2032 328 2052 :
377 2020 624 2054 νεκυοστόλοι
650 2041 668 2046 -
686 2019 737 2054 ’ῚΙ
774 2024 939 2069 φρουροὶ

245 2069 387 2103 νεκύων
411 2069 574 2113 τύμβοις
599 2068 655 2104 ἔνι
687 2071 936 2113 ναιετάοντες.

245 2122 314 2153 Cl‘r.
342 2123 448 2154 inser.
476 2131 574 2154 meas
599 2124 670 2154 Lat.
696 2124 735 2154 N.
755 2123 839 2155 4366
857 2132 935 2164 sqq.

248 2189 282 2193 -
304 2172 460 2212 prudens]
487 2173 593 2203 etiam
611 2172 653 2203 de
672 2172 771 2203 malis
789 2172 935 2204 artibus.

246 2223 361 2252 iuven.
399 2221 435 2259 3,
473 2222 535 2253 86:
586 2222 745 2255 Graeculi
779 2224 939 2254 adulandi

243 2280 321 2311 qens
347 2272 614 2310 prudentissima.
648 2289 682 2294 —
724 2273 940 2304 Novcntliales

244 2321 413 2361 dissipare]
449 2330 595 2353 «eruere
629 2331 647 2353 e
683 2321 854 2363 sepulcris
893 2322 937 2353 ad

244 2380 347 2403 usum
393 2380 575 2403 sacrorum
622 2374 761 2403 tuorum
800 2373 938 2405 ‹rinei-cs

245 2430 370 2452 recens
405 2421 565 2452 conditos
611 2430 651 2451 ae
698 2422 832 2452 tantum
869 2431 937 2453 non

244 2470 401 2510 tepidos,
429 2471 557 2510 quippe
583 2471 640 2510 qui
665 2470 709 2501 ad
733 2471 938 2511 praestigias

246 2520 397 2556 magicas
422 2520 638 2551 efficaciores
662 2521 727 2551 sint
754 2528 859 2560 quam
879 2520 935 2551 din

246 2569 420 2609 repositi.»
447 2569 543 2600 Ovid.
565 2570 643 2600 lter.
664 2569 699 2606 6,
719 2569 780 2600 00:
821 2570 937 2600 Forta—

245 2627 306 2656 quc
347 2619 385 2650 (lc
419 2620 535 2658 lepidis
568 2619 690 2659 eolliyit
726 2628 798 2649 (issa
834 2620 932 2659 russis.

246 2668 372 2698 Lucan.
396 2669 432 2707 6,
453 2668 531 2699 530:
573 2668 789 2707 (trtlenliaqzoe
813 2676 885 2698 ossa
910 2669 936 2699 E

246 2717 356 2747 mediis
380 2717 467 2756 rapi!
493 2717 548 2749 illa
574 2718 671 2758 russis,
705 2719 792 2749 (Iuni
817 2719 934 2749 autem

994 1086 1072 1116 usui
1103 1084 1149 1117 illi
1181 1085 1332 1118 nefando
1356 1087 1455 1118 vivos
1491 1088 1688 1120 incantandi

994 1134 1265 1174 adhiberentur,
1311 1137 1513 1179 necessario
1548 1137 1690 1177 dissipa—

994 1184 1134 1224 bantur,
1180 1185 1215 1217 in
1248 1184 1432 1226 pulverem
1468 1187 1690 1218 comminue-

994 1233 1133 1265 bantur.
1161 1235 1326 1266 Ceterum
1352 1234 1476 1276 triplex
1501 1236 1613 1267 exstat
1637 1236 1691 1267 in-

994 1284 1197 1324 terpretatio
1226 1293 1259 1315 v.
1285 1284 1521 1324 Νουεηίίὶαῖεε,
1558 1286 1605 1316 ita
1634 1286 1686 1322 ut,

995 1341 1076 1365 cum
1105 1334 1162 1365 hic
1190 1335 1362 1366 iustorum
1387 1335 1534 1366 mortuis
1559 1334 1690 1366 facien-

994 1382 1120 1415 dorum
1157 1384 1232 1415 dies
1266 1383 1310 1415 ab
1346 1383 1420 1415 aliis
1460 1384 1690 1424 scriptoribus

994 1441 1170 1473 nusquam
1187 1434 1423 1473 memoretur,
1442 1434 1583 1474 optione
1600 1434 1689 1465 inter

993 1481 1058 1513 has
1083 1490 1172 1522 opus
1196 1483 1261 1513 sit:
1289 1482 1318 1522 4)
1345 1482 1576 1514 «Novendiale
1602 1483 1690 1514 dici-

995 1534 1049 1562 tur
1084 1530 1313 1569 sacrificium,
1351 1532 1447 1571 quod
1478 1534 1617 1563 mortuo
1653 1532 1691 1563 fit

994 1589 1087 1611 nona
1110 1579 1186 1619 die,
1213 1589 1282 1621 qua
1307 1580 1464 1621 sepultus
1489 1582 1576 1612 est.»
1603 1582 1689 1612 Pon-

994 1639 1086 1661 ram.
1137 1630 1168 1669 ⁶2)
1207 1629 1336 1670 «Apud
1379 1631 1541 1670 antiquos
1579 1631 1688 1661 moris

994 1680 1072 1717 suit,
1104 1680 1143 1710 ut
1165 1679 1280 1709 triduo
1306 1687 1432 1719 corpus
1458 1678 1611 1710 defuncti
1637 1679 1688 1709 ia-

994 1728 1091 1759 ceret
1114 1727 1227 1765 domi,
1263 1729 1297 1758 et
1319 1729 1399 1768 post
1422 1728 1577 1759 triduum
1601 1737 1686 1767 rogo

992 1778 1255 1817 imponeretur3
1297 1778 1381 1808 item
1419 1778 1498 1817 post
1532 1777 1685 1808 triduum

994 1826 1079 1858 cinis
1108 1826 1142 1857 in
1174 1834 1300 1857 urnam
1330 1825 1549 1857 condebatur
1573 1828 1607 1857 et
1631 1828 1687 1857 tu-

993 1875 1087 1907 mulo
1118 1875 1375 1914 mandabatur3
1412 1875 1491 1906 ideo
1515 1875 1599 1906 dixit
1622 1885 1686 1907 no—

991 1923 1172 1956 vendiales
1188 1923 1370 1965 pulveres,
1398 1924 1432 1956 id
1450 1925 1520 1963 est,
1548 1925 1685 1956 cineres

992 1976 1189 2006 recentes.»
1216 1974 1326 2005 Comt.
1354 1975 1457 2010 Cm‘Q.
1506 1974 1535 2013 3)
1564 1974 1684 2015 «Apud

991 2025 1162 2061 maiores,
1194 2023 1255 2054 ubi
1287 2022 1340 2064 (al.
1366 2023 1580 2063 ubicunque)
1606 2024 1684 2064 quis

990 2073 1112 2105 suisset
1128 2073 1336 2112 exstinctus⁷
1360 2072 1403 2103 ad
1421 2072 1568 2104 domum
1584 2082 1684 2104 suam

990 2122 1227 2160 referebatur3
1251 2140 1270 2144 —
1286 2139 1305 2144 -
1322 2123 1355 2153 et
1371 2120 1437 2152 illic
1454 2124 1592 2162 septem
1610 2124 1685 2154 erat

989 2172 1126 2210 diebus,
1153 2173 1276 2203 octavo
1301 2170 1566 2210 incendebatur,
1593 2180 1684 2203 nono

989 2221 1247 2262 sepeliebatur:
1296 2221 1390 2252 unde
1422 2221 1584 2252 Horatius
1618 2222 1684 2252 No-

988 2271 1153 2303 vendiales
1177 2272 1267 2302 cet.»
1308 2272 1444 2302 Sssnvms
1469 2270 1514 2301 ad
1537 2270 1622 2301 Aen.
1650 2272 1681 2308 5,

990 2320 1042 2352 64.
1076 2321 1309 2352 Commentat.
1338 2320 1481 2360 Cruquii
1511 2320 1682 2351 rationem

989 2371 1105 2408 recte,
1131 2371 1169 2400 ut
1192 2369 1344 2405 videtur,
1379 2368 1507 2409 probat
1531 2369 1683 2399 Torren—

990 2421 1068 2451 tius.
1117 2419 1214 2450 Cous.
1252 2417 1352 2459 Apul.
1380 2419 1518 2450 Metam.
1547 2418 1584 2455 9,
1617 2418 1680 2448 31¹:

989 2470 1123 2508 lamque
1145 2478 1231 2499 nono
1255 2469 1306 2500 dic
1329 2469 1391 2499 rite
1413 2467 1578 2506 completis
1593 2467 1684 2506 apud

989 2519 1151 2549 [urnulam
1184 2518 1400 2549 sollemnibus.
1449 2518 1604 2548 Donatus
1639 2516 1680 2547 ad

988 2569 1126 2600 Terent.
1146 2568 1285 2599 Piiorm.
1303 2567 1336 2605 4,
1358 2568 1370 2598 4
1388 2592 1393 2605 ,
1414 2567 1453 2597 «16
1470 2576 1475 2597 :
1502 2567 1538 2597 In
1561 2566 1684 2605 nuptiis

988 2618 1088 2649 eliam
1121 2618 1277 2657 septimus
1311 2617 1377 2648 <lies
1409 2616 1680 2647 ‘instrucralionein

987 2668 1053 2698 voti
1076 2667 1186 2706 habet..
1211 2671 1246 2698 ut
1271 2667 1303 2697 in
1327 2666 1443 2706 funere
1465 2673 1572 2696 nonus
1595 2664 1678 2701 (ties,

987 2726 1050 2756 quo
1071 2716 1261 2757 parenlalia
1291 2716 1539 2747 concluduntur.
1581 2712 1676 2744 (jons.
1723 2725 1725 2728 ⁴
