1997 3219
370 234 451 276 386
883 234 1053 267 IIORATII
1078 234 1302 267 CARMINUM

704 336 942 394 Torquibus
974 337 1138 394 exiguis
1168 337 1344 396 renidet.

591 456 732 498 Paene
763 461 1014 511 occupatam
1044 454 1326 498 seditionibus

590 535 754 578 Delevit
783 534 941 579 Urbem
971 536 1112 577 Dacus
1144 541 1186 578 et
1214 533 1438 590 Aethiops,

647 615 725 658 Hic
755 615 893 658 classe
923 615 1194 679 formidatus,
1228 613 1296 657 ille
1749 612 1801 654 45

700 694 928 738 Missilibus
960 694 1111 738 melior
1140 694 1314 751 sagittis.

586 811 787 855 Fecunda
816 810 968 868 culpae
999 809 1147 854 secula
1175 811 1344 867 nuptias

585 891 773 934 Primum
803 891 1082 947 inquinavere
1113 896 1156 934 et
1185 904 1319 946 genus
1353 896 1395 932 et
1425 889 1601 941 domos;

358 1060 491 1100 vienus)
504 1059 648 1091 retundit
660 1058 848 1090 Antonium.
867 1058 947 1089 Tae.
962 1057 1051 1089 Ann.

359 1109 396 1148 4,
423 1109 484 1141 46:
521 1108 664 1140 contu-sis
697 1108 858 1139 Thracum
891 1106 1049 1147 gentibus.

402 1159 454 1190 42.
505 1156 701 1198 Tor-quibus]
742 1155 947 1188 «Tenuibus
988 1154 1052 1186 illis

357 1206 542 1247 torquibus
567 1207 700 1245 aureis,
739 1206 798 1246 qui
822 1206 947 1236 unicus
972 1213 1054 1245 gre-

357 1257 533 1297 gariorum
558 1255 705 1287 militum
722 1254 816 1295 apud
838 1254 982 1286 Parthos
1000 1262 1055 1285 or-

356 1307 458 1337 natus
484 1305 613 1343 fuerat,
644 1304 795 1335 exsultat
818 1312 910 1335 nunc
935 1312 1054 1334 acces-

356 1355 444 1386 sisse
469 1353 613 1385 divitem
630 1353 800 1393 praedam
821 1354 1050 1384 Romanam.»

359 1421 394 1426 --
427 1402 563 1442 renidet]
602 1403 695 1434 «Non
731 1403 805 1434 sine
841 1400 1052 1433 contumelia

355 1453 389 1483 in
413 1452 588 1483 Romanos
620 1451 756 1482 ridente
787 1450 883 1482 voltu
916 1451 1054 1490 spectat

357 1502 518 1532 ornatum
543 1509 647 1532 suum
671 1501 854 1540 tantopere
872 1501 1050 1531 auctum.»

401 1550 515 1581 13-«16.
541 1549 655 1589 Paene]
684 1548 832 1581 «Urbem
850 1549 962 1589 ipsam
980 1548 1052 1579 dis—

355 1599 530 1631 sidentem
560 1607 601 1629 ac
630 1598 753 1629 studiis
784 1598 955 1629 intestinis
980 1597 1053 1630 dis-

355 1649 503 1679 tractam
535 1656 648 1688 paene
682 1647 829 1679 exscidit
859 1647 1048 1685 Antonius;

356 1706 395 1729 ea
428 1697 558 1737 potitus
590 1699 702 1735 esset,
739 1697 767 1728 si
793 1696 888 1736 apud
911 1696 1050 1727 Actium

354 1747 465 1778 victor
499 1746 712 1777 evasisset.»
762 1745 866 1783 Daci,
908 1746 1051 1784 sagitta—

355 1796 412 1833 rii,
447 1794 491 1826 ab
517 1795 704 1826 Octaviano
734 1794 842 1834 spreti
874 1793 919 1825 ad
942 1795 1051 1825 Anto—

355 1845 452 1876 nium
476 1843 736 1875 inclinaverant.
787 1843 860 1883 (Dio
890 1844 949 1882 5⁴,
983 1843 1048 1882 22.)

354 1895 447 1934 Virg.
486 1895 544 1925 Ge.
578 1894 617 1931 Ξ,
655 1893 734 1925 497:
777 1893 842 1924 Aut
878 1893 1050 1924 coniurato

356 1943 547 1974 descendens
569 1943 683 1974 Dacus
706 1942 746 1973 ab
777 1942 872 1973 Istro.
900 1944 984 1973 Aen.
1012 1943 1049 1981 8,

356 1992 438 2023 705:
475 1992 580 2023 omnis
609 2000 645 2023 eo
676 1994 802 2022 terrore
829 1991 993 2032 Aeyyptus
1022 1995 1052 2023 ei

355 2041 449 2080 Indi,
492 2041 602 2072 Omnis
637 2041 764 2080 Arabs,
805 2049 914 2072 omnes
943 2044 1052 2072 verte-

356 2092 435 2123 bant
457 2093 552 2130 cerya
575 2090 706 2121 Sabaei.
732 2091 945 2131 Aegyptios,
978 2091 1051 2122 An—

357 2141 440 2172 tonii
476 2138 691 2177 classiarios,
733 2140 868 2180 poetice
907 2141 1052 2180 propter

356 2189 571 2220 vicinitatem
596 2188 786 2229 Aethiopes
810 2189 924 2220 vocat.
964 2190 1051 2220 Nam

358 2238 422 2278 ipsi
434 2237 638 2278 Aethiopiae
656 2236 710 2268 ille
728 2245 796 2268 non
814 2237 1048 2278 imperitabat.

358 2287 446 2319 Plut.
479 2287 556 2317 Ant.
591 2286 650 2317 Gsl:
694 2283 864 2327 (Λιβύης)
898 2283 944 2317 τὰ
973 2282 1051 2318 ἀπὸ

357 2332 535 2379 Κυρήνης
549 2334 684 2379 μέχρις
700 2332 902 2374 Αἰθιοπίας
928 2332 1050 2376 (εἶχεν)

354 2379 561 2423 Ἀντώνιος.
592 2400 626 2406 -
651 2384 777 2425 melior]
802 2385 991 2429 κρείττων.

402 2434 454 2465 47.
491 2433 643 2464 Fecunda
671 2432 797 2473 culpae]
829 2434 901 2466 Iam
927 2442 1052 2468 causas

357 2482 484 2514 harum
508 2481 744 2513 calamitatum
768 2483 919 2523 exponit.
962 2485 1053 2516 «De-

359 2532 529 2571 generant
567 2530 716 2562 familiae
760 2534 904 2572 propter
938 2534 1051 2566 omnis

359 2580 497 2619 generis
529 2578 708 2618 libidines,
744 2579 872 2620 quibus
901 2583 1049 2623 uterque

357 2636 462 2660 sexus
493 2628 663 2660 obnoxius
699 2630 785 2660 est.»
839 2630 959 2670 Neque
989 2640 1051 2662 ve·—

358 2686 396 2707 ro
421 2676 659 2708 oblitiscenda
683 2677 966 2717 frequentissima
986 2679 1049 2711 illis

359 2725 576 2765 temporibus
607 2726 752 2757 divortia
782 2735 823 2757 ac
847 2727 992 2768 repudia
1015 2731 1048 2760 et

359 2775 575 2805 matiimouia
596 2776 688 2807 omni
714 2776 818 2808 inoclo
837 2775 971 2807 violata.
1002 2778 1050 2808 Si-

1103 1056 1168 1089 lius
1200 1058 1240 1096 2,
1273 1056 1358 1089 498:
1397 1057 1585 1090 Fecundum
1608 1057 1643 1089 in
1665 1058 1801 1099 fraudes

1101 1107 1269 1138 hominum
1291 1115 1403 1147 genus.

1148 1156 1199 1187 48.
1225 1155 1336 1197 yemis]
1363 1156 1520 1187 «Bonum
1542 1156 1636 1196 paris
1661 1157 1799 1196 sangui-

1102 1205 1171 1243 nis,
1206 1204 1308 1236 alieni
1340 1205 1452 1236 coitus
1477 1204 1688 1237 admixtione
1720 1205 1799 1246 pol-

1102 1253 1248 1285 lutum.»
1289 1254 1403 1285 ACRON
1427 1254 1558 1285 Nauali.
1606 1255 1710 1286 Recte
1737 1263 1798 1286 ex—

1102 1303 1230 1344 plices:
1248 1311 1364 1343 yemis,
1385 1303 1609 1342 sanguinem,
1629 1304 1798 1344 stirpem3

1103 1353 1229 1391 domos,
1257 1360 1380 1384 omnes
1404 1353 1560 1384 rationes
1585 1352 1800 1385 domesticas

1103 1402 1193 1433 inter
1217 1401 1383 1440 coniuges
1408 1410 1448 1432 ac
1468 1400 1619 1439 liberos,
1647 1402 1691 1433 ad
1709 1410 1797 1441 quos

1101 1451 1233 1482 sensim
1267 1450 1288 1481 a'
1318 1449 1523 1490 parentibus
1562 1451 1686 1482 transit
1717 1460 1799 1482 cor-

1101 1498 1248 1540 ruptela.
1275 1497 1438 1529 Ambros.
1459 1499 1545 1539 Opp.
1566 1500 1601 1530 T.
1616 1500 1647 1530 2.
1666 1508 1700 1540 p.
1722 1499 1797 1530 ⁴84.

1102 1548 1145 1579 de
1172 1547 1320 1579 Herodis
1345 1546 1433 1578 filia:
1462 1548 1547 1586 Quid
1563 1548 1649 1579 enim
1667 1551 1800 1587 poterat

1101 1599 1139 1629 cle
1162 1597 1314 1628 adultera
1340 1595 1475 1636 (matre)
1501 1597 1624 1628 discere
1646 1598 1709 1628 uisi
1732 1598 1798 1629 da-

1100 1657 1214 1679 mnum
1232 1648 1372 1687 pudoris
1384 1646 1401 1677 ἶ)

1144 1697 1196 1728 20.
1234 1697 1271 1727 In¹
1298 1696 1449 1735 patriam
1474 1696 1710 1737 populumque]
1743 1697 1797 1728 «in

1100 1755 1177 1778 rem
1193 1745 1371 1786 publicam
1388 1747 1422 1777 et
1442 1746 1475 1776 in
1492 1745 1646 1785 singulos
1664 1746 1796 1777 cives.»

1099 1796 1248 1836 Antiqua
1263 1796 1316 1826 est
1331 1793 1491 1826 formula.
1510 1795 1581 1826 Liv.
1596 1795 1628 1833 5,
1647 1793 1682 1826 41¹
1699 1804 1704 1825 z
1724 1798 1798 1827 sunt

1100 1845 1380 1884 qui--devovisse
1392 1853 1444 1875 eos
1458 1844 1626 1884 <seniores
1644 1845 1678 1875 in
1696 1843 1795 1876 clade

1101 1893 1227 1926 Gallica
1253 1903 1283 1925 a.
1310 1902 1344 1924 u.
1371 1901 1402 1925 c.
1430 1892 1517 1932 365.)
1544 1901 1577 1924 sc
1594 1902 1660 1932 pro
1678 1894 1797 1932 patria

1102 1943 1346 1983 Quiritibusque
1362 1942 1517 1973 Romanis
1533 1942 1680 1972 tradant.
1696 1942 1793 1973 ovid.

1100 1993 1240 2024 Metam.
1261 1992 1319 2029 45,
1347 1990 1428 2022 57⁶2:
1454 1990 1588 2022 Patriae
1604 1991 1726 2022 laecum
1736 1999 1798 2030 po-

1094 2041 1240 2080 puloque
1278 2039 1409 2079 Quirini
1439 2057 1458 2062 -
1488 2057 1507 2062 -
1536 2039 1588 2070 sic.
1639 2038 1792 2071 Iuvenal.

1101 2090 1161 2129 44,
1195 2090 1255 2121 70:
1294 2089 1436 2120 Graium
1457 2091 1521 2127 esi,
1555 2089 1642 2127 quod
1658 2089 1794 2128 patriae

1099 2140 1202 2170 civem
1220 2138 1409 2178 populoque
1425 2138 1549 2169 dedisti.
1576 2138 1614 2168 ln
1631 2140 1794 2169 senatum

1100 2188 1217 2220 invehi
1242 2189 1337 2220 certe
1359 2186 1515 2228 prudens
1533 2186 1675 2218 nolebat
1690 2188 1793 2228 poeta

1101 2246 1143 2270 eo
1169 2237 1292 2275 modo,
1327 2236 1386 2276 qui
1410 2235 1540 2277 placuit
1562 2235 1734 2273 Bentleio,
1760 2236 1795 2266 ct

1100 2286 1403 2326 languidissimum
1444 2293 1529 2317 sane
1574 2284 1663 2316 foret
1700 2284 1793 2316 istud

1101 2345 1163 2375 que
1178 2353 1196 2358 -
1210 2352 1225 2358 -
1240 2343 1312 2374 que.

1144 2385 1180 2416 24
1192 2409 1197 2415 .
1215 2385 1324 2416 Motus
1334 2400 1370 2406 --
1380 2382 1516 2424 Ionicos]
1528 2383 1679 2414 Auctore
1691 2382 1794 2414 Athe-

1101 2442 1189 2465 naeo
1213 2433 1242 2464 1l.
1260 2441 1294 2473 p.
1314 2432 1356 2463 22
1377 2431 1412 2463 b.
1432 2427 1456 2473 ἡ
1472 2427 1616 2473 Ἰωνικὴ
1634 2427 1792 2476 ὄρχησις

1100 2485 1134 2515 in
1155 2483 1195 2514 iis
1219 2481 1263 2513 ab
1287 2482 1492 2513 Aristoxeno
1516 2480 1790 2519 memorabatur,

1101 2540 1192 2572 quae
1216 2528 1279 2563 διὰ
1302 2527 1371 2571 τὴν
1391 2528 1465 2561 τῶν
1489 2528 1624 2575 χειρῶν
1640 2530 1791 2570 κίνησιν

1101 2581 1229 2613 ceteris
1246 2580 1477 2621 praestarent.
1508 2578 1681 2619 Aristoph.
1701 2578 1792 2609 The-

1099 2629 1238 2670 smoph.
1281 2628 1362 2659 463:
1398 2628 1547 2667 Ibycus,
1583 2629 1788 2664 Anacreon,

1099 2677 1247 2710 Alcaeus
1272 2674 1552 2722 ἐμιτροφόρουν
1575 2685 1614 2707 τε
1637 2676 1701 2707 καὶ
1723 2674 1792 2707 διε-

1098 2724 1228 2759 κλῶντ’·
1249 2723 1432 2765 Ἰωνικῶς.
1468 2726 1680 2765 Hesychius:
1714 2720 1790 2755 Ἰω-

1098 2775 1224 2815 νικόν,
1259 2773 1446 2821 τρυφερὸν
1469 2771 1496 2815 ἢ
1519 2776 1598 2819 περὶ
1631 2772 1698 2806 τοῦ
1722 2784 1790 2806 κα-
