<?xml version="1.0" encoding="UTF-8"?>
<!DOCTYPE html PUBLIC "-//W3C//DTD XHTML 1.0 Transitional//EN"
    "http://www.w3.org/TR/xhtml1/DTD/xhtml1-transitional.dtd">
<html xmlns="http://www.w3.org/1999/xhtml" xml:lang="en" lang="en">
 <head>
  <title>
</title>
<meta http-equiv="Content-Type" content="text/html;charset=utf-8" />
  <meta name='ocr-system' content='tesseract 3.04.00' />
  <meta name='ocr-capabilities' content='ocr_page ocr_carea ocr_par ocr_line ocrx_word'/>
</head>
<body>
  <div class='ocr_page' id='page_1' title='image "./qhoratiusflaccus01horauoft/qhoratiusflaccus01horauoft_0374.png"; bbox 0 0 1997 3219; ppageno 0'>
   <div class='ocr_carea' id='block_1_1' title="bbox 247 184 328 224">
    <p class='ocr_par' dir='ltr' id='par_1_1' title="bbox 247 184 328 224">
     <span class='ocr_line' id='line_1_1' title="bbox 247 184 328 224; baseline -0.012 0"><span class='ocrx_word' id='word_1_1' title='bbox 247 184 328 224; x_wconf 74' lang='lat'>320</span> 
     </span>
    </p>
   </div>
   <div class='ocr_carea' id='block_1_2' title="bbox 759 172 1177 219">
    <p class='ocr_par' dir='ltr' id='par_1_2' title="bbox 759 172 1177 219">
     <span class='ocr_line' id='line_1_2' title="bbox 759 172 1177 219; baseline 0.002 -1"><span class='ocrx_word' id='word_1_2' title='bbox 759 172 927 218; x_wconf 63' lang='lat' dir='ltr'>noimrii</span> <span class='ocrx_word' id='word_1_3' title='bbox 955 187 1177 219; x_wconf 63' lang='lat' dir='ltr'>mammem</span> 
     </span>
    </p>
   </div>
   <div class='ocr_carea' id='block_1_3' title="bbox 417 289 1688 345">
    <p class='ocr_par' dir='ltr' id='par_1_3' title="bbox 417 289 1688 345">
     <span class='ocr_line' id='line_1_3' title="bbox 417 289 1688 345; baseline -0.001 -15"><span class='ocrx_word' id='word_1_4' title='bbox 417 289 550 338; x_wconf 70' lang='lat' dir='ltr'>Euoe.</span> <span class='ocrx_word' id='word_1_5' title='bbox 586 290 743 332; x_wconf 87' lang='lat' dir='ltr'>recenti</span> <span class='ocrx_word' id='word_1_6' title='bbox 775 303 895 331; x_wconf 91' lang='lat' dir='ltr'>mens</span> <span class='ocrx_word' id='word_1_7' title='bbox 929 290 1112 345; x_wconf 79' lang='lat' dir='ltr'>trepidat</span> <span class='ocrx_word' id='word_1_8' title='bbox 1142 297 1254 332; x_wconf 87' lang='lat' dir='ltr'>metu</span> <span class='ocrx_word' id='word_1_9' title='bbox 1665 291 1688 329; x_wconf 72' lang='grc' dir='ltr'><em>ὓ</em></span> 
     </span>
    </p>
   </div>
   <div class='ocr_carea' id='block_1_4' title="bbox 415 369 1276 426">
    <p class='ocr_par' dir='ltr' id='par_1_4' title="bbox 415 369 1276 426">
     <span class='ocr_line' id='line_1_4' title="bbox 415 369 1276 426; baseline -0.001 -15"><span class='ocrx_word' id='word_1_10' title='bbox 415 369 633 426; x_wconf 81' lang='lat' dir='ltr'>Plenoquc</span> <span class='ocrx_word' id='word_1_11' title='bbox 664 369 817 412; x_wconf 83' lang='lat' dir='ltr'>Bacchi</span> <span class='ocrx_word' id='word_1_12' title='bbox 849 377 1024 425; x_wconf 77' lang='lat' dir='ltr'>pectore</span> <span class='ocrx_word' id='word_1_13' title='bbox 1061 369 1276 411; x_wconf 85' lang='lat' dir='ltr'>turbidum</span> 
     </span>
    </p>
   </div>
   <div class='ocr_carea' id='block_1_5' title="bbox 473 451 680 492">
    <p class='ocr_par' dir='ltr' id='par_1_5' title="bbox 473 451 680 492">
     <span class='ocr_line' id='line_1_5' title="bbox 473 451 680 492; baseline 0 -2"><span class='ocrx_word' id='word_1_14' title='bbox 473 451 680 492; x_wconf 78' lang='lat' dir='ltr'><strong>Laetatur.</strong></span> 
     </span>
    </p>
   </div>
   <div class='ocr_carea' id='block_1_6' title="bbox 742 449 1223 505">
    <p class='ocr_par' dir='ltr' id='par_1_6' title="bbox 742 449 1223 505">
     <span class='ocr_line' id='line_1_6' title="bbox 742 449 1223 505; baseline 0 -14"><span class='ocrx_word' id='word_1_15' title='bbox 742 450 879 499; x_wconf 74' lang='lat' dir='ltr'>Euoe,</span> <span class='ocrx_word' id='word_1_16' title='bbox 914 463 1041 505; x_wconf 86' lang='lat' dir='ltr'>parce</span> <span class='ocrx_word' id='word_1_17' title='bbox 1074 449 1200 492; x_wconf 85' lang='lat' dir='ltr'>Liber</span> <span class='ocrx_word' id='word_1_18' title='bbox 1216 485 1223 498; x_wconf 92' lang='lat'>‚</span> 
     </span>
    </p>
   </div>
   <div class='ocr_carea' id='block_1_7' title="bbox 526 530 1293 587">
    <p class='ocr_par' dir='ltr' id='par_1_7' title="bbox 526 530 1293 587">
     <span class='ocr_line' id='line_1_7' title="bbox 526 530 1293 587; baseline 0 -16"><span class='ocrx_word' id='word_1_19' title='bbox 526 531 679 578; x_wconf 87' lang='lat' dir='ltr'>Parce,</span> <span class='ocrx_word' id='word_1_20' title='bbox 713 531 829 586; x_wconf 74' lang='lat' dir='ltr'>gravi</span> <span class='ocrx_word' id='word_1_21' title='bbox 861 530 1090 573; x_wconf 79' lang='lat' dir='ltr'>metuende</span> <span class='ocrx_word' id='word_1_22' title='bbox 1120 530 1293 587; x_wconf 74' lang='lat' dir='ltr'>thyrso!</span> 
     </span>
    </p>
   </div>
   <div class='ocr_carea' id='block_1_8' title="bbox 335 679 882 711">
    <p class='ocr_par' dir='ltr' id='par_1_8' title="bbox 335 679 882 711">
     <span class='ocr_line' id='line_1_8' title="bbox 335 679 882 711; baseline 0.002 -1"><span class='ocrx_word' id='word_1_23' title='bbox 335 680 365 710; x_wconf 87' lang='lat'>5.</span> <span class='ocrx_word' id='word_1_24' title='bbox 394 679 424 710; x_wconf 85' lang='lat'>7.</span> <span class='ocrx_word' id='word_1_25' title='bbox 453 679 563 710; x_wconf 74' lang='lat' dir='ltr'>Euhoe</span> <span class='ocrx_word' id='word_1_26' title='bbox 585 697 603 701; x_wconf 98' lang='lat'><em>-</em></span> <span class='ocrx_word' id='word_1_27' title='bbox 628 697 645 701; x_wconf 99' lang='lat'><em>-</em></span> <span class='ocrx_word' id='word_1_28' title='bbox 668 697 686 702; x_wconf 87' lang='lat'>-</span> <span class='ocrx_word' id='word_1_29' title='bbox 710 680 822 711; x_wconf 72' lang='lat' dir='ltr'>Euhoe</span> <span class='ocrx_word' id='word_1_30' title='bbox 846 680 882 711; x_wconf 92' lang='lat' dir='ltr'>T.</span> 
     </span>
    </p>
   </div>
   <div class='ocr_carea' id='block_1_9' title="bbox 237 811 942 2774">
    <p class='ocr_par' dir='ltr' id='par_1_9' title="bbox 241 811 942 1535">
     <span class='ocr_line' id='line_1_9' title="bbox 245 811 940 853; baseline 0.001 -9"><span class='ocrx_word' id='word_1_31' title='bbox 245 813 334 844; x_wconf 87' lang='lat' dir='ltr'>inter</span> <span class='ocrx_word' id='word_1_32' title='bbox 358 821 396 844; x_wconf 89' lang='lat' dir='ltr'>se</span> <span class='ocrx_word' id='word_1_33' title='bbox 420 811 548 843; x_wconf 88' lang='lat' dir='ltr'>lascive</span> <span class='ocrx_word' id='word_1_34' title='bbox 574 811 772 844; x_wconf 85' lang='lat' dir='ltr'>ludentium</span> <span class='ocrx_word' id='word_1_35' title='bbox 789 814 940 853; x_wconf 80' lang='lat' dir='ltr'>imagine</span> 
     </span>
     <span class='ocr_line' id='line_1_10' title="bbox 243 861 940 894; baseline 0.001 -1"><span class='ocrx_word' id='word_1_36' title='bbox 243 861 437 893; x_wconf 83' lang='lat' dir='ltr'>luxuriatur</span> <span class='ocrx_word' id='word_1_37' title='bbox 453 862 627 893; x_wconf 80' lang='lat' dir='ltr'>Ausonius</span> <span class='ocrx_word' id='word_1_38' title='bbox 658 862 691 892; x_wconf 89' lang='lat' dir='ltr'>in</span> <span class='ocrx_word' id='word_1_39' title='bbox 718 861 859 894; x_wconf 80' lang='lat' dir='ltr'>Mosella</span> <span class='ocrx_word' id='word_1_40' title='bbox 878 863 940 894; x_wconf 72' lang='lat'>⁴70</span> 
     </span>
     <span class='ocr_line' id='line_1_11' title="bbox 244 911 939 952; baseline 0 -9"><span class='ocrx_word' id='word_1_41' title='bbox 244 920 345 951; x_wconf 85' lang='lat' dir='ltr'>seqq.</span> <span class='ocrx_word' id='word_1_42' title='bbox 372 912 484 942; x_wconf 84' lang='lat' dir='ltr'>Immo</span> <span class='ocrx_word' id='word_1_43' title='bbox 509 911 579 942; x_wconf 80' lang='lat' dir='ltr'>iam</span> <span class='ocrx_word' id='word_1_44' title='bbox 603 911 777 943; x_wconf 84' lang='lat' dir='ltr'>Hesiodus</span> <span class='ocrx_word' id='word_1_45' title='bbox 802 912 939 952; x_wconf 81' lang='lat' dir='ltr'>Fragm.</span> 
     </span>
     <span class='ocr_line' id='line_1_12' title="bbox 244 956 942 1006; baseline 0.003 -15"><span class='ocrx_word' id='word_1_46' title='bbox 244 961 296 991; x_wconf 73' lang='lat'>94.</span> <span class='ocrx_word' id='word_1_47' title='bbox 331 960 392 992; x_wconf 89' lang='lat' dir='ltr'>Ed.</span> <span class='ocrx_word' id='word_1_48' title='bbox 421 960 556 992; x_wconf 87' lang='lat' dir='ltr'>Didot.:</span> <span class='ocrx_word' id='word_1_49' title='bbox 596 956 744 1006; x_wconf 72' lang='grc' dir='ltr'><em>οἰῖρειαι</em></span> <span class='ocrx_word' id='word_1_50' title='bbox 777 959 942 1003; x_wconf 80' lang='grc' dir='ltr'><em>Νύμφαι</em></span> 
     </span>
     <span class='ocr_line' id='line_1_13' title="bbox 243 1003 942 1051; baseline 0.003 -11"><span class='ocrx_word' id='word_1_51' title='bbox 243 1008 331 1041; x_wconf 75' lang='grc' dir='ltr'><em>θεαί</em></span> <span class='ocrx_word' id='word_1_52' title='bbox 352 1027 395 1032; x_wconf 89' lang='grc'>--</span> <span class='ocrx_word' id='word_1_53' title='bbox 409 1003 483 1041; x_wconf 69' lang='grc' dir='ltr'>Καὶ</span> <span class='ocrx_word' id='word_1_54' title='bbox 506 1010 614 1051; x_wconf 76' lang='grc' dir='ltr'><em>γένος</em></span> <span class='ocrx_word' id='word_1_55' title='bbox 639 1006 847 1042; x_wconf 76' lang='grc' dir='ltr'><em>οὐτιδανῶν</em></span> <span class='ocrx_word' id='word_1_56' title='bbox 871 1012 942 1042; x_wconf 85' lang='grc' dir='ltr'>Σα-</span> 
     </span>
     <span class='ocr_line' id='line_1_14' title="bbox 243 1055 941 1105; baseline 0.004 -16"><span class='ocrx_word' id='word_1_57' title='bbox 243 1056 365 1103; x_wconf 72' lang='grc' dir='ltr'><em>τύρων</em></span> <span class='ocrx_word' id='word_1_58' title='bbox 388 1059 453 1089; x_wconf 78' lang='grc' dir='ltr'>καὶ</span> <span class='ocrx_word' id='word_1_59' title='bbox 469 1055 780 1105; x_wconf 76' lang='grc' dir='ltr'>ἀμηχανοεργῶν.</span> <span class='ocrx_word' id='word_1_60' title='bbox 813 1062 941 1092; x_wconf 87' lang='lat' dir='ltr'>Contra</span> 
     </span>
     <span class='ocr_line' id='line_1_15' title="bbox 243 1108 941 1150; baseline 0.004 -12"><span class='ocrx_word' id='word_1_61' title='bbox 243 1108 342 1139; x_wconf 76' lang='lat' dir='ltr'>ovid.</span> <span class='ocrx_word' id='word_1_62' title='bbox 369 1109 468 1139; x_wconf 82' lang='lat' dir='ltr'>Trist.</span> <span class='ocrx_word' id='word_1_63' title='bbox 489 1110 524 1147; x_wconf 91' lang='lat'>5,</span> <span class='ocrx_word' id='word_1_64' title='bbox 552 1108 588 1146; x_wconf 84' lang='lat'>3,</span> <span class='ocrx_word' id='word_1_65' title='bbox 615 1108 673 1140; x_wconf 78' lang='lat'>37:</span> <span class='ocrx_word' id='word_1_66' title='bbox 701 1110 755 1140; x_wconf 73' lang='lat' dir='ltr'>Sic</span> <span class='ocrx_word' id='word_1_67' title='bbox 771 1110 827 1141; x_wconf 81' lang='lat' dir='ltr'>tibi</span> <span class='ocrx_word' id='word_1_68' title='bbox 846 1111 941 1150; x_wconf 83' lang='lat' dir='ltr'>(Bac-</span> 
     </span>
     <span class='ocr_line' id='line_1_16' title="bbox 244 1157 940 1199; baseline 0.004 -11"><span class='ocrx_word' id='word_1_69' title='bbox 244 1157 321 1196; x_wconf 89' lang='lat' dir='ltr'>cho)</span> <span class='ocrx_word' id='word_1_70' title='bbox 346 1166 421 1188; x_wconf 78' lang='lat' dir='ltr'>eum</span> <span class='ocrx_word' id='word_1_71' title='bbox 442 1157 579 1189; x_wconf 80' lang='lat' dir='ltr'><em>Bacchis</em></span> <span class='ocrx_word' id='word_1_72' title='bbox 605 1158 805 1197; x_wconf 79' lang='lat' dir='ltr'><em>Satyrorum</em></span> <span class='ocrx_word' id='word_1_73' title='bbox 827 1169 940 1199; x_wconf 68' lang='grc' dir='ltr'><em>ῃιιαυα</em></span> 
     </span>
     <span class='ocr_line' id='line_1_17' title="bbox 242 1204 939 1245; baseline 0.006 -9"><span class='ocrx_word' id='word_1_74' title='bbox 242 1206 392 1237; x_wconf 74' lang='lat' dir='ltr'>iuventus</span> <span class='ocrx_word' id='word_1_75' title='bbox 421 1206 531 1245; x_wconf 73' lang='lat' dir='ltr'>Adsit,</span> <span class='ocrx_word' id='word_1_76' title='bbox 569 1210 599 1238; x_wconf 84' lang='lat' dir='ltr'>et</span> <span class='ocrx_word' id='word_1_77' title='bbox 629 1209 768 1239; x_wconf 76' lang='lat' dir='ltr'>attonito</span> <span class='ocrx_word' id='word_1_78' title='bbox 791 1218 857 1239; x_wconf 79' lang='lat' dir='ltr'>non</span> <span class='ocrx_word' id='word_1_79' title='bbox 885 1204 939 1240; x_wconf 73' lang='grc' dir='ltr'><em>ια’-</em></span> 
     </span>
     <span class='ocr_line' id='line_1_18' title="bbox 241 1256 937 1297; baseline 0.004 -11"><span class='ocrx_word' id='word_1_80' title='bbox 241 1264 337 1286; x_wconf 79' lang='lat' dir='ltr'>ceare</span> <span class='ocrx_word' id='word_1_81' title='bbox 360 1265 449 1286; x_wconf 84' lang='lat' dir='ltr'>sono.</span> <span class='ocrx_word' id='word_1_82' title='bbox 480 1274 516 1278; x_wconf 94' lang='lat'><em>-</em></span> <span class='ocrx_word' id='word_1_83' title='bbox 540 1256 666 1297; x_wconf 74' lang='lat' dir='ltr'>acutas]</span> <span class='ocrx_word' id='word_1_84' title='bbox 685 1257 937 1297; x_wconf 83' lang='lat' dir='ltr'>significatione</span> 
     </span>
     <span class='ocr_line' id='line_1_19' title="bbox 242 1305 939 1345; baseline 0.006 -10"><span class='ocrx_word' id='word_1_85' title='bbox 242 1305 383 1345; x_wconf 80' lang='lat' dir='ltr'>propria</span> <span class='ocrx_word' id='word_1_86' title='bbox 413 1305 676 1345; x_wconf 82' lang='lat' dir='ltr'>accipiendum,</span> <span class='ocrx_word' id='word_1_87' title='bbox 713 1316 783 1338; x_wconf 90' lang='lat' dir='ltr'>non</span> <span class='ocrx_word' id='word_1_88' title='bbox 814 1317 939 1339; x_wconf 87' lang='lat' dir='ltr'>«arre-</span> 
     </span>
     <span class='ocr_line' id='line_1_20' title="bbox 243 1355 938 1397; baseline 0.004 -12"><span class='ocrx_word' id='word_1_89' title='bbox 243 1355 334 1392; x_wconf 82' lang='lat' dir='ltr'>ctas,</span> <span class='ocrx_word' id='word_1_90' title='bbox 360 1355 556 1393; x_wconf 75' lang='lat' dir='ltr'>attentas‚»</span> <span class='ocrx_word' id='word_1_91' title='bbox 589 1364 679 1395; x_wconf 89' lang='lat' dir='ltr'>quae</span> <span class='ocrx_word' id='word_1_92' title='bbox 705 1357 799 1387; x_wconf 88' lang='lat' dir='ltr'>notio</span> <span class='ocrx_word' id='word_1_93' title='bbox 823 1358 938 1397; x_wconf 88' lang='lat' dir='ltr'>potius</span> 
     </span>
     <span class='ocr_line' id='line_1_21' title="bbox 243 1404 940 1445; baseline 0.004 -11"><span class='ocrx_word' id='word_1_94' title='bbox 243 1404 333 1435; x_wconf 87' lang='lat' dir='ltr'>inest</span> <span class='ocrx_word' id='word_1_95' title='bbox 357 1404 390 1434; x_wconf 87' lang='lat' dir='ltr'>in</span> <span class='ocrx_word' id='word_1_96' title='bbox 414 1404 488 1444; x_wconf 83' lang='lat' dir='ltr'>ipsa</span> <span class='ocrx_word' id='word_1_97' title='bbox 512 1413 544 1435; x_wconf 81' lang='lat' dir='ltr'>v.</span> <span class='ocrx_word' id='word_1_98' title='bbox 564 1414 674 1436; x_wconf 78' lang='lat' dir='ltr'>aures.</span> <span class='ocrx_word' id='word_1_99' title='bbox 704 1405 940 1445; x_wconf 81' lang='lat' dir='ltr'>Fingebantur</span> 
     </span>
     <span class='ocr_line' id='line_1_22' title="bbox 243 1447 935 1493; baseline 0.003 -10"><span class='ocrx_word' id='word_1_100' title='bbox 243 1453 337 1484; x_wconf 86' lang='lat' dir='ltr'>enim</span> <span class='ocrx_word' id='word_1_101' title='bbox 354 1448 455 1493; x_wconf 75' lang='grc' dir='ltr'><em>ὀξεῖς</em></span> <span class='ocrx_word' id='word_1_102' title='bbox 471 1450 517 1484; x_wconf 83' lang='grc' dir='ltr'>τὰ</span> <span class='ocrx_word' id='word_1_103' title='bbox 533 1447 613 1484; x_wconf 76' lang='grc' dir='ltr'>ὦτα</span> <span class='ocrx_word' id='word_1_104' title='bbox 629 1455 663 1485; x_wconf 92' lang='lat' dir='ltr'>et</span> <span class='ocrx_word' id='word_1_105' title='bbox 677 1453 775 1485; x_wconf 76' lang='lat' dir='ltr'>calvi.</span> <span class='ocrx_word' id='word_1_106' title='bbox 796 1456 935 1486; x_wconf 72' lang='lat' dir='ltr'>Luc-ian.</span> 
     </span>
     <span class='ocr_line' id='line_1_23' title="bbox 242 1502 537 1535; baseline 0.007 -2"><span class='ocrx_word' id='word_1_107' title='bbox 242 1503 345 1534; x_wconf 88' lang='lat' dir='ltr'>Deor.</span> <span class='ocrx_word' id='word_1_108' title='bbox 373 1504 479 1535; x_wconf 76' lang='lat' dir='ltr'>Cone.</span> <span class='ocrx_word' id='word_1_109' title='bbox 506 1502 537 1535; x_wconf 75' lang='lat'>4.</span> 
     </span>
    </p>

    <p class='ocr_par' dir='ltr' id='par_1_10' title="bbox 241 1552 940 2089">
     <span class='ocr_line' id='line_1_24' title="bbox 286 1552 939 1593; baseline 0.002 -10"><span class='ocrx_word' id='word_1_110' title='bbox 286 1553 316 1583; x_wconf 91' lang='lat'>5.</span> <span class='ocrx_word' id='word_1_111' title='bbox 347 1552 448 1593; x_wconf 69' lang='lat' dir='ltr'>Eune]</span> <span class='ocrx_word' id='word_1_112' title='bbox 474 1554 511 1583; x_wconf 88' lang='lat' dir='ltr'>In</span> <span class='ocrx_word' id='word_1_113' title='bbox 534 1561 618 1584; x_wconf 73' lang='lat' dir='ltr'>vase</span> <span class='ocrx_word' id='word_1_114' title='bbox 643 1554 824 1585; x_wconf 89' lang='lat' dir='ltr'>Baechicis</span> <span class='ocrx_word' id='word_1_115' title='bbox 849 1554 939 1584; x_wconf 86' lang='lat' dir='ltr'>ima-</span> 
     </span>
     <span class='ocr_line' id='line_1_25' title="bbox 242 1601 938 1643; baseline 0.003 -11"><span class='ocrx_word' id='word_1_116' title='bbox 242 1601 379 1641; x_wconf 79' lang='lat' dir='ltr'>ginibus</span> <span class='ocrx_word' id='word_1_117' title='bbox 418 1602 548 1633; x_wconf 85' lang='lat' dir='ltr'>referto</span> <span class='ocrx_word' id='word_1_118' title='bbox 587 1601 719 1643; x_wconf 87' lang='lat' dir='ltr'>pluries</span> <span class='ocrx_word' id='word_1_119' title='bbox 758 1606 813 1634; x_wconf 86' lang='lat' dir='ltr'>est</span> <span class='ocrx_word' id='word_1_120' title='bbox 849 1601 938 1633; x_wconf 78' lang='lat' dir='ltr'>ETA</span> 
     </span>
     <span class='ocr_line' id='line_1_26' title="bbox 242 1650 935 1693; baseline 0.003 -12"><span class='ocrx_word' id='word_1_121' title='bbox 242 1650 373 1682; x_wconf 82' lang='grc' dir='ltr'><strong><em>ΕῚὈΕ.</em></strong></span> <span class='ocrx_word' id='word_1_122' title='bbox 415 1651 499 1682; x_wconf 85' lang='lat' dir='ltr'>Iahn</span> <span class='ocrx_word' id='word_1_123' title='bbox 532 1652 741 1683; x_wconf 74' lang='lat' dir='ltr'>Vasenbz&#39;lder</span> <span class='ocrx_word' id='word_1_124' title='bbox 772 1652 867 1683; x_wconf 77' lang='lat'>4839.</span> <span class='ocrx_word' id='word_1_125' title='bbox 900 1661 935 1693; x_wconf 92' lang='lat' dir='ltr'>p.</span> 
     </span>
     <span class='ocr_line' id='line_1_27' title="bbox 241 1700 939 1741; baseline 0.001 -10"><span class='ocrx_word' id='word_1_126' title='bbox 241 1701 295 1731; x_wconf 67' lang='lat'>24.</span> <span class='ocrx_word' id='word_1_127' title='bbox 338 1718 374 1721; x_wconf 92' lang='lat'><em>-</em></span> <span class='ocrx_word' id='word_1_128' title='bbox 414 1700 568 1741; x_wconf 75' lang='lat' dir='ltr'>trepidat]</span> <span class='ocrx_word' id='word_1_129' title='bbox 607 1702 754 1732; x_wconf 85' lang='lat' dir='ltr'>«acriter</span> <span class='ocrx_word' id='word_1_130' title='bbox 791 1702 939 1741; x_wconf 78' lang='lat' dir='ltr'>agitatur</span> 
     </span>
     <span class='ocr_line' id='line_1_28' title="bbox 242 1748 939 1790; baseline 0.001 -9"><span class='ocrx_word' id='word_1_131' title='bbox 242 1757 348 1781; x_wconf 78' lang='lat' dir='ltr'>saevo</span> <span class='ocrx_word' id='word_1_132' title='bbox 366 1748 421 1780; x_wconf 90' lang='lat' dir='ltr'>illo</span> <span class='ocrx_word' id='word_1_133' title='bbox 439 1749 603 1787; x_wconf 84' lang='lat' dir='ltr'>horrore,</span> <span class='ocrx_word' id='word_1_134' title='bbox 630 1750 689 1790; x_wconf 88' lang='lat' dir='ltr'>qui</span> <span class='ocrx_word' id='word_1_135' title='bbox 705 1750 939 1790; x_wconf 70' lang='grc' dir='ltr'><em>θεοφανείας</em></span> 
     </span>
     <span class='ocr_line' id='line_1_29' title="bbox 242 1797 935 1838; baseline 0.004 -10"><span class='ocrx_word' id='word_1_136' title='bbox 242 1799 400 1829; x_wconf 85' lang='lat' dir='ltr'>comitari</span> <span class='ocrx_word' id='word_1_137' title='bbox 426 1797 547 1829; x_wconf 83' lang='lat' dir='ltr'>solet.»</span> <span class='ocrx_word' id='word_1_138' title='bbox 574 1799 666 1838; x_wconf 76' lang='lat' dir='ltr'>Virg.</span> <span class='ocrx_word' id='word_1_139' title='bbox 693 1801 779 1831; x_wconf 83' lang='lat' dir='ltr'>Aen.</span> <span class='ocrx_word' id='word_1_140' title='bbox 800 1799 835 1837; x_wconf 75' lang='lat'>4,</span> <span class='ocrx_word' id='word_1_141' title='bbox 856 1801 935 1831; x_wconf 69' lang='lat'>279:</span> 
     </span>
     <span class='ocr_line' id='line_1_30' title="bbox 243 1848 938 1888; baseline 0.003 -10"><span class='ocrx_word' id='word_1_142' title='bbox 243 1855 325 1878; x_wconf 87' lang='lat' dir='ltr'>cum</span> <span class='ocrx_word' id='word_1_143' title='bbox 337 1848 531 1879; x_wconf 87' lang='lat' dir='ltr'>Mercurius</span> <span class='ocrx_word' id='word_1_144' title='bbox 549 1849 786 1888; x_wconf 80' lang='lat' dir='ltr'>apparuisset:</span> <span class='ocrx_word' id='word_1_145' title='bbox 805 1850 845 1880; x_wconf 81' lang='lat' dir='ltr'>At</span> <span class='ocrx_word' id='word_1_146' title='bbox 860 1859 938 1880; x_wconf 51' lang='lat' dir='ltr'>¹vero</span> 
     </span>
     <span class='ocr_line' id='line_1_31' title="bbox 241 1897 940 1935; baseline 0.004 -9"><span class='ocrx_word' id='word_1_147' title='bbox 241 1897 365 1927; x_wconf 80' lang='lat' dir='ltr'>Aeneas</span> <span class='ocrx_word' id='word_1_148' title='bbox 388 1899 521 1935; x_wconf 72' lang='lat' dir='ltr'>aspecta</span> <span class='ocrx_word' id='word_1_149' title='bbox 537 1897 696 1928; x_wconf 72' lang='lat' dir='ltr'>obmutuit</span> <span class='ocrx_word' id='word_1_150' title='bbox 712 1907 825 1929; x_wconf 76' lang='lat' dir='ltr'>amens</span> <span class='ocrx_word' id='word_1_151' title='bbox 839 1899 940 1929; x_wconf 77' lang='lat' dir='ltr'>Arre-</span> 
     </span>
     <span class='ocr_line' id='line_1_32' title="bbox 241 1945 938 1987; baseline 0.006 -12"><span class='ocrx_word' id='word_1_152' title='bbox 241 1948 376 1984; x_wconf 72' lang='lat' dir='ltr'>ctaeque</span> <span class='ocrx_word' id='word_1_153' title='bbox 397 1945 535 1976; x_wconf 78' lang='lat' dir='ltr'>horrore</span> <span class='ocrx_word' id='word_1_154' title='bbox 558 1955 670 1977; x_wconf 73' lang='lat' dir='ltr'>comae</span> <span class='ocrx_word' id='word_1_155' title='bbox 695 1950 724 1978; x_wconf 84' lang='lat' dir='ltr'>et</span> <span class='ocrx_word' id='word_1_156' title='bbox 745 1956 813 1978; x_wconf 62' lang='lat' dir='ltr'>voa)</span> <span class='ocrx_word' id='word_1_157' title='bbox 827 1948 938 1987; x_wconf 83' lang='lat' dir='ltr'>fauci-</span> 
     </span>
     <span class='ocr_line' id='line_1_33' title="bbox 242 1994 938 2034; baseline 0.006 -10"><span class='ocrx_word' id='word_1_158' title='bbox 242 1994 299 2025; x_wconf 73' lang='lat' dir='ltr'>bus</span> <span class='ocrx_word' id='word_1_159' title='bbox 321 1994 435 2025; x_wconf 74' lang='lat' dir='ltr'>haesit.</span> <span class='ocrx_word' id='word_1_160' title='bbox 472 1994 566 2025; x_wconf 87' lang='lat' dir='ltr'>Iliad.</span> <span class='ocrx_word' id='word_1_161' title='bbox 595 2005 634 2033; x_wconf 81' lang='lat' dir='ltr'>v,</span> <span class='ocrx_word' id='word_1_162' title='bbox 662 1996 742 2027; x_wconf 58' lang='lat'><strong>430¹:</strong></span> <span class='ocrx_word' id='word_1_163' title='bbox 774 1995 938 2034; x_wconf 76' lang='grc' dir='ltr'>χαλεποὶ</span> 
     </span>
     <span class='ocr_line' id='line_1_34' title="bbox 241 2041 826 2089; baseline 0.005 -16"><span class='ocrx_word' id='word_1_164' title='bbox 241 2041 281 2074; x_wconf 73' lang='grc' dir='ltr'>δὲ</span> <span class='ocrx_word' id='word_1_165' title='bbox 304 2042 389 2074; x_wconf 72' lang='grc' dir='ltr'><em>θεοὶ</em></span> <span class='ocrx_word' id='word_1_166' title='bbox 412 2044 621 2082; x_wconf 73' lang='grc' dir='ltr'><em>φαίνεσθαι</em></span> <span class='ocrx_word' id='word_1_167' title='bbox 645 2043 826 2089; x_wconf 75' lang='grc' dir='ltr'><em>ἐναργεῖς.</em></span> 
     </span>
    </p>

    <p class='ocr_par' dir='ltr' id='par_1_11' title="bbox 237 2093 939 2721">
     <span class='ocr_line' id='line_1_35' title="bbox 286 2093 934 2134; baseline 0.003 -11"><span class='ocrx_word' id='word_1_168' title='bbox 286 2093 316 2123; x_wconf 85' lang='grc'>6.</span> <span class='ocrx_word' id='word_1_169' title='bbox 353 2093 513 2131; x_wconf 70' lang='lat' dir='ltr'>plenoque</span> <span class='ocrx_word' id='word_1_170' title='bbox 543 2094 686 2134; x_wconf 77' lang='lat' dir='ltr'>pectore]</span> <span class='ocrx_word' id='word_1_171' title='bbox 724 2095 785 2125; x_wconf 92' lang='lat' dir='ltr'>Od.</span> <span class='ocrx_word' id='word_1_172' title='bbox 813 2095 849 2133; x_wconf 98' lang='lat'>3,</span> <span class='ocrx_word' id='word_1_173' title='bbox 876 2095 934 2131; x_wconf 59' lang='grc' dir='ltr'>Γ25,</span> 
     </span>
     <span class='ocr_line' id='line_1_36' title="bbox 243 2142 938 2182; baseline 0.004 -11"><span class='ocrx_word' id='word_1_174' title='bbox 243 2142 278 2171; x_wconf 74' lang='grc' dir='ltr'>4ῑ</span> <span class='ocrx_word' id='word_1_175' title='bbox 317 2143 386 2181; x_wconf 77' lang='lat' dir='ltr'>Quo</span> <span class='ocrx_word' id='word_1_176' title='bbox 409 2151 479 2180; x_wconf 83' lang='lat' dir='ltr'>me,</span> <span class='ocrx_word' id='word_1_177' title='bbox 511 2143 654 2177; x_wconf 77' lang='lat' dir='ltr'>Bacche,</span> <span class='ocrx_word' id='word_1_178' title='bbox 682 2144 774 2182; x_wconf 77' lang='lat' dir='ltr'>rapis</span> <span class='ocrx_word' id='word_1_179' title='bbox 797 2144 844 2174; x_wconf 78' lang='lat' dir='ltr'>tui</span> <span class='ocrx_word' id='word_1_180' title='bbox 866 2144 938 2174; x_wconf 83' lang='lat' dir='ltr'>Ple-</span> 
     </span>
     <span class='ocr_line' id='line_1_37' title="bbox 241 2190 939 2231; baseline 0.006 -11"><span class='ocrx_word' id='word_1_181' title='bbox 241 2190 343 2221; x_wconf 71' lang='lat' dir='ltr'>num?</span> <span class='ocrx_word' id='word_1_182' title='bbox 381 2191 477 2222; x_wconf 86' lang='lat' dir='ltr'>Ovid.</span> <span class='ocrx_word' id='word_1_183' title='bbox 511 2192 599 2222; x_wconf 74' lang='lat' dir='ltr'>Fast.</span> <span class='ocrx_word' id='word_1_184' title='bbox 634 2193 669 2229; x_wconf 75' lang='lat'>6,</span> <span class='ocrx_word' id='word_1_185' title='bbox 707 2193 786 2224; x_wconf 81' lang='lat'>538:</span> <span class='ocrx_word' id='word_1_186' title='bbox 824 2193 939 2231; x_wconf 78' lang='lat' dir='ltr'>Fitque</span> 
     </span>
     <span class='ocr_line' id='line_1_38' title="bbox 240 2240 939 2280; baseline 0.004 -11"><span class='ocrx_word' id='word_1_187' title='bbox 240 2240 291 2269; x_wconf 78' lang='lat' dir='ltr'>sui</span> <span class='ocrx_word' id='word_1_188' title='bbox 319 2242 384 2270; x_wconf 84' lang='lat' dir='ltr'>toto</span> <span class='ocrx_word' id='word_1_189' title='bbox 408 2243 542 2279; x_wconf 70' lang='lat' dir='ltr'>pectore</span> <span class='ocrx_word' id='word_1_190' title='bbox 559 2242 661 2280; x_wconf 77' lang='lat' dir='ltr'>plen-a</span> <span class='ocrx_word' id='word_1_191' title='bbox 684 2242 746 2272; x_wconf 71' lang='lat' dir='ltr'>clei.</span> <span class='ocrx_word' id='word_1_192' title='bbox 776 2260 810 2263; x_wconf 79' lang='lat'>—</span> <span class='ocrx_word' id='word_1_193' title='bbox 837 2242 939 2272; x_wconf 77' lang='lat' dir='ltr'>turbi-</span> 
     </span>
     <span class='ocr_line' id='line_1_39' title="bbox 241 2288 936 2328; baseline 0.004 -10"><span class='ocrx_word' id='word_1_194' title='bbox 241 2289 319 2319; x_wconf 80' lang='lat' dir='ltr'>dum</span> <span class='ocrx_word' id='word_1_195' title='bbox 351 2288 520 2328; x_wconf 77' lang='lat' dir='ltr'>Laetatur]</span> <span class='ocrx_word' id='word_1_196' title='bbox 553 2290 717 2321; x_wconf 79' lang='lat' dir='ltr'>«Confert</span> <span class='ocrx_word' id='word_1_197' title='bbox 745 2291 936 2322; x_wconf 83' lang='lat' dir='ltr'>Mcinckius</span> 
     </span>
     <span class='ocr_line' id='line_1_40' title="bbox 242 2337 937 2379; baseline 0.003 -11"><span class='ocrx_word' id='word_1_198' title='bbox 242 2346 323 2368; x_wconf 86' lang='lat' dir='ltr'>cum</span> <span class='ocrx_word' id='word_1_199' title='bbox 348 2338 381 2369; x_wconf 87' lang='lat' dir='ltr'>h.</span> <span class='ocrx_word' id='word_1_200' title='bbox 401 2337 422 2368; x_wconf 95' lang='lat' dir='ltr'>l.</span> <span class='ocrx_word' id='word_1_201' title='bbox 450 2339 670 2370; x_wconf 84' lang='lat' dir='ltr'>Pherecratis</span> <span class='ocrx_word' id='word_1_202' title='bbox 688 2340 937 2379; x_wconf 81' lang='lat' dir='ltr'>Fragmentum</span> 
     </span>
     <span class='ocr_line' id='line_1_41' title="bbox 242 2385 938 2433; baseline 0.003 -16"><span class='ocrx_word' id='word_1_203' title='bbox 242 2387 281 2417; x_wconf 92' lang='lat' dir='ltr'>II.</span> <span class='ocrx_word' id='word_1_204' title='bbox 307 2395 340 2427; x_wconf 88' lang='lat' dir='ltr'>p.</span> <span class='ocrx_word' id='word_1_205' title='bbox 367 2386 446 2418; x_wconf 66' lang='lat'>314:</span> <span class='ocrx_word' id='word_1_206' title='bbox 474 2385 641 2429; x_wconf 72' lang='grc' dir='ltr'>γελῶντα</span> <span class='ocrx_word' id='word_1_207' title='bbox 664 2388 729 2419; x_wconf 80' lang='grc' dir='ltr'>καὶ</span> <span class='ocrx_word' id='word_1_208' title='bbox 753 2389 938 2433; x_wconf 74' lang='grc' dir='ltr'><em>χαίροντα</em></span> 
     </span>
     <span class='ocr_line' id='line_1_42' title="bbox 241 2435 933 2479; baseline 0.003 -12"><span class='ocrx_word' id='word_1_209' title='bbox 241 2436 304 2467; x_wconf 78' lang='grc' dir='ltr'>καὶ</span> <span class='ocrx_word' id='word_1_210' title='bbox 321 2435 617 2478; x_wconf 72' lang='grc' dir='ltr'><em>τεθολωμένον.»</em></span> <span class='ocrx_word' id='word_1_211' title='bbox 645 2438 749 2469; x_wconf 66' lang='grc' dir='ltr'><em>ΗΑωι.</em></span> <span class='ocrx_word' id='word_1_212' title='bbox 770 2439 824 2469; x_wconf 85' lang='lat' dir='ltr'>Sic</span> <span class='ocrx_word' id='word_1_213' title='bbox 841 2439 933 2479; x_wconf 77' lang='lat' dir='ltr'>Virg.</span> 
     </span>
     <span class='ocr_line' id='line_1_43' title="bbox 242 2486 937 2526; baseline 0.004 -10"><span class='ocrx_word' id='word_1_214' title='bbox 242 2488 326 2517; x_wconf 79' lang='lat' dir='ltr'>Aen.</span> <span class='ocrx_word' id='word_1_215' title='bbox 353 2486 389 2524; x_wconf 86' lang='lat'>8,</span> <span class='ocrx_word' id='word_1_216' title='bbox 416 2486 495 2517; x_wconf 82' lang='lat'>559:</span> <span class='ocrx_word' id='word_1_217' title='bbox 533 2487 734 2526; x_wconf 61' lang='lat' dir='ltr'>itiesspletwn</span> <span class='ocrx_word' id='word_1_218' title='bbox 760 2487 811 2526; x_wconf 87' lang='lat' dir='ltr'>(al.</span> <span class='ocrx_word' id='word_1_219' title='bbox 840 2488 937 2519; x_wconf 59' lang='lat' dir='ltr'>inea:—</span> 
     </span>
     <span class='ocr_line' id='line_1_44' title="bbox 237 2535 936 2577; baseline 0.003 -12"><span class='ocrx_word' id='word_1_220' title='bbox 237 2535 357 2576; x_wconf 76' lang='lat' dir='ltr'>pletus)</span> <span class='ocrx_word' id='word_1_221' title='bbox 373 2536 554 2566; x_wconf 79' lang='lat' dir='ltr'>lacrimans</span> <span class='ocrx_word' id='word_1_222' title='bbox 575 2538 610 2567; x_wconf 87' lang='lat' dir='ltr'>et</span> <span class='ocrx_word' id='word_1_223' title='bbox 626 2536 828 2576; x_wconf 82' lang='lat' dir='ltr'>frequenter</span> <span class='ocrx_word' id='word_1_224' title='bbox 844 2537 936 2577; x_wconf 88' lang='lat' dir='ltr'>apud</span> 
     </span>
     <span class='ocr_line' id='line_1_45' title="bbox 242 2584 937 2624; baseline 0.003 -10"><span class='ocrx_word' id='word_1_225' title='bbox 242 2586 375 2624; x_wconf 73' lang='lat' dir='ltr'>poetas.</span> <span class='ocrx_word' id='word_1_226' title='bbox 403 2584 464 2615; x_wconf 90' lang='lat' dir='ltr'>Od.</span> <span class='ocrx_word' id='word_1_227' title='bbox 486 2585 516 2622; x_wconf 70' lang='lat' dir='ltr'>ll,</span> <span class='ocrx_word' id='word_1_228' title='bbox 542 2585 601 2624; x_wconf 72' lang='lat'>⁶22,</span> <span class='ocrx_word' id='word_1_229' title='bbox 621 2586 680 2616; x_wconf 78' lang='lat'>23:</span> <span class='ocrx_word' id='word_1_230' title='bbox 705 2586 809 2616; x_wconf 78' lang='lat' dir='ltr'>Dulce</span> <span class='ocrx_word' id='word_1_231' title='bbox 825 2586 937 2617; x_wconf 77' lang='lat' dir='ltr'>riden-</span> 
     </span>
     <span class='ocr_line' id='line_1_46' title="bbox 242 2632 938 2672; baseline 0.004 -9"><span class='ocrx_word' id='word_1_232' title='bbox 242 2636 314 2664; x_wconf 83' lang='lat' dir='ltr'>tem.</span> <span class='ocrx_word' id='word_1_233' title='bbox 354 2632 454 2664; x_wconf 83' lang='lat' dir='ltr'>Silius</span> <span class='ocrx_word' id='word_1_234' title='bbox 479 2633 514 2672; x_wconf 85' lang='lat'>6,</span> <span class='ocrx_word' id='word_1_235' title='bbox 541 2633 620 2666; x_wconf 68' lang='lat'>540:</span> <span class='ocrx_word' id='word_1_236' title='bbox 656 2635 790 2665; x_wconf 76' lang='lat' dir='ltr'>densum</span> <span class='ocrx_word' id='word_1_237' title='bbox 813 2635 938 2666; x_wconf 48' lang='lat' dir='ltr'>cett-itur</span> 
     </span>
     <span class='ocr_line' id='line_1_47' title="bbox 241 2682 504 2721; baseline 0.004 -9"><span class='ocrx_word' id='word_1_238' title='bbox 241 2682 322 2721; x_wconf 77' lang='lat' dir='ltr'>ferri</span> <span class='ocrx_word' id='word_1_239' title='bbox 346 2683 504 2714; x_wconf 76' lang='lat' dir='ltr'>stimulus.</span> 
     </span>
    </p>

    <p class='ocr_par' dir='ltr' id='par_1_12' title="bbox 286 2731 935 2774">
     <span class='ocr_line' id='line_1_48' title="bbox 286 2731 935 2774; baseline 0.003 -13"><span class='ocrx_word' id='word_1_240' title='bbox 286 2731 316 2761; x_wconf 79' lang='lat'>7.</span> <span class='ocrx_word' id='word_1_241' title='bbox 358 2732 464 2770; x_wconf 78' lang='lat' dir='ltr'>Euoe,</span> <span class='ocrx_word' id='word_1_242' title='bbox 501 2732 614 2773; x_wconf 78' lang='lat' dir='ltr'>parce]</span> <span class='ocrx_word' id='word_1_243' title='bbox 639 2733 758 2764; x_wconf 77' lang='lat' dir='ltr'>Metuit</span> <span class='ocrx_word' id='word_1_244' title='bbox 782 2733 935 2774; x_wconf 82' lang='lat' dir='ltr'>primun]</span> 
     </span>
    </p>
   </div>
   <div class='ocr_carea' id='block_1_10' title="bbox 985 814 1692 2776">
    <p class='ocr_par' dir='ltr' id='par_1_13' title="bbox 988 814 1692 1448">
     <span class='ocr_line' id='line_1_49' title="bbox 995 814 1691 858; baseline 0.004 -13"><span class='ocrx_word' id='word_1_245' title='bbox 995 823 1033 845; x_wconf 88' lang='lat' dir='ltr'>se</span> <span class='ocrx_word' id='word_1_246' title='bbox 1067 814 1134 845; x_wconf 91' lang='lat' dir='ltr'>deo</span> <span class='ocrx_word' id='word_1_247' title='bbox 1159 814 1317 853; x_wconf 81' lang='lat' dir='ltr'>tradere,</span> <span class='ocrx_word' id='word_1_248' title='bbox 1356 816 1435 855; x_wconf 84' lang='lat' dir='ltr'>quia</span> <span class='ocrx_word' id='word_1_249' title='bbox 1467 815 1691 858; x_wconf 71' lang='grc' dir='ltr'><em>θεολήπτων</em></span> 
     </span>
     <span class='ocr_line' id='line_1_50' title="bbox 994 865 1692 904; baseline 0.006 -10"><span class='ocrx_word' id='word_1_250' title='bbox 994 872 1099 904; x_wconf 85' lang='lat' dir='ltr'>saepe</span> <span class='ocrx_word' id='word_1_251' title='bbox 1125 865 1234 896; x_wconf 88' lang='lat' dir='ltr'>miser</span> <span class='ocrx_word' id='word_1_252' title='bbox 1258 865 1387 902; x_wconf 84' lang='lat' dir='ltr'>exitus;</span> <span class='ocrx_word' id='word_1_253' title='bbox 1415 865 1479 897; x_wconf 90' lang='lat' dir='ltr'>sed</span> <span class='ocrx_word' id='word_1_254' title='bbox 1503 874 1585 897; x_wconf 84' lang='lat' dir='ltr'>cum</span> <span class='ocrx_word' id='word_1_255' title='bbox 1602 868 1692 898; x_wconf 88' lang='lat' dir='ltr'>resi-</span> 
     </span>
     <span class='ocr_line' id='line_1_51' title="bbox 994 914 1691 955; baseline 0.003 -10"><span class='ocrx_word' id='word_1_256' title='bbox 994 915 1086 945; x_wconf 84' lang='lat' dir='ltr'>stere</span> <span class='ocrx_word' id='word_1_257' title='bbox 1120 914 1188 944; x_wconf 87' lang='lat' dir='ltr'>iam</span> <span class='ocrx_word' id='word_1_258' title='bbox 1221 922 1291 945; x_wconf 92' lang='lat' dir='ltr'>non</span> <span class='ocrx_word' id='word_1_259' title='bbox 1323 914 1435 954; x_wconf 87' lang='lat' dir='ltr'>possit</span> <span class='ocrx_word' id='word_1_260' title='bbox 1456 916 1591 955; x_wconf 84' lang='lat' dir='ltr'>potenti</span> <span class='ocrx_word' id='word_1_261' title='bbox 1617 917 1691 947; x_wconf 83' lang='lat' dir='ltr'>eius</span> 
     </span>
     <span class='ocr_line' id='line_1_52' title="bbox 993 962 1690 1004; baseline 0.004 -11"><span class='ocrx_word' id='word_1_262' title='bbox 993 962 1136 1001; x_wconf 83' lang='lat' dir='ltr'>astlatui,</span> <span class='ocrx_word' id='word_1_263' title='bbox 1164 971 1272 1002; x_wconf 88' lang='lat' dir='ltr'>quem</span> <span class='ocrx_word' id='word_1_264' title='bbox 1296 964 1365 994; x_wconf 88' lang='lat' dir='ltr'>iam</span> <span class='ocrx_word' id='word_1_265' title='bbox 1390 963 1582 1004; x_wconf 82' lang='lat' dir='ltr'>benignum</span> <span class='ocrx_word' id='word_1_266' title='bbox 1611 973 1690 996; x_wconf 85' lang='lat' dir='ltr'>esse</span> 
     </span>
     <span class='ocr_line' id='line_1_53' title="bbox 992 1011 1688 1049; baseline 0.004 -7"><span class='ocrx_word' id='word_1_267' title='bbox 992 1012 1112 1049; x_wconf 82' lang='lat' dir='ltr'>sentit,</span> <span class='ocrx_word' id='word_1_268' title='bbox 1140 1011 1317 1044; x_wconf 85' lang='lat' dir='ltr'>exclamat</span> <span class='ocrx_word' id='word_1_269' title='bbox 1341 1013 1405 1044; x_wconf 82' lang='lat' dir='ltr'>Fas</span> <span class='ocrx_word' id='word_1_270' title='bbox 1433 1031 1451 1035; x_wconf 99' lang='lat'>—</span> <span class='ocrx_word' id='word_1_271' title='bbox 1470 1016 1516 1044; x_wconf 85' lang='lat' dir='ltr'>est</span> <span class='ocrx_word' id='word_1_272' title='bbox 1544 1015 1613 1045; x_wconf 90' lang='lat' dir='ltr'>cet.</span> <span class='ocrx_word' id='word_1_273' title='bbox 1641 1014 1688 1045; x_wconf 84' lang='lat' dir='ltr'>Ex</span> 
     </span>
     <span class='ocr_line' id='line_1_54' title="bbox 991 1061 1692 1101; baseline 0.003 -9"><span class='ocrx_word' id='word_1_274' title='bbox 991 1061 1182 1101; x_wconf 85' lang='lat' dir='ltr'>lyricorum</span> <span class='ocrx_word' id='word_1_275' title='bbox 1207 1063 1325 1094; x_wconf 85' lang='lat' dir='ltr'>autem</span> <span class='ocrx_word' id='word_1_276' title='bbox 1349 1071 1449 1094; x_wconf 87' lang='lat' dir='ltr'>more</span> <span class='ocrx_word' id='word_1_277' title='bbox 1467 1063 1620 1094; x_wconf 87' lang='lat' dir='ltr'>omissus</span> <span class='ocrx_word' id='word_1_278' title='bbox 1638 1064 1692 1094; x_wconf 85' lang='lat' dir='ltr'>est</span> 
     </span>
     <span class='ocr_line' id='line_1_55' title="bbox 992 1111 1690 1154; baseline 0.003 -13"><span class='ocrx_word' id='word_1_279' title='bbox 992 1112 1176 1149; x_wconf 76' lang='lat' dir='ltr'>transitus,</span> <span class='ocrx_word' id='word_1_280' title='bbox 1210 1112 1327 1154; x_wconf 85' lang='lat' dir='ltr'>itaque</span> <span class='ocrx_word' id='word_1_281' title='bbox 1358 1114 1475 1144; x_wconf 88' lang='lat' dir='ltr'>motus</span> <span class='ocrx_word' id='word_1_282' title='bbox 1505 1114 1540 1143; x_wconf 88' lang='lat' dir='ltr'>et</span> <span class='ocrx_word' id='word_1_283' title='bbox 1562 1111 1690 1143; x_wconf 85' lang='lat' dir='ltr'>laetitia</span> 
     </span>
     <span class='ocr_line' id='line_1_56' title="bbox 991 1161 1692 1202; baseline 0.001 -11"><span class='ocrx_word' id='word_1_284' title='bbox 991 1168 1070 1192; x_wconf 89' lang='lat' dir='ltr'>sese</span> <span class='ocrx_word' id='word_1_285' title='bbox 1093 1169 1205 1201; x_wconf 89' lang='lat' dir='ltr'>prope</span> <span class='ocrx_word' id='word_1_286' title='bbox 1229 1161 1464 1202; x_wconf 81' lang='lat' dir='ltr'>permiscent,</span> <span class='ocrx_word' id='word_1_287' title='bbox 1493 1163 1531 1192; x_wconf 87' lang='lat' dir='ltr'>ut</span> <span class='ocrx_word' id='word_1_288' title='bbox 1554 1162 1589 1192; x_wconf 88' lang='lat' dir='ltr'>in</span> <span class='ocrx_word' id='word_1_289' title='bbox 1614 1161 1692 1202; x_wconf 88' lang='lat' dir='ltr'>phi-</span> 
     </span>
     <span class='ocr_line' id='line_1_57' title="bbox 990 1208 1692 1252; baseline 0.001 -12"><span class='ocrx_word' id='word_1_290' title='bbox 990 1208 1136 1251; x_wconf 87' lang='lat' dir='ltr'>losopha</span> <span class='ocrx_word' id='word_1_291' title='bbox 1160 1211 1311 1242; x_wconf 80' lang='lat' dir='ltr'>Lucretii</span> <span class='ocrx_word' id='word_1_292' title='bbox 1335 1213 1454 1242; x_wconf 84' lang='lat' dir='ltr'>mente</span> <span class='ocrx_word' id='word_1_293' title='bbox 1481 1210 1522 1252; x_wconf 82' lang='lat'>(3,</span> <span class='ocrx_word' id='word_1_294' title='bbox 1548 1211 1614 1250; x_wconf 75' lang='lat'>⁶28.)</span> <span class='ocrx_word' id='word_1_295' title='bbox 1640 1211 1692 1241; x_wconf 79' lang='lat' dir='ltr'>di—</span> 
     </span>
     <span class='ocr_line' id='line_1_58' title="bbox 988 1259 1687 1300; baseline 0.003 -11"><span class='ocrx_word' id='word_1_296' title='bbox 988 1259 1069 1290; x_wconf 75' lang='lat' dir='ltr'>vina</span> <span class='ocrx_word' id='word_1_297' title='bbox 1105 1259 1258 1299; x_wconf 72' lang='lat' dir='ltr'>voluptas</span> <span class='ocrx_word' id='word_1_298' title='bbox 1296 1263 1396 1300; x_wconf 73' lang='lat' dir='ltr'>atque</span> <span class='ocrx_word' id='word_1_299' title='bbox 1432 1261 1563 1291; x_wconf 77' lang='lat' dir='ltr'>horror.</span> <span class='ocrx_word' id='word_1_300' title='bbox 1619 1260 1687 1291; x_wconf 76' lang='lat' dir='ltr'>Cl&#39;r.</span> 
     </span>
     <span class='ocr_line' id='line_1_59' title="bbox 991 1308 1687 1349; baseline 0.001 -10"><span class='ocrx_word' id='word_1_301' title='bbox 991 1308 1084 1349; x_wconf 85' lang='lat' dir='ltr'>apud</span> <span class='ocrx_word' id='word_1_302' title='bbox 1109 1309 1206 1340; x_wconf 90' lang='lat' dir='ltr'>Ovid.</span> <span class='ocrx_word' id='word_1_303' title='bbox 1233 1310 1314 1341; x_wconf 89' lang='lat' dir='ltr'>Her.</span> <span class='ocrx_word' id='word_1_304' title='bbox 1344 1310 1401 1347; x_wconf 72' lang='lat'>46,</span> <span class='ocrx_word' id='word_1_305' title='bbox 1429 1310 1480 1341; x_wconf 87' lang='lat'>63.</span> <span class='ocrx_word' id='word_1_306' title='bbox 1524 1310 1618 1341; x_wconf 87' lang='lat' dir='ltr'>Paris</span> <span class='ocrx_word' id='word_1_307' title='bbox 1644 1309 1687 1340; x_wconf 86' lang='lat' dir='ltr'>de</span> 
     </span>
     <span class='ocr_line' id='line_1_60' title="bbox 990 1358 1689 1399; baseline 0 -11"><span class='ocrx_word' id='word_1_308' title='bbox 990 1358 1181 1389; x_wconf 83' lang='lat' dir='ltr'>Mercurio:</span> <span class='ocrx_word' id='word_1_309' title='bbox 1218 1359 1283 1390; x_wconf 79' lang='lat' dir='ltr'>Fas</span> <span class='ocrx_word' id='word_1_310' title='bbox 1311 1359 1429 1390; x_wconf 78' lang='lat' dir='ltr'>vidisse</span> <span class='ocrx_word' id='word_1_311' title='bbox 1453 1359 1535 1399; x_wconf 48' lang='lat' dir='ltr'>fleix</span> <span class='ocrx_word' id='word_1_312' title='bbox 1572 1359 1626 1399; x_wconf 82' lang='lat' dir='ltr'>fas</span> <span class='ocrx_word' id='word_1_313' title='bbox 1649 1359 1689 1388; x_wconf 75' lang='lat' dir='ltr'>sit</span> 
     </span>
     <span class='ocr_line' id='line_1_61' title="bbox 989 1407 1407 1448; baseline 0.007 -12"><span class='ocrx_word' id='word_1_314' title='bbox 989 1407 1069 1437; x_wconf 73' lang='lat' dir='ltr'>mihi</span> <span class='ocrx_word' id='word_1_315' title='bbox 1093 1408 1165 1438; x_wconf 69' lang='lat' dir='ltr'>visa</span> <span class='ocrx_word' id='word_1_316' title='bbox 1187 1408 1323 1448; x_wconf 74' lang='lat' dir='ltr'>referre.</span> <span class='ocrx_word' id='word_1_317' title='bbox 1403 1409 1407 1413; x_wconf 73' lang='grc'><strong><em>’</em></strong></span> 
     </span>
    </p>

    <p class='ocr_par' dir='ltr' id='par_1_14' title="bbox 985 1456 1690 2190">
     <span class='ocr_line' id='line_1_62' title="bbox 1034 1456 1690 1498; baseline 0.003 -13"><span class='ocrx_word' id='word_1_318' title='bbox 1034 1456 1064 1486; x_wconf 91' lang='lat'>8.</span> <span class='ocrx_word' id='word_1_319' title='bbox 1114 1457 1212 1496; x_wconf 68' lang='lat' dir='ltr'>gyrari</span> <span class='ocrx_word' id='word_1_320' title='bbox 1251 1458 1422 1489; x_wconf 76' lang='lat' dir='ltr'>metuende</span> <span class='ocrx_word' id='word_1_321' title='bbox 1461 1457 1588 1498; x_wconf 72' lang='lat' dir='ltr'>thyrso]</span> <span class='ocrx_word' id='word_1_322' title='bbox 1628 1457 1690 1488; x_wconf 87' lang='lat' dir='ltr'>Est</span> 
     </span>
     <span class='ocr_line' id='line_1_63' title="bbox 990 1503 1687 1545; baseline 0 -10"><span class='ocrx_word' id='word_1_323' title='bbox 990 1503 1166 1536; x_wconf 77' lang='grc' dir='ltr'><em>ἐπίθετον</em></span> <span class='ocrx_word' id='word_1_324' title='bbox 1195 1506 1377 1545; x_wconf 79' lang='lat' dir='ltr'>generale,</span> <span class='ocrx_word' id='word_1_325' title='bbox 1415 1508 1452 1537; x_wconf 88' lang='lat' dir='ltr'>ut</span> <span class='ocrx_word' id='word_1_326' title='bbox 1482 1507 1515 1537; x_wconf 92' lang='lat' dir='ltr'>in</span> <span class='ocrx_word' id='word_1_327' title='bbox 1544 1506 1687 1538; x_wconf 83' lang='lat' dir='ltr'>Anthol.</span> 
     </span>
     <span class='ocr_line' id='line_1_64' title="bbox 990 1553 1688 1594; baseline 0.003 -10"><span class='ocrx_word' id='word_1_328' title='bbox 990 1553 1060 1585; x_wconf 80' lang='lat' dir='ltr'>Pal.</span> <span class='ocrx_word' id='word_1_329' title='bbox 1087 1555 1126 1584; x_wconf 95' lang='grc' dir='ltr'>ΙΙ.</span> <span class='ocrx_word' id='word_1_330' title='bbox 1153 1563 1186 1594; x_wconf 91' lang='lat' dir='ltr'>p.</span> <span class='ocrx_word' id='word_1_331' title='bbox 1214 1554 1287 1585; x_wconf 72' lang='lat'>682.</span> <span class='ocrx_word' id='word_1_332' title='bbox 1315 1554 1358 1585; x_wconf 89' lang='lat' dir='ltr'>dc</span> <span class='ocrx_word' id='word_1_333' title='bbox 1382 1555 1521 1586; x_wconf 84' lang='lat' dir='ltr'>Baccho</span> <span class='ocrx_word' id='word_1_334' title='bbox 1547 1557 1582 1586; x_wconf 89' lang='lat' dir='ltr'>et</span> <span class='ocrx_word' id='word_1_335' title='bbox 1598 1556 1688 1586; x_wconf 87' lang='lat' dir='ltr'>Her-</span> 
     </span>
     <span class='ocr_line' id='line_1_65' title="bbox 991 1599 1690 1648; baseline 0.001 -14"><span class='ocrx_word' id='word_1_336' title='bbox 991 1603 1086 1634; x_wconf 81' lang='lat' dir='ltr'>cule:</span> <span class='ocrx_word' id='word_1_337' title='bbox 1114 1599 1149 1643; x_wconf 72' lang='grc' dir='ltr'>(ὁ</span> <span class='ocrx_word' id='word_1_338' title='bbox 1173 1602 1257 1645; x_wconf 67' lang='grc' dir='ltr'>μὲν)</span> <span class='ocrx_word' id='word_1_339' title='bbox 1283 1601 1413 1648; x_wconf 77' lang='grc' dir='ltr'><em>’θύρσῳ</em></span> <span class='ocrx_word' id='word_1_340' title='bbox 1437 1602 1577 1644; x_wconf 73' lang='grc' dir='ltr'><em>δεινός,</em></span> <span class='ocrx_word' id='word_1_341' title='bbox 1604 1600 1625 1634; x_wconf 88' lang='grc' dir='ltr'>ὁ</span> <span class='ocrx_word' id='word_1_342' title='bbox 1650 1602 1690 1635; x_wconf 79' lang='grc' dir='ltr'>δὲ</span> 
     </span>
     <span class='ocr_line' id='line_1_66' title="bbox 989 1648 1690 1695; baseline 0.001 -12"><span class='ocrx_word' id='word_1_343' title='bbox 989 1648 1156 1695; x_wconf 73' lang='grc' dir='ltr'>ῥοπάλῳ.</span> <span class='ocrx_word' id='word_1_344' title='bbox 1186 1653 1317 1684; x_wconf 87' lang='lat' dir='ltr'>Himer.</span> <span class='ocrx_word' id='word_1_345' title='bbox 1347 1652 1460 1693; x_wconf 82' lang='lat' dir='ltr'>Eclog.</span> <span class='ocrx_word' id='word_1_346' title='bbox 1489 1653 1546 1691; x_wconf 61' lang='lat'>1¹9,</span> <span class='ocrx_word' id='word_1_347' title='bbox 1576 1654 1616 1684; x_wconf 75' lang='lat'>2:</span> <span class='ocrx_word' id='word_1_348' title='bbox 1642 1650 1690 1684; x_wconf 83' lang='grc' dir='ltr'>τὰ</span> 
     </span>
     <span class='ocr_line' id='line_1_67' title="bbox 990 1696 1690 1747; baseline 0.001 -15"><span class='ocrx_word' id='word_1_349' title='bbox 990 1699 1058 1733; x_wconf 82' lang='grc' dir='ltr'>τοῦ</span> <span class='ocrx_word' id='word_1_350' title='bbox 1083 1699 1272 1733; x_wconf 76' lang='grc' dir='ltr'><em>Διονύσου</em></span> <span class='ocrx_word' id='word_1_351' title='bbox 1305 1696 1404 1732; x_wconf 76' lang='grc' dir='ltr'><em>ὅπλα</em></span> <span class='ocrx_word' id='word_1_352' title='bbox 1435 1700 1602 1747; x_wconf 75' lang='grc' dir='ltr'>νεβρίδες</span> <span class='ocrx_word' id='word_1_353' title='bbox 1625 1703 1690 1734; x_wconf 84' lang='grc' dir='ltr'>καὶ</span> 
     </span>
     <span class='ocr_line' id='line_1_68' title="bbox 992 1749 1688 1796; baseline 0.003 -14"><span class='ocrx_word' id='word_1_354' title='bbox 992 1749 1146 1796; x_wconf 77' lang='grc' dir='ltr'><em>θύρσοι·</em></span> <span class='ocrx_word' id='word_1_355' title='bbox 1198 1760 1314 1791; x_wconf 88' lang='lat' dir='ltr'>neque</span> <span class='ocrx_word' id='word_1_356' title='bbox 1356 1761 1437 1784; x_wconf 84' lang='lat' dir='ltr'>cum</span> <span class='ocrx_word' id='word_1_357' title='bbox 1488 1751 1688 1784; x_wconf 82' lang='lat' dir='ltr'>Scholiastis</span> 
     </span>
     <span class='ocr_line' id='line_1_69' title="bbox 991 1800 1688 1841; baseline 0 -9"><span class='ocrx_word' id='word_1_358' title='bbox 991 1800 1260 1841; x_wconf 85' lang='lat' dir='ltr'>explicandum:</span> <span class='ocrx_word' id='word_1_359' title='bbox 1300 1802 1428 1832; x_wconf 86' lang='lat' dir='ltr'>«Putat</span> <span class='ocrx_word' id='word_1_360' title='bbox 1462 1810 1526 1841; x_wconf 91' lang='lat' dir='ltr'>per</span> <span class='ocrx_word' id='word_1_361' title='bbox 1560 1802 1688 1833; x_wconf 84' lang='lat' dir='ltr'>mentis</span> 
     </span>
     <span class='ocr_line' id='line_1_70' title="bbox 988 1849 1688 1890; baseline 0.003 -10"><span class='ocrx_word' id='word_1_362' title='bbox 988 1849 1291 1890; x_wconf 76' lang='lat' dir='ltr'>perturbationem</span> <span class='ocrx_word' id='word_1_363' title='bbox 1308 1875 1313 1888; x_wconf 95' lang='lat'>,</span> <span class='ocrx_word' id='word_1_364' title='bbox 1341 1850 1406 1881; x_wconf 85' lang='lat' dir='ltr'>sibi</span> <span class='ocrx_word' id='word_1_365' title='bbox 1423 1850 1547 1881; x_wconf 80' lang='lat' dir='ltr'>infesto</span> <span class='ocrx_word' id='word_1_366' title='bbox 1565 1851 1688 1890; x_wconf 82' lang='lat' dir='ltr'>thyrso</span> 
     </span>
     <span class='ocr_line' id='line_1_71' title="bbox 990 1899 1688 1940; baseline 0.001 -11"><span class='ocrx_word' id='word_1_367' title='bbox 990 1900 1097 1930; x_wconf 83' lang='lat' dir='ltr'>deum</span> <span class='ocrx_word' id='word_1_368' title='bbox 1122 1899 1346 1936; x_wconf 72' lang='lat' dir='ltr'>imniinere3»</span> <span class='ocrx_word' id='word_1_369' title='bbox 1372 1900 1410 1930; x_wconf 87' lang='lat' dir='ltr'>ut</span> <span class='ocrx_word' id='word_1_370' title='bbox 1434 1900 1577 1931; x_wconf 84' lang='lat' dir='ltr'>estsere</span> <span class='ocrx_word' id='word_1_371' title='bbox 1595 1900 1688 1940; x_wconf 88' lang='lat' dir='ltr'>apud</span> 
     </span>
     <span class='ocr_line' id='line_1_72' title="bbox 990 1947 1688 1989; baseline 0.003 -11"><span class='ocrx_word' id='word_1_372' title='bbox 990 1947 1088 1979; x_wconf 75' lang='lat' dir='ltr'>ovid.</span> <span class='ocrx_word' id='word_1_373' title='bbox 1108 1949 1185 1978; x_wconf 77' lang='lat' dir='ltr'>Am.</span> <span class='ocrx_word' id='word_1_374' title='bbox 1204 1948 1241 1985; x_wconf 87' lang='lat'>3,</span> <span class='ocrx_word' id='word_1_375' title='bbox 1264 1948 1324 1986; x_wconf 61' lang='lat'>115,</span> <span class='ocrx_word' id='word_1_376' title='bbox 1346 1948 1384 1979; x_wconf 60' lang='lat'>217</span> <span class='ocrx_word' id='word_1_377' title='bbox 1403 1957 1409 1978; x_wconf 78' lang='lat' dir='ltr'>t</span> <span class='ocrx_word' id='word_1_378' title='bbox 1450 1948 1611 1989; x_wconf 66' lang='lat' dir='ltr'>Corniyer</span> <span class='ocrx_word' id='word_1_379' title='bbox 1634 1950 1688 1980; x_wconf 80' lang='lat' dir='ltr'>in-</span> 
     </span>
     <span class='ocr_line' id='line_1_73' title="bbox 989 1997 1688 2036; baseline 0.003 -9"><span class='ocrx_word' id='word_1_380' title='bbox 989 1997 1116 2036; x_wconf 74' lang='lat' dir='ltr'>crepuit</span> <span class='ocrx_word' id='word_1_381' title='bbox 1129 1997 1240 2035; x_wconf 73' lang='lat' dir='ltr'>thyrso</span> <span class='ocrx_word' id='word_1_382' title='bbox 1252 1998 1409 2036; x_wconf 72' lang='lat' dir='ltr'>gyraviore</span> <span class='ocrx_word' id='word_1_383' title='bbox 1421 1998 1559 2035; x_wconf 74' lang='lat' dir='ltr'>Lyaeus.</span> <span class='ocrx_word' id='word_1_384' title='bbox 1600 1999 1688 2029; x_wconf 85' lang='lat' dir='ltr'>Item</span> 
     </span>
     <span class='ocr_line' id='line_1_74' title="bbox 990 2043 1688 2091; baseline 0.001 -14"><span class='ocrx_word' id='word_1_385' title='bbox 990 2047 1023 2077; x_wconf 91' lang='lat' dir='ltr'>in</span> <span class='ocrx_word' id='word_1_386' title='bbox 1041 2047 1156 2087; x_wconf 87' lang='lat' dir='ltr'>Eurip.</span> <span class='ocrx_word' id='word_1_387' title='bbox 1177 2048 1258 2077; x_wconf 90' lang='lat' dir='ltr'>Ione</span> <span class='ocrx_word' id='word_1_388' title='bbox 1276 2047 1338 2077; x_wconf 36' lang='lat'>2⁴¹6</span> <span class='ocrx_word' id='word_1_389' title='bbox 1355 2056 1361 2076; x_wconf 88' lang='lat'>:</span> <span class='ocrx_word' id='word_1_390' title='bbox 1387 2045 1555 2091; x_wconf 82' lang='grc' dir='ltr'><em>Βρόμιος</em></span> <span class='ocrx_word' id='word_1_391' title='bbox 1571 2043 1688 2078; x_wconf 74' lang='grc' dir='ltr'><em>ἄλλον</em></span> 
     </span>
     <span class='ocr_line' id='line_1_75' title="bbox 985 2091 1687 2142; baseline 0.004 -17"><span class='ocrx_word' id='word_1_392' title='bbox 985 2091 1225 2136; x_wconf 73' lang='grc' dir='ltr'><em>Ἀπολέμοισι</em></span> <span class='ocrx_word' id='word_1_393' title='bbox 1262 2096 1472 2128; x_wconf 73' lang='grc' dir='ltr'><em>κισσίνοισι</em></span> <span class='ocrx_word' id='word_1_394' title='bbox 1505 2094 1687 2142; x_wconf 77' lang='grc' dir='ltr'><em>βάκτροις</em></span> 
     </span>
     <span class='ocr_line' id='line_1_76' title="bbox 989 2143 1402 2190; baseline -0.002 -14"><span class='ocrx_word' id='word_1_395' title='bbox 989 2144 1127 2190; x_wconf 73' lang='grc' dir='ltr'><em>ἐναίρει</em></span> <span class='ocrx_word' id='word_1_396' title='bbox 1151 2143 1226 2184; x_wconf 72' lang='grc' dir='ltr'>Γᾶς</span> <span class='ocrx_word' id='word_1_397' title='bbox 1249 2146 1402 2176; x_wconf 67' lang='grc' dir='ltr'>τέκνων.</span> 
     </span>
    </p>

    <p class='ocr_par' dir='ltr' id='par_1_15' title="bbox 987 2194 1687 2776">
     <span class='ocr_line' id='line_1_77' title="bbox 1054 2194 1687 2235; baseline 0.002 -10"><span class='ocrx_word' id='word_1_398' title='bbox 1054 2195 1084 2225; x_wconf 85' lang='grc'>9.</span> <span class='ocrx_word' id='word_1_399' title='bbox 1122 2195 1186 2225; x_wconf 76' lang='lat' dir='ltr'>Fas</span> <span class='ocrx_word' id='word_1_400' title='bbox 1203 2212 1220 2216; x_wconf 99' lang='lat'>-</span> <span class='ocrx_word' id='word_1_401' title='bbox 1238 2194 1298 2235; x_wconf 85' lang='lat' dir='ltr'>est]</span> <span class='ocrx_word' id='word_1_402' title='bbox 1341 2196 1509 2235; x_wconf 87' lang='lat' dir='ltr'>«Propter</span> <span class='ocrx_word' id='word_1_403' title='bbox 1532 2195 1687 2226; x_wconf 83' lang='lat' dir='ltr'>furorem</span> 
     </span>
     <span class='ocr_line' id='line_1_78' title="bbox 990 2241 1686 2284; baseline 0.003 -11"><span class='ocrx_word' id='word_1_404' title='bbox 990 2241 1330 2284; x_wconf 62' lang='grc' dir='ltr'><em>(ἐνθουσιασμόν),</em></span> <span class='ocrx_word' id='word_1_405' title='bbox 1356 2252 1425 2284; x_wconf 89' lang='lat' dir='ltr'>quo</span> <span class='ocrx_word' id='word_1_406' title='bbox 1444 2244 1602 2275; x_wconf 89' lang='lat' dir='ltr'>Bacchus</span> <span class='ocrx_word' id='word_1_407' title='bbox 1628 2252 1686 2275; x_wconf 87' lang='lat' dir='ltr'>me</span> 
     </span>
     <span class='ocr_line' id='line_1_79' title="bbox 989 2293 1687 2331; baseline 0 -7"><span class='ocrx_word' id='word_1_408' title='bbox 989 2293 1162 2331; x_wconf 86' lang='lat' dir='ltr'>concitat,</span> <span class='ocrx_word' id='word_1_409' title='bbox 1200 2293 1313 2324; x_wconf 84' lang='lat' dir='ltr'>sentio</span> <span class='ocrx_word' id='word_1_410' title='bbox 1339 2293 1389 2324; x_wconf 86' lang='lat' dir='ltr'>sas</span> <span class='ocrx_word' id='word_1_411' title='bbox 1414 2302 1492 2325; x_wconf 87' lang='lat' dir='ltr'>esse</span> <span class='ocrx_word' id='word_1_412' title='bbox 1519 2294 1601 2325; x_wconf 88' lang='lat' dir='ltr'>mihi</span> <span class='ocrx_word' id='word_1_413' title='bbox 1627 2302 1687 2324; x_wconf 87' lang='lat' dir='ltr'>ca-</span> 
     </span>
     <span class='ocr_line' id='line_1_80' title="bbox 989 2342 1687 2382; baseline 0.001 -10"><span class='ocrx_word' id='word_1_414' title='bbox 989 2350 1073 2373; x_wconf 84' lang='lat' dir='ltr'>nere</span> <span class='ocrx_word' id='word_1_415' title='bbox 1106 2342 1213 2373; x_wconf 89' lang='lat' dir='ltr'>deum</span> <span class='ocrx_word' id='word_1_416' title='bbox 1243 2351 1359 2382; x_wconf 86' lang='lat' dir='ltr'>neque</span> <span class='ocrx_word' id='word_1_417' title='bbox 1391 2342 1470 2373; x_wconf 85' lang='lat' dir='ltr'>ideo</span> <span class='ocrx_word' id='word_1_418' title='bbox 1495 2342 1591 2374; x_wconf 92' lang='lat' dir='ltr'>illum</span> <span class='ocrx_word' id='word_1_419' title='bbox 1614 2343 1687 2373; x_wconf 89' lang='lat' dir='ltr'>ira—</span> 
     </span>
     <span class='ocr_line' id='line_1_81' title="bbox 988 2391 1683 2432; baseline -0.001 -10"><span class='ocrx_word' id='word_1_420' title='bbox 988 2393 1063 2422; x_wconf 89' lang='lat' dir='ltr'>tum</span> <span class='ocrx_word' id='word_1_421' title='bbox 1108 2391 1191 2422; x_wconf 86' lang='lat' dir='ltr'>mihi</span> <span class='ocrx_word' id='word_1_422' title='bbox 1240 2391 1351 2422; x_wconf 87' lang='lat' dir='ltr'>fore.»</span> <span class='ocrx_word' id='word_1_423' title='bbox 1395 2409 1430 2414; x_wconf 90' lang='lat'>—</span> <span class='ocrx_word' id='word_1_424' title='bbox 1478 2392 1683 2432; x_wconf 67' lang='lat' dir='ltr'>pervicaces]</span> 
     </span>
     <span class='ocr_line' id='line_1_82' title="bbox 990 2440 1686 2481; baseline 0 -10"><span class='ocrx_word' id='word_1_425' title='bbox 990 2440 1150 2471; x_wconf 81' lang='lat' dir='ltr'>«assidue</span> <span class='ocrx_word' id='word_1_426' title='bbox 1167 2440 1320 2472; x_wconf 67' lang='lat' dir='ltr'>violento</span> <span class='ocrx_word' id='word_1_427' title='bbox 1345 2449 1428 2471; x_wconf 79' lang='lat' dir='ltr'>cuni</span> <span class='ocrx_word' id='word_1_428' title='bbox 1452 2442 1550 2472; x_wconf 88' lang='lat' dir='ltr'>motu</span> <span class='ocrx_word' id='word_1_429' title='bbox 1573 2441 1686 2481; x_wconf 83' lang='lat' dir='ltr'>tripu—</span> 
     </span>
     <span class='ocr_line' id='line_1_83' title="bbox 989 2478 1684 2530; baseline 0.001 -11"><span class='ocrx_word' id='word_1_430' title='bbox 989 2489 1142 2527; x_wconf 82' lang='lat' dir='ltr'>diantes,</span> <span class='ocrx_word' id='word_1_431' title='bbox 1170 2490 1202 2520; x_wconf 93' lang='lat' dir='ltr'>in</span> <span class='ocrx_word' id='word_1_432' title='bbox 1230 2490 1345 2520; x_wconf 83' lang='lat' dir='ltr'>furore</span> <span class='ocrx_word' id='word_1_433' title='bbox 1370 2478 1588 2530; x_wconf 69' lang='lat' dir='ltr'>perstantes,</span> <span class='ocrx_word' id='word_1_434' title='bbox 1632 2489 1684 2520; x_wconf 78' lang='lat' dir='ltr'>es—</span> 
     </span>
     <span class='ocr_line' id='line_1_84' title="bbox 989 2537 1685 2577; baseline 0 -9"><span class='ocrx_word' id='word_1_435' title='bbox 989 2537 1141 2569; x_wconf 82' lang='lat' dir='ltr'>frenes.»</span> <span class='ocrx_word' id='word_1_436' title='bbox 1175 2537 1296 2569; x_wconf 83' lang='lat' dir='ltr'>Catull.</span> <span class='ocrx_word' id='word_1_437' title='bbox 1325 2537 1385 2577; x_wconf 87' lang='grc'>63,</span> <span class='ocrx_word' id='word_1_438' title='bbox 1405 2538 1464 2569; x_wconf 69' lang='grc' dir='ltr'>Ξ3ῑ</span> <span class='ocrx_word' id='word_1_439' title='bbox 1494 2538 1550 2568; x_wconf 79' lang='lat' dir='ltr'>Ubi</span> <span class='ocrx_word' id='word_1_440' title='bbox 1572 2539 1685 2577; x_wconf 79' lang='lat' dir='ltr'>capita</span> 
     </span>
     <span class='ocr_line' id='line_1_85' title="bbox 987 2587 1681 2627; baseline 0 -10"><span class='ocrx_word' id='word_1_441' title='bbox 987 2588 1165 2618; x_wconf 81' lang='lat' dir='ltr'>Maenades</span> <span class='ocrx_word' id='word_1_442' title='bbox 1193 2587 1226 2617; x_wconf 74' lang='lat' dir='ltr'>vi</span> <span class='ocrx_word' id='word_1_443' title='bbox 1250 2587 1375 2618; x_wconf 72' lang='lat' dir='ltr'>iaciunt</span> <span class='ocrx_word' id='word_1_444' title='bbox 1397 2587 1616 2627; x_wconf 70' lang='lat' dir='ltr'>hederiyerae.</span> <span class='ocrx_word' id='word_1_445' title='bbox 1646 2605 1681 2609; x_wconf 91' lang='lat'><em>-</em></span> 
     </span>
     <span class='ocr_line' id='line_1_86' title="bbox 988 2636 1682 2677; baseline 0.003 -11"><span class='ocrx_word' id='word_1_446' title='bbox 988 2639 1033 2667; x_wconf 79' lang='lat' dir='ltr'>est</span> <span class='ocrx_word' id='word_1_447' title='bbox 1055 2637 1149 2677; x_wconf 77' lang='lat' dir='ltr'>mihi]</span> <span class='ocrx_word' id='word_1_448' title='bbox 1188 2638 1282 2668; x_wconf 88' lang='lat' dir='ltr'>llaec</span> <span class='ocrx_word' id='word_1_449' title='bbox 1308 2636 1417 2667; x_wconf 77' lang='lat' dir='ltr'>Codd.</span> <span class='ocrx_word' id='word_1_450' title='bbox 1444 2636 1546 2668; x_wconf 86' lang='lat' dir='ltr'>lectio</span> <span class='ocrx_word' id='word_1_451' title='bbox 1571 2638 1682 2676; x_wconf 77' lang='lat' dir='ltr'>magis</span> 
     </span>
     <span class='ocr_line' id='line_1_87' title="bbox 988 2686 1684 2726; baseline 0 -10"><span class='ocrx_word' id='word_1_452' title='bbox 988 2686 1123 2725; x_wconf 71' lang='lat' dir='ltr'>poetica</span> <span class='ocrx_word' id='word_1_453' title='bbox 1141 2687 1176 2717; x_wconf 85' lang='lat' dir='ltr'>et</span> <span class='ocrx_word' id='word_1_454' title='bbox 1192 2686 1370 2717; x_wconf 79' lang='lat' dir='ltr'>efficacior</span> <span class='ocrx_word' id='word_1_455' title='bbox 1390 2687 1443 2718; x_wconf 87' lang='lat' dir='ltr'>est</span> <span class='ocrx_word' id='word_1_456' title='bbox 1459 2694 1566 2726; x_wconf 85' lang='lat' dir='ltr'>quam</span> <span class='ocrx_word' id='word_1_457' title='bbox 1584 2687 1684 2717; x_wconf 73' lang='lat' dir='ltr'>Bent-</span> 
     </span>
     <span class='ocr_line' id='line_1_88' title="bbox 988 2733 1683 2776; baseline 0.001 -11"><span class='ocrx_word' id='word_1_458' title='bbox 988 2734 1042 2765; x_wconf 83' lang='lat' dir='ltr'>leii</span> <span class='ocrx_word' id='word_1_459' title='bbox 1067 2735 1108 2765; x_wconf 77' lang='lat' dir='ltr'>sit</span> <span class='ocrx_word' id='word_1_460' title='bbox 1130 2735 1220 2766; x_wconf 71' lang='lat' dir='ltr'>mihi.</span> <span class='ocrx_word' id='word_1_461' title='bbox 1244 2754 1277 2758; x_wconf 86' lang='lat'>——</span> <span class='ocrx_word' id='word_1_462' title='bbox 1299 2733 1457 2775; x_wconf 78' lang='grc' dir='ltr'><em>Θυιάδες</em></span> <span class='ocrx_word' id='word_1_463' title='bbox 1476 2744 1502 2767; x_wconf 87' lang='lat' dir='ltr'>s.</span> <span class='ocrx_word' id='word_1_464' title='bbox 1523 2733 1683 2776; x_wconf 76' lang='grc' dir='ltr'><em>Θυϊάδες</em></span> 
     </span>
    </p>
   </div>
   <div class='ocr_carea' id='block_1_11' title="bbox 1942 0 1994 3219">
    <p class='ocr_par' dir='ltr' id='par_1_16' title="bbox 1942 0 1994 3219">
     <span class='ocr_line' id='line_1_89' title="bbox 1942 0 1994 3219; baseline 0 0"><span class='ocrx_word' id='word_1_465' title='bbox 1942 0 1994 3219; x_wconf 95' lang='lat' dir='ltr'> </span> 
     </span>
    </p>
   </div>
  </div>
 </body>
</html>
