1997 3219
264 147 344 186 «570

795 150 962 181 llOllA'l'll
989 150 1153 182 EPOlmN

550 254 700 294 Terras
733 259 773 293 et
804 251 1034 295 humanum
1065 267 1223 309 genus,

488 331 599 382 Quid
632 333 709 374 iste
741 332 818 373 sert
847 331 1083 374 tumultus?
1114 341 1185 375 aut
1214 334 1316 390 quid
1347 336 1533 376 omnium

547 411 688 453 Voltus
721 412 760 452 in
791 415 922 454 unum
953 427 1020 455 me
1051 415 1229 456 truces?

490 493 567 533 l‘er
600 491 757 534 liberos
790 500 848 537 te,
884 493 918 533 si
950 501 1098 535 vocata
1131 494 1337 550 partubus
1680 497 1702 534 Γ)

544 572 702 615 Lucina
731 573 846 615 veris
878 573 1016 622 affuit,

493 655 571 695 l'er
601 652 681 695 hoe
713 654 836 695 inane
869 668 1085 710 purpurae
1119 654 1252 697 decus
1283 669 1453 712 precor.

547 736 628 776 Per
659 733 996 789 improbaturum
1026 734 1132 778 haee
1164 737 1329 785 Iovem,

487 814 600 865 Quid
633 822 678 856 ut
709 828 894 857 noverca
925 830 992 857 me
1025 816 1201 858 intueris
1232 824 1304 858 aut
1339 817 1397 858 uti

351 934 381 965 3.
409 937 467 965 (tut
492 934 569 973 qnid
594 934 688 971 BSd7
716 933 869 965 Oberlini
896 935 941 972 Β»,
980 934 1134 966 Pottierii
1160 935 1198 972 4,
1224 934 1261 973 3,
1289 935 1351 974 44,
1378 936 1457 973 ⁶22„

1494 935 1637 968 Aldinae
1655 947 1660 966 ⁴.

307 987 335 1014 ct
360 984 438 1022 quid
462 982 527 1021 be,
555 982 676 1014 Bland.
703 984 887 1023 quattuor,
914 984 1001 1022 LCt,
1028 982 1222 1022 Bentleius,
1250 984 1336 1016 FMJ.

264 1091 345 1113 men
376 1091 445 1113 uno
475 1091 535 1114 ore
566 1082 742 1114 affirmant
777 1081 958 1114 Canidiam

264 1132 354 1162 lianc
370 1140 454 1163 vero
480 1132 620 1163 nomine
645 1131 750 1163 fuisse
768 1131 958 1163 Gratidiam

264 1180 526 1221 Neapolitanam
550 1181 819 1220 unguentarIam
846 1181 876 1221 (ἰ)
894 1180 956 1212 esr.

264 1239 319 1260 w.
339 1230 391 1261 59.
413 1230 476 1269 60.)
504 1232 538 1261 et
561 1229 774 1268 veneficam,
802 1239 820 1260 a
838 1230 958 1261 canitie

263 1280 313 1310 sic
338 1280 403 1310 ioci
420 1279 526 1319 gratia
545 1278 769 1319 appellatam.
790 1297 827 1301 -
864 1280 958 1318 (ullie

264 1328 398 1369 epodus
425 1329 571 1359 (eliorum
605 1328 701 1359 ducit
728 1337 851 1360 eorum
883 1337 960 1359 car—

265 1378 417 1415 milium7
463 1379 495 1408 in
536 1378 664 1417 quibus
704 1377 845 1409 Canidia
885 1378 958 1409 sive

264 1427 416 1457 Gratidia
446 1427 621 1458 diffamata
651 1428 716 1458 est.
765 1427 835 1459 Csr.
862 1428 961 1458 Butt—

264 1484 371 1506 mann
401 1475 541 1515 Mythol.
569 1477 593 1507 1.
620 1486 654 1517 p.
681 1476 778 1507 3:32.»
817 1477 957 1507 FRANKE.

265 1525 387 1557 Eidem
411 1526 560 1565 scriptus
585 1526 723 1556 videtur
745 1535 774 1556 a.
806 1526 879 1556 747.
905 1524 960 1556 xel

265 1575 358 1613 748,
385 1574 608 1606 Grotesendio
633 1584 663 1606 a.
691 1574 765 1606 744.

310 1625 339 1654 4.
365 1624 415 1665 At]
444 1625 514 1654 Hoe
539 1623 615 1655 loeo
641 1627 676 1655 at
699 1623 881 1655 abundare
907 1623 961 1654 di—

266 1674 311 1703 cit
335 1673 499 1703 Prisc-ian.
528 1674 587 1711 477
614 1674 686 1711 ¹⁴23„
724 1673 768 1704 ad
799 1673 961 1703 ornatum

265 1721 377 1753 solum
413 1723 588 1762 pertinere
624 1722 764 1753 Servius
794 1721 839 1752 ad
872 1722 957 1752 Aen.

265 1772 300 1809 Τ,
327 1771 401 1802 363.
429 1773 578 1809 Verum,
610 1771 668 1802 ubi
694 1774 729 1802 αι
752 1771 802 1802 sie
827 1771 961 1801 orditur

264 1821 475 1857 orationem,
518 1820 680 1860 exprimit
718 1820 822 1851 animi
860 1828 959 1851 eom—

266 1871 349 1900 moti
386 1871 556 1910 impetum
593 1879 632 1901 ae
669 1869 957 1909 trepidationem,

266 1928 345 1950 vum
371 1920 428 1959 qui
457 1919 608 1959 loquitur
632 1928 670 1951 se
695 1918 811 1951 subito
838 1919 870 1949 in
893 1918 959 1949 alio

266 1979 370 2009 quam
408 1970 509 2000 antea
545 1970 636 1999 statu
668 1967 878 2000 collocatum
908 1968 961 1998 vi—

266 2019 336 2055 det,
364 2020 467 2058 atque
493 2017 651 2049 dolorem
677 2019 711 2048 et
735 2018 822 2049 iram
854 2017 961 2057 signi—

267 2069 356 2098 ficat.
405 2067 472 2098 Cfr.
509 2067 607 2098 lland
639 2066 783 2098 Tursell.
818 2066 842 2097 1.
881 2075 958 2106 pag.

266 2118 340 2149 ΜΟ.
361 2119 394 2148 et
410 2117 484 2149 441,
523 2117 576 2147 Sic
597 2117 701 2147 etiam
724 2116 857 2147 Graeci.
877 2116 963 2155 Tyr-

268 2171 365 2199 taeus
390 2168 420 2198 8.
448 2167 706 2198 Schneidewin:
736 2164 824 2197 Ἀλλ’
850 2161 962 2209 Ἡρα-

265 2215 383 2258 κλῆος
414 2213 485 2260 γὰρ
514 2212 699 2257 ἀνικήτου
731 2217 839 2257 γένος
863 2214 958 2246 ἐστέ.

266 2266 436 2305 Theognis
461 2265 542 2297 344:
577 2262 702 2303 Ἀλλά,
737 2263 827 2301 Ζεῦ,
860 2262 962 2295 τέλε-

266 2313 337 2346 σόν
375 2324 440 2356 μοι
458 2310 655 2355 --εὖχήια
699 2331 736 2336 —-
779 2314 960 2354 quidquid]

266 2364 362 2395 ovid.
390 2365 469 2395 Met.
498 2365 555 2401 -10,
584 2364 642 2395 48:
682 2364 839 2402 quidquid
869 2372 962 2393 'rnor-

266 2415 330 2445 tale
359 2422 525 2443 creamur.
577 2413 656 2443 llor.
687 2414 757 2443 Sat.
790 2412 824 2449 4,
858 2412 894 2449 6,
922 2412 958 2442 4:

265 2464 433 2501 Lydorum
465 2462 623 2500 quidquid
647 2462 802 2492 Etruscos
824 2461 961 2491 Incaluit

264 2514 354 2552 fiaeS.
403 2512 513 2542 Etiam
539 2512 571 2542 in
597 2510 749 2551 pedestri
767 2519 816 2540 or.
838 2511 907 2541 Liv.
927 2511 958 2547 2),

267 2563 302 2592 5.
335 2561 494 2600 quidquid
517 2562 652 2592 demum
667 2578 685 2583 -
701 2578 718 2583 -
735 2563 823 2591 esset.
844 2560 902 2598 23,
928 2560 958 2590 9.

268 2612 414 2641 iurantes
446 2620 506 2649 per
530 2610 689 2649 quidquid
727 2610 863 2640 deorum
901 2613 957 2640 est.

270 2660 454 2691 Diomedes
479 2668 512 2700 p.
539 2659 611 2690 527.
640 2661 674 2690 et
704 2658 900 2689 Priscianus
925 2667 958 2698 p.

270 2708 362 2737 1105.
395 2709 428 2738 P.
460 2707 588 2739 habent
627 2707 804 2746 quisquis·
821 2724 837 2728 —
855 2707 958 2745 reglis,

1009 1082 1119 1114 Codd.
1148 1083 1253 1114 etiam
1277 1083 1406 1114 Horatii
1431 1083 1528 1115 multi
1546 1084 1706 1122 quidquid

1007 1133 1169 1172 —-reffl's.
1198 1132 1265 1163 Sed
1290 1135 1384 1164 reete
1403 1132 1598 1165 Bentleius:
1629 1135 1707 1165 «ne-

1006 1181 1055 1221 qit
1077 1180 1121 1211 ab
1147 1182 1287 1213 Horatio
1311 1182 1509 1222 profectum
1534 1184 1599 1213 est.
1626 1184 1702 1214 Non

1008 1230 1102 1261 enim
1133 1239 1223 1270 puer
1254 1230 1308 1262 ille
1334 1231 1420 1262 deos
1445 1232 1501 1262 hie
1526 1234 1701 1272 precatur,

1007 1279 1071 1310 sed
1096 1280 1276 1311 Canidiam
1302 1282 1336 1311 et
1360 1281 1473 1312 socias
1498 1280 1705 1321 alloquitur,

1008 1337 1122 1368 neque
1146 1338 1231 1360 vero
1256 1330 1430 1360 invocatio
1456 1330 1605 1361 deorum
1631 1332 1705 1367 est,

1008 1377 1071 1409 sed
1107 1377 1314 1409 exclamatio
1350 1378 1550 1417 dumtaxat,
1589 1378 1701 1419 qualia

1009 1428 1073 1458 ista
1087 1427 1120 1458 cli
1133 1427 1226 1466 bont,
1248 1436 1311 1467 pro
1323 1428 1489 1467 Iuppiter,
1514 1429 1546 1458 (Ιί
1558 1432 1702 1460 vestram

1006 1478 1102 1517 fidem
1127 1478 1217 1508 eet.»
1258 1478 1316 1508 Est
1344 1476 1571 1518 simpliciter:
1606 1487 1646 1509 «ο
1670 1478 1706 1509 di

1010 1525 1197 1565 caelestes,
1230 1528 1388 1558 rectores
1414 1528 1588 1558 terrarum
1614 1530 1704 1558 cet.»

1053 1575 1124 1606 3-5.
1149 1575 1223 1615 fert]
1251 1576 1350 1606 «novi
1375 1575 1491 1613 affert,
1523 1575 1589 1607 sihi
1614 1575 1705 1613 volt;

1010 1633 1179 1664 quorsum
1196 1625 1245 1655 sie
1263 1623 1546 1655 tumultuamini?
1559 1637 1572 1652 n
1593 1642 1630 1647 -
1647 1629 1704 1656 auc

1010 1674 1096 1713 quid]
1130 1674 1223 1704 Haec
1249 1672 1350 1704 lectio
1379 1674 1702 1713 antiquissimorum

1009 1722 1118 1754 Codd.
1145 1723 1193 1753 BS
1224 1723 1430 1753 auctoritate
1456 1723 1591 1753 firmata
1627 1732 1705 1754 me-

1009 1771 1074 1802 lius
1105 1772 1267 1811 exprimit
1297 1771 1476 1803 turbatum
1506 1772 1604 1812 pueri
1633 1773 1708 1803 ani-

1011 1829 1109 1852 mum
1127 1829 1234 1860 quam
1251 1819 1359 1851 altera
1377 1824 1407 1852 et
1423 1822 1511 1860 quid.
1539 1821 1594 1852 Sie
1610 1830 1708 1862 pror-

1012 1878 1071 1901 sus
1095 1869 1205 1910 Epod.
1237 1870 1271 1907 7,
1311 1870 1362 1907 4.‚
1400 1869 1460 1901 uhi
1494 1870 1569 1901 sine
1601 1879 1706 1902 eausa

1012 1919 1285 1958 Cuningliamius
1303 1918 1409 1950 voluit
1433 1922 1462 1950 et
1485 1928 1555 1951 cur.
1577 1937 1614 1942 —-
1634 1923 1708 1951 [νιι-

1010 1968 1078 2009 ces]
1107 1970 1291 2008 «quattuor
1314 1977 1477 2008 sagarum
1500 1968 1614 2000 voltus
1641 1969 1708 1999 mi-

1011 2018 1165 2048 nitantur
1199 2018 1231 2048 in
1267 2026 1324 2048 me
1361 2018 1556 2048 conversi.»
1597 2035 1631 2040 —
1666 2017 1705 2058 te]

1010 2069 1081 2098 Iam
1106 2066 1148 2097 ad
1175 2066 1372 2104 Canidiam,
1412 2074 1576 2105 sagarum
1608 2067 1707 2107 prin-

1012 2117 1146 2157 cipem,
1173 2124 1252 2147 sese
1278 2115 1424 2146 confert.

1055 2166 1169 2196 ‹5-40.
1208 2164 1354 2204 Lucina]
1382 2163 1449 2195 Csr.
1484 2164 1599 2195 Carni.
1631 2173 1703 2195 see.

1013 2216 1062 2245 45.
1104 2214 1250 2254 Egregie
1279 2214 1411 2244 iocatur
1436 2214 1468 2244 in
1494 2222 1531 2243 re
1557 2214 1707 2245 atrocis—

1011 2265 1099 2295 sima
1123 2263 1242 2294 verbis
1267 2262 1438 2302 ambiguis
1471 2270 1576 2300 usus,
1615 2271 1705 2303 quae

1012 2314 1045 2344 in
1073 2312 1163 2343 anxii
1195 2311 1295 2352 pueri
1327 2320 1386 2342 ore
1420 2311 1707 2342 innocentissima

1010 2362 1189 2393 videntur:
1232 2361 1278 2392 «si
1310 2370 1434 2401 reapse
1468 2361 1596 2391 Lucina
1630 2363 1707 2391 tuos

1011 2414 1132 2452 partus
1163 2410 1263 2447 iuvit,
1301 2411 1339 2441 ut
1367 2409 1487 2451 procul
1519 2409 1625 2441 dubio
1653 2410 1707 2440 iu-

1013 2462 1101 2497 vit3»
1138 2469 1179 2491 ex
1214 2461 1339 2500 poetae
1375 2468 1481 2491 sensu
1512 2458 1707 2490 moi-dacis-

1012 2511 1097 2541 sima
1128 2510 1227 2540 sunt:
1266 2508 1314 2540 «si
1343 2517 1499 2549 unquam
1528 2517 1611 2539 vere
1643 2517 1707 2548 pe-

1013 2560 1182 2601 peristi3»
1221 2567 1289 2598 quo
1326 2558 1401 2598 ipso
1434 2557 1605 2597 signifieat
1639 2558 1705 2588 Ca-

1013 2608 1141 2640 nidiam
1166 2607 1270 2639 salsos
1290 2606 1356 2638 sibi
1380 2607 1608 2647 supposuisse
1626 2614 1706 2646 par-

1011 2659 1078 2689 tus.
1122 2657 1201 2696 (Csr.
1236 2656 1346 2697 Epod.
1375 2657 1432 2694 47,
1466 2656 1532 2695 50.)
1559 2672 1596 2677 —
1617 2663 1705 2693 pur-

1008 2715 1114 2745 purae
1153 2705 1265 2745 decus]
1307 2707 1422 2745 togam
1465 2705 1702 2744 praetextam,
