1997 3219
636 185 711 216 ΗΒ.
740 185 775 215 ΙΙ.
825 186 862 216 (3.
890 184 972 216 xlv.

402 290 526 344 Rugis
557 295 596 330 et
627 288 792 330 instanti
823 294 1020 330 senectae

453 368 607 410 Afferet
637 368 950 424 indomitaeque
982 367 1128 415 morti,
1154 392 1208 396 —

341 475 452 521 Non,
486 474 520 515 si
550 473 751 522 trecenis,
784 480 992 530 quotquot
1021 479 1121 514 eunt
1151 471 1261 515 dies,
1521 487 1544 510 -›

344 554 507 602 Amice,
541 553 684 610 places
716 553 1046 596 illacrimabilem

399 633 573 676 Plutona
603 634 756 682 tauris,
790 634 862 690 qui
893 641 956 675 ter
985 633 1170 689 amplum

458 714 685 770 Geryonen
716 714 952 770 Tityonque
983 713 1085 754 tristi

206 822 236 852 3.
263 822 358 852 Ruris
381 822 416 852 T.
446 838 479 842 —
506 821 537 851 5
565 821 695 850 tricenis
726 819 865 854 Bchd.
899 820 1048 851 [recentis
1071 820 1102 850 S.
1133 838 1166 841 —
1194 820 1224 851 6.
1248 820 1380 859 placens
1403 821 1438 852 T.
1469 839 1503 844 —

163 870 431 902 inlacrimabilem
467 868 575 900 BSTd.
613 887 645 891 -
680 869 710 900 7.
736 869 904 900 Plutoniae
927 869 963 900 T.
999 887 1033 891 —-
1060 869 1090 899 8.
1119 869 1300 908 Geryonem
1328 869 1505 907 bScd‚LCt

163 922 195 949 et
222 918 328 951 Bcutl.
358 920 443 957 (Non
467 919 542 957 BT.)

122 1020 264 1052 prorsus
299 1012 449 1042 enormis
484 1011 642 1042 videatur
675 1011 834 1052 hyper-t

122 1060 218 1096 bola,
247 1060 319 1100 lege
346 1062 414 1091 Liv.
443 1061 499 1097 22,
527 1061 584 1091 40:
619 1060 719 1090 bubus
740 1060 808 1091 Iovi

121 1111 268 1141 trecentis
297 1111 370 1141 ticri
400 1112 520 1141 votum
544 1112 615 1148 est,
652 1128 686 1132 -
721 1110 806 1151 cunt]

123 1159 336 1200 “procedunt
371 1162 475 1200 atque
511 1159 610 1191 nobis
642 1158 806 1190 abeunt.»

124 1209 206 1249 Epp.
226 1210 259 1246 Ξ,
280 1209 315 1246 -2,
334 1210 391 1240 55:
418 1209 557 1249 Sinyula
572 1210 610 1240 de
625 1208 715 1239 nobis
730 1209 809 1239 anni

117 1258 324 1297 praedantur
346 1262 464 1289 euntes.
492 1257 598 1290 Plaut.
622 1258 748 1289 Bacch.
775 1258 806 1295 5,

121 1307 157 1338 2.
184 1306 243 1337 85:
270 1307 297 1337 [ι
325 1308 408 1338 dies:
432 1308 474 1338 ite
503 1308 588 1338 intro
611 1307 806 1337 accubitum.

123 1357 253 1386 Seneca
289 1355 377 1387 Med.
412 1356 492 1387 399:
532 1357 637 1396 scynis
669 1356 719 1386 hic
754 1356 810 1386 ibit

122 1404 211 1434 dies?
245 1422 278 1427 —
313 1404 463 1436 Plutonis
495 1406 607 1445 imago
639 1406 751 1436 exstat
773 1405 808 1436 in

125 1452 303 1494 praeclaro
328 1462 409 1485 vase
427 1454 599 1486 Canusino
616 1454 709 1494 apud
726 1453 809 1486 Miil-

121 1501 171 1533 ler
194 1502 329 1533 Denkm.
355 1504 379 1534 1.
407 1504 445 1534 N.
474 1503 545 1535 275.

163 1577 192 1607 6.
225 1575 343 1617 Amice]
370 1578 561 1617 postposita
592 1576 691 1608 solita
719 1586 804 1608 ana-

120 1626 211 1657 crusi
241 1625 339 1666 longa
371 1625 527 1665 (brevem
559 1628 676 1657 tamen
700 1626 808 1658 habet

121 1676 151 1706 in
182 1675 283 1706 huius
307 1675 444 1715 generis
472 1675 631 1707 versibus
663 1677 807 1716 quater-

120 1724 261 1763 decies),
287 1724 353 1756 hac
376 1723 582 1756 allocutione
607 1725 713 1756 utitur
728 1727 808 1766 post

121 1782 198 1807 eas.
217 1782 306 1813 quae
323 1775 403 1805 sunt
418 1783 449 1804 v,
467 1775 511 1812 t.‚
530 1775 609 1815 quia
623 1783 663 1805 ea
677 1775 807 1806 omissa

120 1825 228 1854 totum
253 1831 395 1854 carmen
420 1832 537 1854 merae
561 1824 808 1864 reprehensio—

121 1872 172 1903 nis
188 1872 344 1912 speciem
368 1871 526 1904 haberet.
553 1873 638 1912 Fuit,
665 1875 722 1913 qui
740 1874 807 1905 hoc

121 1930 187 1952 non
209 1921 490 1954 animadvertens
510 1924 723 1963 proponeret
743 1923 809 1954 dics

121 1969 278 2009 alanique,
303 1970 396 2010 quod
421 1979 485 2011 per
508 1980 545 2003 se
569 1980 710 2012 quoque
729 1980 808 2012 spe-

121 2021 252 2050 ctatum
287 2018 331 2050 ab
367 2020 459 2050 omni
498 2021 634 2060 poetica
674 2022 807 2053 ratione

122 2068 265 2099 nimium
290 2070 458 2108 quantum
483 2069 658 2101 abhorret.
704 2070 809 2101 Cete—

122 2124 199 2147 rum
224 2117 284 2148 cfr.
304 2117 365 2148 od.
386 2118 422 2154 ’2,
448 2118 486 2156 9,
512 2119 548 2149 5:
574 2119 683 2150 Amice
703 2120 806 2160 Valgi.

124 2184 158 2189 —
196 2166 464 2208 illacrimabilem]
502 2168 672 2200 formavit
705 2177 737 2200 ν.
764 2169 809 2200 ad

121 2217 291 2246 Graecum
320 2211 548 2261 ἀδάκρυτος,
578 2213 806 2258 ἄκλαυστος,

122 2264 200 2304 «qui
225 2267 294 2296 tam
319 2264 426 2297 durus
451 2269 503 2297 est
523 2268 627 2307 atquc
646 2266 810 2308 implaca-

121 2311 213 2350 bilis,
241 2315 276 2344 ut
300 2314 343 2344 ad
368 2313 527 2348 lacrimas
552 2318 587 2347 et
610 2317 808 2348 misericor-

121 2362 213 2393 diam
225 2362 426 2404 nullopacto
435 2366 647 2397 commoveri
666 2368 803 2406 queat·›;

122 2410 346 2452 similiterque
384 2412 500 2444 Plauto
537 2413 620 2451 (Mil.
651 2414 741 2446 Glor.
771 2416 803 2453 2,

121 2461 157 2497 6,
191 2461 255 2499 63.)
293 2462 507 2502 inremeabilis
539 2466 607 2500 cst,
644 2465 701 2505 qui
737 2473 804 2496 non

121 2511 258 2550 cogitat.
285 2510 353 2542 Alia
367 2512 613 2552 significatione
630 2514 807 2555 usurpavit

123 2558 182 2589 od.
210 2558 246 2598 4,
273 2560 308 2597 9,
336 2561 386 2592 26.

172 2646 194 2663 ι.
238 2637 286 2664 ter
322 2636 484 2676 amplum]
526 2634 803 2681 υτρισώματον

123 2680 242 2722 triplici
273 2683 468 2725 eodemque
502 2686 627 2725 ingenti
659 2695 804 2728 corpore

124 2732 350 2771 praeditum.-

237 2793 352 2822 iteum.
379 2803 446 2822 rui..
474 2797 491 2823 l.
536 2805 573 2824 ιῑιι
596 2804 693 2825 ›iuni‹
718 2797 749 2824 ΙΙΙ

902 1011 932 1042 8.
972 1012 1153 1053 Geryonen]
1179 1012 1386 1052 Chrysaoris
1411 1014 1445 1044 et
1469 1012 1548 1044 Cal-

858 1059 1004 1092 lirrhoes
1029 1060 1148 1099 filium,
1173 1060 1335 1100 βασιλέα
1356 1057 1549 1105 Ἐρυθείας

858 1108 925 1152 τῆς
955 1107 1077 1152 νήσου
1110 1109 1177 1152 τῆς
1207 1109 1274 1143 νῦν
1297 1109 1458 1156 Γάδειρα
1481 1123 1550 1143 κα-

859 1158 1055 1202 λουμένης.
1097 1159 1208 1191 Schol.
1249 1159 1331 1192 Plat.
1365 1170 1442 1202 pag.
1473 1161 1547 1193 942.

859 1208 920 1240 Ed.
940 1211 1092 1241 nostrae.
1109 1210 1243 1250 Eurip.
1263 1210 1364 1241 Herc.
1385 1210 1448 1241 sur.
1468 1210 1548 1242 421¹:

859 1253 1003 1302 ὕδραν-
1015 1257 1165 1297 βέλεσιν
1202 1254 1305 1316 ἀμφζ
1291 1258 1443 1299 ε’,ῥάλλε
1482 1257 1550 1292 τὸν

858 1317 1098 1351 τρισωματον
1143 1304 1243 1340 οἷσιν
1285 1304 1376 1341 ἕκτα
1418 1307 1550 1356 βοτῆρ’

854 1352 1059 1401 Ἐρυθείας.
1078 1357 1215 1389 Lucret.
1234 1359 1270 1396 5,
1290 1358 1347 1390 ⁶28:
1373 1360 1552 1398 tripectora

856 1407 1026 1447 tergemini
1047 1407 1097 1437 ‘tis
1120 1407 1298 1446 Geryonai.
1345 1408 1436 1448 Virg.
1462 1409 1548 1440 Amen

857 1457 893 1494 6,
929 1456 1011 1488 289:
1058 1457 1225 1497 (ἔοι-907193
1258 1457 1492 1498 Harpyiaeque
1521 1462 1552 1490 et

855 1506 966 1546 forma
999 1506 1192 1546 tricorporis
1226 1506 1374 1539 wmbrae.
1432 1509 1550 1548 Imago

857 1555 932 1586 eius
966 1554 1010 1586 ab
1046 1554 1193 1587 Hercule
1233 1555 1384 1589 confossi
1425 1558 1479 1588 est
1517 1557 1551 1587 in

856 1605 1002 1636 Manum.
1040 1605 1111 1636 dell'
1144 1605 1220 1636 Insa.
1259 1605 1349 1636 arch.
1379 1606 1415 1637 T.
1444 1606 1484 1637 V.
1514 1615 1547 1647 p.

856 1653 930 1684 234.
949 1653 1043 1685 Aliae
1068 1654 1102 1686 in
1119 1654 1277 1686 Gerhard
1295 1655 1431 1696 Vaseny.
1449 1656 1489 1687 11.
1510 1656 1545 1687 T.

857 1702 938 1733 CIV.
964 1703 1001 1734 B.
1029 1711 1130 1744 seqq.
1156 1703 1206 1735 Ibi
1223 1704 1298 1736 eius
1315 1713 1444 1736 nomen
1464 1705 1548 1736 scri—

857 1751 950 1782 bitur
989 1752 1242 1784 CAPVFONES.
1282 1770 1317 1775 *
1356 1754 1548 1795 Tityonque]

857 1800 983 1842 Odyss.
1010 1800 1042 1840 λ,
1069 1802 1148 1833 576:
1176 1802 1250 1834 Καὶ,
1274 1800 1409 1835 Τιτυὸν
1434 1800 1546 1842 εἶδον,

857 1850 971 1892 Γαίης
994 1849 1184 1893 ἐρικυδέος
1208 1849 1328 1884 ιὶὁν-
1343 1851 1454 1895 Λητώ
1476 1851 1548 1899 γὰρ

857 1894 1024 1942 ἧλκησε,
1059 1898 1149 1941 Διὸς
1186 1900 1327 1948 κυδοὴν
1361 1901 1550 1948 παοάκοι-

856 1959 924 1981 τιν.
970 1951 1124 1991 Iuppiter
1162 1950 1276 1991 Elara,
1329 1953 1549 1991 Orchomeni

858 1998 942 2038 filia,
991 2000 1137 2040 potitus,
1190 2002 1330 2034 lunonis
1376 2004 1548 2044 suspicio—

858 2057 940 2079 nem
977 2049 1125 2087 veritus‚
1167 2058 1246 2081 eam
1281 2051 1313 2081 in
1347 2051 1452 2083 Terra
1484 2052 1548 2084 de-

858 2096 952 2128 fodit.
984 2097 1089 2128 Terra
1120 2098 1247 2138 ingenti
1277 2100 1409 2131 statura
1438 2100 1547 2134 filium

859 2146 980 2184 edidit,
1018 2147 1076 2187 qui
1105 2147 1223 2186 Tityus
1253 2148 1450 2182 nominatus
1479 2153 1543 2183 est.

858 2196 956 2228 Hunc
980 2196 1130 2227 Latonae
1147 2205 1267 2229 amore
1285 2200 1426 2239 captum
1443 2199 1545 2240 eique

856 2245 926 2276 vim
951 2244 1075 2276 afferre
1100 2248 1268 2278 conatum
1283 2246 1338 2278 vel
1355 2246 1474 2288 Apollo
1491 2248 1545 2280 vel

857 2295 964 2326 Diana
999 2294 1112 2335 (Pind.
1150 2296 1249 2335 Pyth.
1286 2296 1322 2336 4,
1361 2298 1452 2337 ⁴60.)
1490 2297 1544 2329 vel

857 2343 961 2375 ambo
974 2344 1105 2384 sagittis
1119 2345 1334 2378 transfixere.
1352 2347 1389 2378 In
1403 2343 1544 2378 Tartaro

856 2393 886 2423 ei
916 2402 980 2434 per
1010 2395 1079 2425 tota
1111 2403 1237 2426 novem
1267 2396 1385 2436 iugera
1415 2405 1543 2437 corpus

856 2443 1050 2483 porrigitur.
1089 2444 1180 2484 Virg.
1211 2446 1297 2476 Aen.
1329 2446 1364 2484 6,
1401 2447 1474 2478 596.
1506 2465 1539 2469 —-

853 2492 949 2532 tristi]
973 2492 1064 2533 Virg.
1091 2494 1150 2525 Ge.
1180 2493 1216 2532 4,
1249 2494 1327 2527 478:
1366 2497 1452 2535 Quos
1474 2497 1542 2527 cir—

853 2549 927 2572 cum
949 2540 1045 2573 limus
1066 2543 1160 2584 niger
1183 2547 1212 2575 ct
1235 2544 1387 2584 deformis
1413 2546 1542 2577 arundo

854 2590 963 2629 Cocyti
974 2592 1135 2631 tardaque
1146 2592 1244 2632 palus
1255 2593 1442 2625 inamabilis
1451 2596 1542 2626 unda

852 2639 973 2680 Alli-{sac
996 2643 1026 2672 et
1047 2642 1156 2673 novics
1177 2642 1262 2680 Styx
1278 2643 1436 2682 interfusa
1450 2646 1542 2675 coer—

852 2692 918 2727 cet,
966 2690 1092 2722 Horatii
1131 2692 1319 2731 compescit,
1369 2692 1538 2725 “inclusos

854 2739 982 2771 toneia»

1287 2803 1316 2829 19
