<?xml version="1.0" encoding="UTF-8"?>
<!DOCTYPE html PUBLIC "-//W3C//DTD XHTML 1.0 Transitional//EN"
    "http://www.w3.org/TR/xhtml1/DTD/xhtml1-transitional.dtd">
<html xmlns="http://www.w3.org/1999/xhtml" xml:lang="en" lang="en">
 <head>
  <title>
</title>
<meta http-equiv="Content-Type" content="text/html;charset=utf-8" />
  <meta name='ocr-system' content='tesseract 3.04.00' />
  <meta name='ocr-capabilities' content='ocr_page ocr_carea ocr_par ocr_line ocrx_word'/>
</head>
<body>
  <div class='ocr_page' id='page_1' title='image "./qhoratiusflaccus01horauoft/qhoratiusflaccus01horauoft_0493.png"; bbox 0 0 1997 3219; ppageno 0'>
   <div class='ocr_carea' id='block_1_1' title="bbox 739 159 893 190">
    <p class='ocr_par' dir='ltr' id='par_1_1' title="bbox 739 159 893 190">
     <span class='ocr_line' id='line_1_1' title="bbox 739 159 893 190; baseline 0 0"><span class='ocrx_word' id='word_1_1' title='bbox 739 159 814 190; x_wconf 81' lang='lat' dir='ltr'>LlB.</span> <span class='ocrx_word' id='word_1_2' title='bbox 841 160 893 190; x_wconf 91' lang='lat' dir='ltr'>lll.</span> 
     </span>
    </p>
   </div>
   <div class='ocr_carea' id='block_1_2' title="bbox 942 160 1631 202">
    <p class='ocr_par' dir='ltr' id='par_1_2' title="bbox 942 160 1631 202">
     <span class='ocr_line' id='line_1_2' title="bbox 942 160 1631 202; baseline 0.004 -12"><span class='ocrx_word' id='word_1_3' title='bbox 942 160 978 190; x_wconf 82' lang='lat' dir='ltr'>C.</span> <span class='ocrx_word' id='word_1_4' title='bbox 1006 160 1088 191; x_wconf 81' lang='lat' dir='ltr'>xvi.</span> <span class='ocrx_word' id='word_1_5' title='bbox 1551 161 1631 202; x_wconf 70' lang='lat'>439</span> 
     </span>
    </p>
   </div>
   <div class='ocr_carea' id='block_1_3' title="bbox 483 285 1093 343">
    <p class='ocr_par' dir='ltr' id='par_1_3' title="bbox 483 285 1093 343">
     <span class='ocr_line' id='line_1_3' title="bbox 483 285 1093 343; baseline 0.002 -15"><span class='ocrx_word' id='word_1_6' title='bbox 483 286 687 328; x_wconf 84' lang='lat' dir='ltr'>Crescunt</span> <span class='ocrx_word' id='word_1_7' title='bbox 716 285 872 328; x_wconf 75' lang='lat' dir='ltr'>vellera</span> <span class='ocrx_word' id='word_1_8' title='bbox 902 287 1093 343; x_wconf 80' lang='lat' dir='ltr'>pascuis,</span> 
     </span>
    </p>
   </div>
   <div class='ocr_carea' id='block_1_4' title="bbox 371 391 1202 448">
    <p class='ocr_par' dir='ltr' id='par_1_4' title="bbox 371 391 1202 448">
     <span class='ocr_line' id='line_1_4' title="bbox 371 391 1202 448; baseline 0 -16"><span class='ocrx_word' id='word_1_9' title='bbox 371 392 610 447; x_wconf 85' lang='lat' dir='ltr'>Importuna</span> <span class='ocrx_word' id='word_1_10' title='bbox 640 397 779 433; x_wconf 86' lang='lat' dir='ltr'>tamen</span> <span class='ocrx_word' id='word_1_11' title='bbox 809 391 1035 448; x_wconf 82' lang='lat' dir='ltr'>pauperies</span> <span class='ocrx_word' id='word_1_12' title='bbox 1066 391 1202 438; x_wconf 85' lang='lat' dir='ltr'>abest,</span> 
     </span>
    </p>
   </div>
   <div class='ocr_carea' id='block_1_5' title="bbox 367 471 1304 529">
    <p class='ocr_par' dir='ltr' id='par_1_5' title="bbox 367 471 1304 529">
     <span class='ocr_line' id='line_1_5' title="bbox 367 471 1304 529; baseline 0 -16"><span class='ocrx_word' id='word_1_13' title='bbox 367 472 472 519; x_wconf 85' lang='lat' dir='ltr'>Nec,</span> <span class='ocrx_word' id='word_1_14' title='bbox 507 471 541 513; x_wconf 88' lang='lat' dir='ltr'>si</span> <span class='ocrx_word' id='word_1_15' title='bbox 573 471 693 527; x_wconf 85' lang='lat' dir='ltr'>plura</span> <span class='ocrx_word' id='word_1_16' title='bbox 724 471 869 520; x_wconf 77' lang='lat' dir='ltr'>velim,</span> <span class='ocrx_word' id='word_1_17' title='bbox 901 478 944 513; x_wconf 93' lang='lat' dir='ltr'>tu</span> <span class='ocrx_word' id='word_1_18' title='bbox 974 472 1076 514; x_wconf 86' lang='lat' dir='ltr'>dare</span> <span class='ocrx_word' id='word_1_19' title='bbox 1107 472 1304 529; x_wconf 80' lang='lat' dir='ltr'>deneges.</span> 
     </span>
    </p>
   </div>
   <div class='ocr_carea' id='block_1_6' title="bbox 371 551 1164 608">
    <p class='ocr_par' dir='ltr' id='par_1_6' title="bbox 371 551 1164 608">
     <span class='ocr_line' id='line_1_6' title="bbox 371 551 1164 608; baseline 0.001 -14"><span class='ocrx_word' id='word_1_20' title='bbox 371 552 593 594; x_wconf 89' lang='lat' dir='ltr'>Contracto</span> <span class='ocrx_word' id='word_1_21' title='bbox 624 551 776 594; x_wconf 89' lang='lat' dir='ltr'>melius</span> <span class='ocrx_word' id='word_1_22' title='bbox 807 566 937 608; x_wconf 86' lang='lat' dir='ltr'>parva</span> <span class='ocrx_word' id='word_1_23' title='bbox 967 552 1164 608; x_wconf 88' lang='lat' dir='ltr'>cupidine</span> 
     </span>
    </p>
   </div>
   <div class='ocr_carea' id='block_1_7' title="bbox 476 631 964 689">
    <p class='ocr_par' dir='ltr' id='par_1_7' title="bbox 476 631 964 689">
     <span class='ocr_line' id='line_1_7' title="bbox 476 631 964 689; baseline 0 -16"><span class='ocrx_word' id='word_1_24' title='bbox 476 631 703 689; x_wconf 79' lang='lat' dir='ltr'>Vectigalia</span> <span class='ocrx_word' id='word_1_25' title='bbox 731 633 964 689; x_wconf 77' lang='lat' dir='ltr'>porrigam,</span> 
     </span>
    </p>
   </div>
   <div class='ocr_carea' id='block_1_8' title="bbox 1580 636 1632 677">
    <p class='ocr_par' dir='ltr' id='par_1_8' title="bbox 1580 636 1632 677">
     <span class='ocr_line' id='line_1_8' title="bbox 1580 636 1632 677; baseline -0.019 0"><span class='ocrx_word' id='word_1_26' title='bbox 1580 636 1632 677; x_wconf 69' lang='lat'>40</span> 
     </span>
    </p>
   </div>
   <div class='ocr_carea' id='block_1_9' title="bbox 371 736 1260 795">
    <p class='ocr_par' dir='ltr' id='par_1_9' title="bbox 371 736 1260 795">
     <span class='ocr_line' id='line_1_9' title="bbox 371 736 1260 795; baseline 0 -16"><span class='ocrx_word' id='word_1_27' title='bbox 371 738 507 788; x_wconf 86' lang='lat' dir='ltr'>Quam</span> <span class='ocrx_word' id='word_1_28' title='bbox 538 737 572 779; x_wconf 89' lang='lat' dir='ltr'>si</span> <span class='ocrx_word' id='word_1_29' title='bbox 604 736 843 795; x_wconf 77' lang='lat' dir='ltr'>Mygdoniis</span> <span class='ocrx_word' id='word_1_30' title='bbox 875 750 1053 793; x_wconf 90' lang='lat' dir='ltr'>regnum</span> <span class='ocrx_word' id='word_1_31' title='bbox 1082 737 1260 795; x_wconf 76' lang='lat' dir='ltr'>Alyattei</span> 
     </span>
    </p>
   </div>
   <div class='ocr_carea' id='block_1_10' title="bbox 241 848 1590 939">
    <p class='ocr_par' dir='ltr' id='par_1_10' title="bbox 241 848 1590 939">
     <span class='ocr_line' id='line_1_10' title="bbox 283 848 1590 891; baseline 0.002 -10"><span class='ocrx_word' id='word_1_32' title='bbox 283 849 334 882; x_wconf 88' lang='lat'>38.</span> <span class='ocrx_word' id='word_1_33' title='bbox 361 851 409 882; x_wconf 82' lang='lat' dir='ltr'>Ne</span> <span class='ocrx_word' id='word_1_34' title='bbox 431 851 467 882; x_wconf 89' lang='lat' dir='ltr'>T.</span> <span class='ocrx_word' id='word_1_35' title='bbox 497 869 531 872; x_wconf 97' lang='lat'><strong>—</strong></span> <span class='ocrx_word' id='word_1_36' title='bbox 559 849 611 881; x_wconf 84' lang='grc'>39.</span> <span class='ocrx_word' id='word_1_37' title='bbox 639 849 817 881; x_wconf 82' lang='lat' dir='ltr'>Contracta</span> <span class='ocrx_word' id='word_1_38' title='bbox 847 858 877 880; x_wconf 90' lang='lat' dir='ltr'>c.</span> <span class='ocrx_word' id='word_1_39' title='bbox 906 850 986 890; x_wconf 88' lang='lat' dir='ltr'>(non</span> <span class='ocrx_word' id='word_1_40' title='bbox 1010 848 1109 890; x_wconf 89' lang='lat' dir='ltr'>bST.)</span> <span class='ocrx_word' id='word_1_41' title='bbox 1137 867 1173 872; x_wconf 95' lang='lat'><strong>—</strong></span> <span class='ocrx_word' id='word_1_42' title='bbox 1206 850 1259 883; x_wconf 84' lang='grc'>41.</span> <span class='ocrx_word' id='word_1_43' title='bbox 1285 851 1443 883; x_wconf 78' lang='lat' dir='ltr'>Haliatici</span> <span class='ocrx_word' id='word_1_44' title='bbox 1467 853 1506 891; x_wconf 83' lang='lat' dir='ltr'>S,</span> <span class='ocrx_word' id='word_1_45' title='bbox 1532 853 1590 884; x_wconf 87' lang='lat' dir='ltr'>ha-</span> 
     </span>
     <span class='ocr_line' id='line_1_11' title="bbox 241 898 961 939; baseline 0 -9"><span class='ocrx_word' id='word_1_46' title='bbox 241 899 357 930; x_wconf 72' lang='lat' dir='ltr'>liattici</span> <span class='ocrx_word' id='word_1_47' title='bbox 379 900 421 939; x_wconf 91' lang='lat' dir='ltr'>T,</span> <span class='ocrx_word' id='word_1_48' title='bbox 453 898 632 938; x_wconf 75' lang='lat' dir='ltr'>Halyattici</span> <span class='ocrx_word' id='word_1_49' title='bbox 656 899 698 938; x_wconf 84' lang='lat' dir='ltr'>L,</span> <span class='ocrx_word' id='word_1_50' title='bbox 730 899 885 937; x_wconf 68' lang='lat' dir='ltr'>Alyatcici</span> <span class='ocrx_word' id='word_1_51' title='bbox 910 899 961 930; x_wconf 85' lang='lat' dir='ltr'>Ct.</span> 
     </span>
    </p>
   </div>
   <div class='ocr_carea' id='block_1_11' title="bbox 191 990 893 2760">
    <p class='ocr_par' dir='ltr' id='par_1_11' title="bbox 197 990 893 1180">
     <span class='ocr_line' id='line_1_12' title="bbox 200 990 892 1032; baseline -0.001 -9"><span class='ocrx_word' id='word_1_52' title='bbox 200 992 346 1023; x_wconf 83' lang='lat' dir='ltr'>Gallicae</span> <span class='ocrx_word' id='word_1_53' title='bbox 371 992 415 1032; x_wconf 92' lang='lat' dir='ltr'>(in</span> <span class='ocrx_word' id='word_1_54' title='bbox 433 990 538 1023; x_wconf 88' lang='lat' dir='ltr'>Gallia</span> <span class='ocrx_word' id='word_1_55' title='bbox 567 990 750 1032; x_wconf 84' lang='lat' dir='ltr'>Cisalpina)</span> <span class='ocrx_word' id='word_1_56' title='bbox 787 999 892 1032; x_wconf 88' lang='lat' dir='ltr'>prae-</span> 
     </span>
     <span class='ocr_line' id='line_1_13' title="bbox 200 1040 889 1082; baseline 0 -10"><span class='ocrx_word' id='word_1_57' title='bbox 200 1042 300 1082; x_wconf 86' lang='lat' dir='ltr'>cipue</span> <span class='ocrx_word' id='word_1_58' title='bbox 331 1040 510 1073; x_wconf 77' lang='lat' dir='ltr'>AltInates.</span> <span class='ocrx_word' id='word_1_59' title='bbox 560 1040 694 1073; x_wconf 89' lang='lat' dir='ltr'>Colum.</span> <span class='ocrx_word' id='word_1_60' title='bbox 729 1041 767 1079; x_wconf 90' lang='lat'>7,</span> <span class='ocrx_word' id='word_1_61' title='bbox 793 1042 831 1079; x_wconf 74' lang='lat'>2,</span> <span class='ocrx_word' id='word_1_62' title='bbox 858 1040 889 1072; x_wconf 90' lang='lat'>3.</span> 
     </span>
     <span class='ocr_line' id='line_1_14' title="bbox 198 1089 893 1131; baseline -0.001 -9"><span class='ocrx_word' id='word_1_63' title='bbox 198 1090 283 1122; x_wconf 92' lang='lat' dir='ltr'>Plin.</span> <span class='ocrx_word' id='word_1_64' title='bbox 310 1090 350 1122; x_wconf 90' lang='lat' dir='ltr'>H.</span> <span class='ocrx_word' id='word_1_65' title='bbox 369 1091 408 1122; x_wconf 89' lang='lat' dir='ltr'>N.</span> <span class='ocrx_word' id='word_1_66' title='bbox 434 1090 472 1129; x_wconf 89' lang='lat'>8,</span> <span class='ocrx_word' id='word_1_67' title='bbox 498 1089 557 1122; x_wconf 77' lang='lat'>48:</span> <span class='ocrx_word' id='word_1_68' title='bbox 583 1091 665 1122; x_wconf 86' lang='lat' dir='ltr'>Alba</span> <span class='ocrx_word' id='word_1_69' title='bbox 688 1090 795 1131; x_wconf 82' lang='lat' dir='ltr'>(lana)</span> <span class='ocrx_word' id='word_1_70' title='bbox 818 1091 893 1122; x_wconf 80' lang='lat' dir='ltr'>Cir-</span> 
     </span>
     <span class='ocr_line' id='line_1_15' title="bbox 197 1139 748 1180; baseline 0 -9"><span class='ocrx_word' id='word_1_71' title='bbox 197 1140 413 1179; x_wconf 76' lang='lat' dir='ltr'>cumpadanis</span> <span class='ocrx_word' id='word_1_72' title='bbox 436 1139 525 1170; x_wconf 83' lang='lat' dir='ltr'>nulla</span> <span class='ocrx_word' id='word_1_73' title='bbox 545 1140 748 1180; x_wconf 75' lang='lat' dir='ltr'>praefertur.</span> 
     </span>
    </p>

    <p class='ocr_par' dir='ltr' id='par_1_12' title="bbox 191 1188 891 1876">
     <span class='ocr_line' id='line_1_16' title="bbox 240 1188 888 1230; baseline 0 -10"><span class='ocrx_word' id='word_1_74' title='bbox 240 1189 293 1220; x_wconf 77' lang='lat'>37.</span> <span class='ocrx_word' id='word_1_75' title='bbox 329 1189 519 1230; x_wconf 77' lang='lat' dir='ltr'>pauperies]</span> <span class='ocrx_word' id='word_1_76' title='bbox 546 1188 658 1220; x_wconf 89' lang='lat' dir='ltr'>Nolim</span> <span class='ocrx_word' id='word_1_77' title='bbox 685 1189 740 1220; x_wconf 90' lang='lat' dir='ltr'>hic</span> <span class='ocrx_word' id='word_1_78' title='bbox 769 1191 803 1220; x_wconf 88' lang='lat' dir='ltr'>et</span> <span class='ocrx_word' id='word_1_79' title='bbox 827 1189 888 1220; x_wconf 92' lang='lat' dir='ltr'>Od.</span> 
     </span>
     <span class='ocr_line' id='line_1_17' title="bbox 199 1237 890 1279; baseline 0 -10"><span class='ocrx_word' id='word_1_80' title='bbox 199 1239 235 1276; x_wconf 98' lang='grc'>1,</span> <span class='ocrx_word' id='word_1_81' title='bbox 275 1239 334 1277; x_wconf 70' lang='grc'>12,</span> <span class='ocrx_word' id='word_1_82' title='bbox 370 1237 423 1270; x_wconf 73' lang='lat'>43.</span> <span class='ocrx_word' id='word_1_83' title='bbox 465 1246 546 1269; x_wconf 90' lang='lat' dir='ltr'>cum</span> <span class='ocrx_word' id='word_1_84' title='bbox 581 1238 793 1279; x_wconf 89' lang='lat' dir='ltr'>quibusdam</span> <span class='ocrx_word' id='word_1_85' title='bbox 827 1247 890 1279; x_wconf 91' lang='lat' dir='ltr'>pro</span> 
     </span>
     <span class='ocr_line' id='line_1_18' title="bbox 198 1287 891 1328; baseline 0.001 -10"><span class='ocrx_word' id='word_1_86' title='bbox 198 1296 348 1328; x_wconf 84' lang='lat' dir='ltr'>persona</span> <span class='ocrx_word' id='word_1_87' title='bbox 370 1287 576 1328; x_wconf 79' lang='lat' dir='ltr'>pauperiem</span> <span class='ocrx_word' id='word_1_88' title='bbox 600 1287 748 1326; x_wconf 84' lang='lat' dir='ltr'>habere,</span> <span class='ocrx_word' id='word_1_89' title='bbox 776 1288 814 1318; x_wconf 88' lang='lat' dir='ltr'>ut</span> <span class='ocrx_word' id='word_1_90' title='bbox 837 1289 891 1319; x_wconf 88' lang='lat' dir='ltr'>est</span> 
     </span>
     <span class='ocr_line' id='line_1_19' title="bbox 199 1335 887 1378; baseline 0.001 -11"><span class='ocrx_word' id='word_1_91' title='bbox 199 1336 292 1377; x_wconf 87' lang='lat' dir='ltr'>apud</span> <span class='ocrx_word' id='word_1_92' title='bbox 315 1335 493 1368; x_wconf 86' lang='lat' dir='ltr'>Platonem</span> <span class='ocrx_word' id='word_1_93' title='bbox 516 1337 549 1368; x_wconf 90' lang='lat' dir='ltr'>in</span> <span class='ocrx_word' id='word_1_94' title='bbox 567 1337 686 1378; x_wconf 85' lang='lat' dir='ltr'>Symp.</span> <span class='ocrx_word' id='word_1_95' title='bbox 705 1346 738 1378; x_wconf 91' lang='lat' dir='ltr'>p.</span> <span class='ocrx_word' id='word_1_96' title='bbox 757 1337 832 1368; x_wconf 71' lang='lat'>⁶203.</span> <span class='ocrx_word' id='word_1_97' title='bbox 850 1338 887 1368; x_wconf 88' lang='lat' dir='ltr'>B.</span> 
     </span>
     <span class='ocr_line' id='line_1_20' title="bbox 197 1385 889 1424; baseline -0.001 -6"><span class='ocrx_word' id='word_1_98' title='bbox 197 1387 332 1418; x_wconf 84' lang='lat' dir='ltr'>Amoris</span> <span class='ocrx_word' id='word_1_99' title='bbox 362 1389 492 1424; x_wconf 83' lang='lat' dir='ltr'>mater,</span> <span class='ocrx_word' id='word_1_100' title='bbox 531 1388 565 1417; x_wconf 85' lang='lat' dir='ltr'>et</span> <span class='ocrx_word' id='word_1_101' title='bbox 588 1387 657 1418; x_wconf 85' lang='lat' dir='ltr'>iam</span> <span class='ocrx_word' id='word_1_102' title='bbox 681 1388 759 1418; x_wconf 85' lang='lat' dir='ltr'>ante</span> <span class='ocrx_word' id='word_1_103' title='bbox 783 1385 889 1418; x_wconf 75' lang='lat' dir='ltr'>veluti</span> 
     </span>
     <span class='ocr_line' id='line_1_21' title="bbox 198 1435 886 1476; baseline 0 -9"><span class='ocrx_word' id='word_1_104' title='bbox 198 1435 263 1467; x_wconf 86' lang='lat' dir='ltr'>dea</span> <span class='ocrx_word' id='word_1_105' title='bbox 289 1435 436 1468; x_wconf 82' lang='lat' dir='ltr'>molesta</span> <span class='ocrx_word' id='word_1_106' title='bbox 460 1436 649 1476; x_wconf 81' lang='lat' dir='ltr'>Theognidi</span> <span class='ocrx_word' id='word_1_107' title='bbox 677 1445 710 1467; x_wconf 75' lang='lat' dir='ltr'>v,</span> <span class='ocrx_word' id='word_1_108' title='bbox 737 1436 811 1467; x_wconf 80' lang='grc'>351.</span> <span class='ocrx_word' id='word_1_109' title='bbox 838 1437 886 1467; x_wconf 87' lang='lat' dir='ltr'>B:</span> 
     </span>
     <span class='ocr_line' id='line_1_22' title="bbox 191 1479 889 1531; baseline 0.001 -15"><span class='ocrx_word' id='word_1_110' title='bbox 191 1479 227 1516; x_wconf 66' lang='lat' dir='ltr'>&#39;A</span> <span class='ocrx_word' id='word_1_111' title='bbox 250 1482 353 1526; x_wconf 75' lang='grc' dir='ltr'><em>δειλὴ</em></span> <span class='ocrx_word' id='word_1_112' title='bbox 378 1486 486 1526; x_wconf 76' lang='grc' dir='ltr'><em>πενίη</em></span> <span class='ocrx_word' id='word_1_113' title='bbox 501 1509 509 1523; x_wconf 85' lang='grc'>,</span> <span class='ocrx_word' id='word_1_114' title='bbox 544 1486 579 1517; x_wconf 81' lang='grc' dir='ltr'>τί</span> <span class='ocrx_word' id='word_1_115' title='bbox 610 1485 736 1526; x_wconf 79' lang='grc' dir='ltr'><em>μένεις</em></span> <span class='ocrx_word' id='word_1_116' title='bbox 759 1485 889 1531; x_wconf 74' lang='grc' dir='ltr'><em>προλι-</em></span> 
     </span>
     <span class='ocr_line' id='line_1_23' title="bbox 195 1530 887 1580; baseline 0.003 -15"><span class='ocrx_word' id='word_1_117' title='bbox 195 1532 324 1566; x_wconf 74' lang='grc' dir='ltr'><em>ποῦσα</em></span> <span class='ocrx_word' id='word_1_118' title='bbox 357 1536 442 1580; x_wconf 73' lang='grc' dir='ltr'>παρ’</span> <span class='ocrx_word' id='word_1_119' title='bbox 477 1530 594 1566; x_wconf 77' lang='grc' dir='ltr'><em>ἄλλον</em></span> <span class='ocrx_word' id='word_1_120' title='bbox 614 1531 731 1579; x_wconf 69' lang='grc' dir='ltr'>”Ἀνδρ’</span> <span class='ocrx_word' id='word_1_121' title='bbox 769 1536 887 1573; x_wconf 56' lang='lat' dir='ltr'>favam</span> 
     </span>
     <span class='ocr_line' id='line_1_24' title="bbox 194 1579 885 1626; baseline 0.004 -12"><span class='ocrx_word' id='word_1_122' title='bbox 194 1581 250 1625; x_wconf 81' lang='grc' dir='ltr'>μὴ</span> <span class='ocrx_word' id='word_1_123' title='bbox 285 1581 331 1625; x_wconf 83' lang='grc' dir='ltr'>δή</span> <span class='ocrx_word' id='word_1_124' title='bbox 364 1585 403 1626; x_wconf 77' lang='grc' dir='ltr'>μ’</span> <span class='ocrx_word' id='word_1_125' title='bbox 439 1579 510 1615; x_wconf 82' lang='grc' dir='ltr'>οὐκ</span> <span class='ocrx_word' id='word_1_126' title='bbox 549 1583 731 1616; x_wconf 77' lang='grc' dir='ltr'>ἐθέλοντα</span> <span class='ocrx_word' id='word_1_127' title='bbox 761 1584 885 1625; x_wconf 80' lang='grc' dir='ltr'>φίλει,</span> 
     </span>
     <span class='ocr_line' id='line_1_25' title="bbox 191 1629 886 1675; baseline 0.004 -11"><span class='ocrx_word' id='word_1_128' title='bbox 191 1629 280 1665; x_wconf 73' lang='grc' dir='ltr'>Ἀλλ’</span> <span class='ocrx_word' id='word_1_129' title='bbox 305 1632 360 1665; x_wconf 69' lang='grc' dir='ltr'>ἴθι</span> <span class='ocrx_word' id='word_1_130' title='bbox 390 1633 455 1664; x_wconf 79' lang='grc' dir='ltr'>καὶ</span> <span class='ocrx_word' id='word_1_131' title='bbox 489 1630 610 1675; x_wconf 79' lang='grc' dir='ltr'><em>δόμον</em></span> <span class='ocrx_word' id='word_1_132' title='bbox 643 1630 758 1665; x_wconf 76' lang='grc' dir='ltr'><em>ἄλλον</em></span> <span class='ocrx_word' id='word_1_133' title='bbox 781 1634 886 1668; x_wconf 78' lang='grc' dir='ltr'><strong><em>ἐποί-</em></strong></span> 
     </span>
     <span class='ocr_line' id='line_1_26' title="bbox 196 1679 887 1725; baseline 0.003 -10"><span class='ocrx_word' id='word_1_134' title='bbox 196 1693 283 1722; x_wconf 82' lang='grc' dir='ltr'>χεο,</span> <span class='ocrx_word' id='word_1_135' title='bbox 307 1682 404 1725; x_wconf 79' lang='grc' dir='ltr'><em>μηδὲ</em></span> <span class='ocrx_word' id='word_1_136' title='bbox 429 1683 515 1724; x_wconf 78' lang='grc' dir='ltr'>μεθ’</span> <span class='ocrx_word' id='word_1_137' title='bbox 541 1679 670 1725; x_wconf 77' lang='grc' dir='ltr'><em>ἡμέων</em></span> <span class='ocrx_word' id='word_1_138' title='bbox 693 1683 773 1717; x_wconf 83' lang='grc' dir='ltr'><em>Αἰεὶ</em></span> <span class='ocrx_word' id='word_1_139' title='bbox 795 1683 887 1717; x_wconf 83' lang='grc' dir='ltr'><em>δυσ-</em></span> 
     </span>
     <span class='ocr_line' id='line_1_27' title="bbox 194 1730 887 1775; baseline 0.004 -11"><span class='ocrx_word' id='word_1_140' title='bbox 194 1730 312 1774; x_wconf 81' lang='grc' dir='ltr'><em>τήνου</em></span> <span class='ocrx_word' id='word_1_141' title='bbox 329 1731 438 1765; x_wconf 83' lang='grc' dir='ltr'>τοῦδε</span> <span class='ocrx_word' id='word_1_142' title='bbox 453 1732 542 1771; x_wconf 85' lang='grc' dir='ltr'><em>βίου</em></span> <span class='ocrx_word' id='word_1_143' title='bbox 563 1734 709 1774; x_wconf 79' lang='grc' dir='ltr'><strong><em>μέτεχε.</em></strong></span> <span class='ocrx_word' id='word_1_144' title='bbox 756 1736 887 1775; x_wconf 75' lang='lat' dir='ltr'>Impor-</span> 
     </span>
     <span class='ocr_line' id='line_1_28' title="bbox 194 1784 882 1823; baseline 0.004 -9"><span class='ocrx_word' id='word_1_145' title='bbox 194 1787 275 1814; x_wconf 81' lang='lat' dir='ltr'>tuna</span> <span class='ocrx_word' id='word_1_146' title='bbox 299 1785 417 1815; x_wconf 87' lang='lat' dir='ltr'>autem</span> <span class='ocrx_word' id='word_1_147' title='bbox 441 1784 639 1823; x_wconf 77' lang='lat' dir='ltr'>pauperies,</span> <span class='ocrx_word' id='word_1_148' title='bbox 676 1786 715 1816; x_wconf 85' lang='lat' dir='ltr'>ut</span> <span class='ocrx_word' id='word_1_149' title='bbox 741 1785 882 1818; x_wconf 91' lang='lat' dir='ltr'>Hesiod.</span> 
     </span>
     <span class='ocr_line' id='line_1_29' title="bbox 195 1828 825 1876; baseline 0.003 -12"><span class='ocrx_word' id='word_1_150' title='bbox 195 1833 322 1873; x_wconf 83' lang='lat' dir='ltr'>Theog.</span> <span class='ocrx_word' id='word_1_151' title='bbox 343 1832 424 1864; x_wconf 74' lang='lat'>593:</span> <span class='ocrx_word' id='word_1_152' title='bbox 452 1828 664 1875; x_wconf 72' lang='grc' dir='ltr'><em>οὗλομένης</em></span> <span class='ocrx_word' id='word_1_153' title='bbox 685 1835 825 1876; x_wconf 76' lang='grc' dir='ltr'><em>πενίης.</em></span> 
     </span>
    </p>

    <p class='ocr_par' dir='ltr' id='par_1_13' title="bbox 194 1882 888 2564">
     <span class='ocr_line' id='line_1_30' title="bbox 237 1882 884 1924; baseline 0.006 -11"><span class='ocrx_word' id='word_1_154' title='bbox 237 1882 289 1914; x_wconf 89' lang='grc'>38.</span> <span class='ocrx_word' id='word_1_155' title='bbox 314 1882 399 1919; x_wconf 79' lang='lat' dir='ltr'>Nec,</span> <span class='ocrx_word' id='word_1_156' title='bbox 425 1882 469 1923; x_wconf 73' lang='lat' dir='ltr'>si]</span> <span class='ocrx_word' id='word_1_157' title='bbox 494 1883 588 1915; x_wconf 88' lang='lat' dir='ltr'>Haec</span> <span class='ocrx_word' id='word_1_158' title='bbox 610 1892 716 1924; x_wconf 88' lang='lat' dir='ltr'>quam</span> <span class='ocrx_word' id='word_1_159' title='bbox 733 1885 884 1917; x_wconf 79' lang='lat' dir='ltr'>maxime</span> 
     </span>
     <span class='ocr_line' id='line_1_31' title="bbox 194 1930 886 1972; baseline 0.007 -11"><span class='ocrx_word' id='word_1_160' title='bbox 194 1930 343 1972; x_wconf 87' lang='lat' dir='ltr'>probant</span> <span class='ocrx_word' id='word_1_161' title='bbox 365 1939 428 1971; x_wconf 89' lang='lat' dir='ltr'>per</span> <span class='ocrx_word' id='word_1_162' title='bbox 449 1933 560 1963; x_wconf 89' lang='lat' dir='ltr'>totum</span> <span class='ocrx_word' id='word_1_163' title='bbox 585 1941 728 1966; x_wconf 88' lang='lat' dir='ltr'>carmen</span> <span class='ocrx_word' id='word_1_164' title='bbox 752 1943 793 1965; x_wconf 79' lang='lat' dir='ltr'>ex</span> <span class='ocrx_word' id='word_1_165' title='bbox 811 1935 886 1966; x_wconf 91' lang='lat' dir='ltr'>ani-</span> 
     </span>
     <span class='ocr_line' id='line_1_32' title="bbox 194 1979 886 2015; baseline 0.004 -3"><span class='ocrx_word' id='word_1_166' title='bbox 194 1981 243 2012; x_wconf 89' lang='lat' dir='ltr'>mi</span> <span class='ocrx_word' id='word_1_167' title='bbox 278 1981 449 2012; x_wconf 79' lang='lat' dir='ltr'>sententia</span> <span class='ocrx_word' id='word_1_168' title='bbox 484 1979 639 2013; x_wconf 81' lang='lat' dir='ltr'>locutum</span> <span class='ocrx_word' id='word_1_169' title='bbox 672 1991 749 2014; x_wconf 87' lang='lat' dir='ltr'>esse</span> <span class='ocrx_word' id='word_1_170' title='bbox 774 1983 886 2015; x_wconf 89' lang='lat' dir='ltr'>Hora-</span> 
     </span>
     <span class='ocr_line' id='line_1_33' title="bbox 195 2031 887 2070; baseline 0.006 -9"><span class='ocrx_word' id='word_1_171' title='bbox 195 2031 298 2068; x_wconf 80' lang='lat' dir='ltr'>tium,</span> <span class='ocrx_word' id='word_1_172' title='bbox 336 2038 560 2070; x_wconf 85' lang='lat' dir='ltr'>nequaquam</span> <span class='ocrx_word' id='word_1_173' title='bbox 582 2040 685 2069; x_wconf 80' lang='lat' dir='ltr'>vero,</span> <span class='ocrx_word' id='word_1_174' title='bbox 727 2033 764 2063; x_wconf 89' lang='lat' dir='ltr'>ut</span> <span class='ocrx_word' id='word_1_175' title='bbox 798 2042 887 2065; x_wconf 92' lang='lat' dir='ltr'>non-</span> 
     </span>
     <span class='ocr_line' id='line_1_34' title="bbox 194 2078 888 2117; baseline 0.004 -6"><span class='ocrx_word' id='word_1_176' title='bbox 194 2078 293 2111; x_wconf 89' lang='lat' dir='ltr'>nullis</span> <span class='ocrx_word' id='word_1_177' title='bbox 310 2079 423 2110; x_wconf 71' lang='lat' dir='ltr'>visum</span> <span class='ocrx_word' id='word_1_178' title='bbox 440 2081 511 2117; x_wconf 85' lang='lat' dir='ltr'>est,</span> <span class='ocrx_word' id='word_1_179' title='bbox 531 2081 786 2113; x_wconf 81' lang='lat' dir='ltr'>exercitationis</span> <span class='ocrx_word' id='word_1_180' title='bbox 804 2091 888 2114; x_wconf 89' lang='lat' dir='ltr'>cau-</span> 
     </span>
     <span class='ocr_line' id='line_1_35' title="bbox 194 2127 887 2164; baseline 0.004 -3"><span class='ocrx_word' id='word_1_181' title='bbox 194 2138 232 2161; x_wconf 89' lang='lat' dir='ltr'>sa</span> <span class='ocrx_word' id='word_1_182' title='bbox 256 2127 365 2159; x_wconf 89' lang='lat' dir='ltr'>bellas</span> <span class='ocrx_word' id='word_1_183' title='bbox 387 2128 582 2160; x_wconf 84' lang='lat' dir='ltr'>Stoicorum</span> <span class='ocrx_word' id='word_1_184' title='bbox 605 2130 830 2164; x_wconf 84' lang='lat' dir='ltr'>sententiolas</span> <span class='ocrx_word' id='word_1_185' title='bbox 853 2133 887 2164; x_wconf 92' lang='lat' dir='ltr'>in</span> 
     </span>
     <span class='ocr_line' id='line_1_36' title="bbox 194 2176 888 2213; baseline 0.006 -4"><span class='ocrx_word' id='word_1_186' title='bbox 194 2186 304 2210; x_wconf 91' lang='lat' dir='ltr'>unum</span> <span class='ocrx_word' id='word_1_187' title='bbox 321 2176 520 2210; x_wconf 83' lang='lat' dir='ltr'>contulisse.</span> <span class='ocrx_word' id='word_1_188' title='bbox 553 2195 590 2200; x_wconf 92' lang='lat'>—</span> <span class='ocrx_word' id='word_1_189' title='bbox 620 2179 709 2211; x_wconf 88' lang='lat' dir='ltr'>Sane</span> <span class='ocrx_word' id='word_1_190' title='bbox 732 2180 813 2212; x_wconf 89' lang='lat' dir='ltr'>nihil</span> <span class='ocrx_word' id='word_1_191' title='bbox 837 2181 888 2213; x_wconf 84' lang='lat' dir='ltr'>sa-</span> 
     </span>
     <span class='ocr_line' id='line_1_37' title="bbox 195 2227 888 2268; baseline 0.004 -9"><span class='ocrx_word' id='word_1_192' title='bbox 195 2227 292 2259; x_wconf 90' lang='lat' dir='ltr'>cilius</span> <span class='ocrx_word' id='word_1_193' title='bbox 315 2227 345 2258; x_wconf 90' lang='lat' dir='ltr'>ei</span> <span class='ocrx_word' id='word_1_194' title='bbox 370 2227 491 2259; x_wconf 82' lang='lat' dir='ltr'>suisset</span> <span class='ocrx_word' id='word_1_195' title='bbox 515 2236 623 2268; x_wconf 90' lang='lat' dir='ltr'>quam</span> <span class='ocrx_word' id='word_1_196' title='bbox 645 2228 804 2261; x_wconf 86' lang='lat' dir='ltr'>obtinere</span> <span class='ocrx_word' id='word_1_197' title='bbox 833 2230 888 2262; x_wconf 76' lang='lat' dir='ltr'>vel</span> 
     </span>
     <span class='ocr_line' id='line_1_38' title="bbox 195 2276 887 2320; baseline 0.006 -12"><span class='ocrx_word' id='word_1_198' title='bbox 195 2286 214 2309; x_wconf 88' lang='lat' dir='ltr'>a</span> <span class='ocrx_word' id='word_1_199' title='bbox 239 2278 439 2308; x_wconf 81' lang='lat' dir='ltr'>Maecenate</span> <span class='ocrx_word' id='word_1_200' title='bbox 470 2276 524 2308; x_wconf 88' lang='lat' dir='ltr'>vel</span> <span class='ocrx_word' id='word_1_201' title='bbox 554 2277 598 2309; x_wconf 89' lang='lat' dir='ltr'>ab</span> <span class='ocrx_word' id='word_1_202' title='bbox 627 2279 703 2319; x_wconf 90' lang='lat' dir='ltr'>ipso</span> <span class='ocrx_word' id='word_1_203' title='bbox 733 2281 887 2320; x_wconf 79' lang='lat' dir='ltr'>Augusto</span> 
     </span>
     <span class='ocr_line' id='line_1_39' title="bbox 196 2325 887 2366; baseline 0.006 -9"><span class='ocrx_word' id='word_1_204' title='bbox 196 2326 408 2358; x_wconf 79' lang='lat' dir='ltr'>fructuosius</span> <span class='ocrx_word' id='word_1_205' title='bbox 443 2325 582 2366; x_wconf 85' lang='lat' dir='ltr'>aliquod</span> <span class='ocrx_word' id='word_1_206' title='bbox 627 2329 662 2359; x_wconf 85' lang='lat' dir='ltr'>et</span> <span class='ocrx_word' id='word_1_207' title='bbox 705 2330 887 2361; x_wconf 87' lang='lat' dir='ltr'>amoenius</span> 
     </span>
     <span class='ocr_line' id='line_1_40' title="bbox 197 2376 887 2416; baseline 0.004 -10"><span class='ocrx_word' id='word_1_208' title='bbox 197 2376 380 2416; x_wconf 87' lang='lat' dir='ltr'>praedium</span> <span class='ocrx_word' id='word_1_209' title='bbox 413 2377 554 2416; x_wconf 85' lang='lat' dir='ltr'>praeter</span> <span class='ocrx_word' id='word_1_210' title='bbox 590 2376 778 2416; x_wconf 85' lang='lat' dir='ltr'>Sabinum,</span> <span class='ocrx_word' id='word_1_211' title='bbox 823 2378 887 2411; x_wconf 88' lang='lat' dir='ltr'>scd</span> 
     </span>
     <span class='ocr_line' id='line_1_41' title="bbox 197 2424 884 2467; baseline 0.004 -11"><span class='ocrx_word' id='word_1_212' title='bbox 197 2424 301 2456; x_wconf 89' lang='lat' dir='ltr'>noluit</span> <span class='ocrx_word' id='word_1_213' title='bbox 322 2425 454 2456; x_wconf 66' lang='lat' dir='ltr'>divitias</span> <span class='ocrx_word' id='word_1_214' title='bbox 471 2426 672 2464; x_wconf 79' lang='lat' dir='ltr'>operosiores</span> <span class='ocrx_word' id='word_1_215' title='bbox 689 2428 884 2467; x_wconf 85' lang='lat' dir='ltr'>acquirere.</span> 
     </span>
     <span class='ocr_line' id='line_1_42' title="bbox 196 2474 888 2516; baseline 0.007 -13"><span class='ocrx_word' id='word_1_216' title='bbox 196 2475 265 2506; x_wconf 83' lang='lat' dir='ltr'>Cir.</span> <span class='ocrx_word' id='word_1_217' title='bbox 295 2474 402 2515; x_wconf 81' lang='lat' dir='ltr'>Epod.</span> <span class='ocrx_word' id='word_1_218' title='bbox 434 2475 471 2511; x_wconf 89' lang='grc'>1,</span> <span class='ocrx_word' id='word_1_219' title='bbox 501 2475 563 2505; x_wconf 81' lang='grc'>31;</span> <span class='ocrx_word' id='word_1_220' title='bbox 610 2476 699 2506; x_wconf 78' lang='lat' dir='ltr'>Satis</span> <span class='ocrx_word' id='word_1_221' title='bbox 727 2486 888 2516; x_wconf 77' lang='lat' dir='ltr'>superque</span> 
     </span>
     <span class='ocr_line' id='line_1_43' title="bbox 194 2523 688 2564; baseline 0.006 -11"><span class='ocrx_word' id='word_1_222' title='bbox 194 2532 245 2554; x_wconf 83' lang='lat' dir='ltr'>me</span> <span class='ocrx_word' id='word_1_223' title='bbox 267 2523 448 2564; x_wconf 60' lang='lat' dir='ltr'>benignitas</span> <span class='ocrx_word' id='word_1_224' title='bbox 471 2528 528 2554; x_wconf 78' lang='lat' dir='ltr'>tua</span> <span class='ocrx_word' id='word_1_225' title='bbox 551 2525 688 2556; x_wconf 15' lang='lat' dir='ltr'>Diluti-it.</span> 
     </span>
    </p>

    <p class='ocr_par' dir='ltr' id='par_1_14' title="bbox 194 2572 888 2760">
     <span class='ocr_line' id='line_1_44' title="bbox 239 2572 888 2616; baseline 0.003 -13"><span class='ocrx_word' id='word_1_226' title='bbox 239 2573 291 2604; x_wconf 82' lang='lat'>39.</span> <span class='ocrx_word' id='word_1_227' title='bbox 312 2572 362 2604; x_wconf 66' lang='lat'>40.</span> <span class='ocrx_word' id='word_1_228' title='bbox 390 2574 564 2604; x_wconf 75' lang='lat' dir='ltr'>Contracta</span> <span class='ocrx_word' id='word_1_229' title='bbox 579 2591 596 2596; x_wconf 92' lang='lat'><em>—</em></span> <span class='ocrx_word' id='word_1_230' title='bbox 613 2592 630 2596; x_wconf 97' lang='lat'>-</span> <span class='ocrx_word' id='word_1_231' title='bbox 646 2575 807 2616; x_wconf 75' lang='lat' dir='ltr'>cupidine]</span> <span class='ocrx_word' id='word_1_232' title='bbox 826 2575 888 2605; x_wconf 81' lang='lat' dir='ltr'>Cu-</span> 
     </span>
     <span class='ocr_line' id='line_1_45' title="bbox 194 2623 886 2664; baseline 0.004 -12"><span class='ocrx_word' id='word_1_233' title='bbox 194 2623 270 2661; x_wconf 77' lang='lat' dir='ltr'>pido</span> <span class='ocrx_word' id='word_1_234' title='bbox 297 2631 358 2662; x_wconf 86' lang='lat' dir='ltr'>pro</span> <span class='ocrx_word' id='word_1_235' title='bbox 381 2623 567 2663; x_wconf 83' lang='lat' dir='ltr'>cupiditate</span> <span class='ocrx_word' id='word_1_236' title='bbox 592 2632 734 2664; x_wconf 72' lang='lat' dir='ltr'>semper</span> <span class='ocrx_word' id='word_1_237' title='bbox 750 2625 886 2664; x_wconf 79' lang='lat' dir='ltr'>generis</span> 
     </span>
     <span class='ocr_line' id='line_1_46' title="bbox 199 2670 883 2712; baseline 0.001 -10"><span class='ocrx_word' id='word_1_238' title='bbox 199 2670 378 2703; x_wconf 83' lang='lat' dir='ltr'>masculini</span> <span class='ocrx_word' id='word_1_239' title='bbox 397 2674 447 2702; x_wconf 65' lang='lat' dir='ltr'>cst</span> <span class='ocrx_word' id='word_1_240' title='bbox 466 2672 556 2712; x_wconf 83' lang='lat' dir='ltr'>apud</span> <span class='ocrx_word' id='word_1_241' title='bbox 585 2673 774 2704; x_wconf 80' lang='lat' dir='ltr'>Horatium.</span> <span class='ocrx_word' id='word_1_242' title='bbox 816 2673 883 2704; x_wconf 78' lang='lat' dir='ltr'>Cir.</span> 
     </span>
     <span class='ocr_line' id='line_1_47' title="bbox 198 2721 883 2760; baseline 0.004 -9"><span class='ocrx_word' id='word_1_243' title='bbox 198 2721 241 2752; x_wconf 82' lang='lat' dir='ltr'>nd</span> <span class='ocrx_word' id='word_1_244' title='bbox 257 2722 317 2752; x_wconf 83' lang='lat' dir='ltr'>Od.</span> <span class='ocrx_word' id='word_1_245' title='bbox 340 2723 374 2760; x_wconf 74' lang='lat'>2,</span> <span class='ocrx_word' id='word_1_246' title='bbox 396 2723 451 2757; x_wconf 79' lang='grc'>16,</span> <span class='ocrx_word' id='word_1_247' title='bbox 475 2723 521 2753; x_wconf 75' lang='lat'>¹5.</span> <span class='ocrx_word' id='word_1_248' title='bbox 555 2722 728 2754; x_wconf 72' lang='lat' dir='ltr'>Contracta</span> <span class='ocrx_word' id='word_1_249' title='bbox 745 2724 860 2754; x_wconf 84' lang='lat' dir='ltr'>aulem</span> <span class='ocrx_word' id='word_1_250' title='bbox 879 2733 883 2753; x_wconf 82' lang='lat' dir='ltr'><em>z</em></span> 
     </span>
    </p>
   </div>
   <div class='ocr_carea' id='block_1_12' title="bbox 931 991 1635 2765">
    <p class='ocr_par' dir='ltr' id='par_1_15' title="bbox 931 991 1635 2369">
     <span class='ocr_line' id='line_1_48' title="bbox 945 991 1635 1035; baseline 0.006 -12"><span class='ocrx_word' id='word_1_251' title='bbox 945 992 1075 1024; x_wconf 83' lang='lat' dir='ltr'>«certis</span> <span class='ocrx_word' id='word_1_252' title='bbox 1110 991 1276 1025; x_wconf 85' lang='lat' dir='ltr'>limitibus</span> <span class='ocrx_word' id='word_1_253' title='bbox 1311 993 1576 1035; x_wconf 86' lang='lat' dir='ltr'>circumscripto</span> <span class='ocrx_word' id='word_1_254' title='bbox 1601 997 1635 1027; x_wconf 85' lang='lat' dir='ltr'>et</span> 
     </span>
     <span class='ocr_line' id='line_1_49' title="bbox 941 1039 1632 1076; baseline 0.007 -5"><span class='ocrx_word' id='word_1_255' title='bbox 941 1039 1047 1072; x_wconf 86' lang='lat' dir='ltr'>veluti</span> <span class='ocrx_word' id='word_1_256' title='bbox 1073 1043 1263 1073; x_wconf 85' lang='lat' dir='ltr'>coartato.»</span> <span class='ocrx_word' id='word_1_257' title='bbox 1316 1042 1485 1075; x_wconf 84' lang='lat' dir='ltr'>Stobaeus</span> <span class='ocrx_word' id='word_1_258' title='bbox 1510 1045 1542 1076; x_wconf 91' lang='lat' dir='ltr'>S.</span> <span class='ocrx_word' id='word_1_259' title='bbox 1569 1045 1632 1076; x_wconf 86' lang='lat'>39:</span> 
     </span>
     <span class='ocr_line' id='line_1_50' title="bbox 940 1088 1634 1137; baseline 0.007 -16"><span class='ocrx_word' id='word_1_260' title='bbox 940 1088 1158 1136; x_wconf 77' lang='grc' dir='ltr'><em>Ἐπίκουρος</em></span> <span class='ocrx_word' id='word_1_261' title='bbox 1193 1090 1416 1137; x_wconf 74' lang='grc' dir='ltr'>ἐρωτηθείς,</span> <span class='ocrx_word' id='word_1_262' title='bbox 1470 1093 1548 1134; x_wconf 81' lang='grc' dir='ltr'>πῶς</span> <span class='ocrx_word' id='word_1_263' title='bbox 1585 1090 1634 1126; x_wconf 81' lang='grc' dir='ltr'>ἄν</span> 
     </span>
     <span class='ocr_line' id='line_1_51' title="bbox 941 1138 1634 1183; baseline 0.007 -12"><span class='ocrx_word' id='word_1_264' title='bbox 941 1150 997 1180; x_wconf 81' lang='grc' dir='ltr'>τις</span> <span class='ocrx_word' id='word_1_265' title='bbox 1031 1138 1299 1183; x_wconf 80' lang='grc' dir='ltr'><em>πλουτήσειεν,</em></span> <span class='ocrx_word' id='word_1_266' title='bbox 1350 1138 1395 1174; x_wconf 76' lang='grc' dir='ltr'>οὐ</span> <span class='ocrx_word' id='word_1_267' title='bbox 1431 1146 1511 1183; x_wconf 81' lang='grc' dir='ltr'><em>τοῖς</em></span> <span class='ocrx_word' id='word_1_268' title='bbox 1545 1138 1634 1176; x_wconf 77' lang='grc' dir='ltr'><em>οὖσι</em></span> 
     </span>
     <span class='ocr_line' id='line_1_52' title="bbox 942 1186 1633 1238; baseline 0.004 -17"><span class='ocrx_word' id='word_1_269' title='bbox 942 1190 1159 1235; x_wconf 74' lang='grc' dir='ltr'><em>προστιθείς</em></span> <span class='ocrx_word' id='word_1_270' title='bbox 1173 1215 1181 1229; x_wconf 82' lang='lat'><strong>‚</strong></span> <span class='ocrx_word' id='word_1_271' title='bbox 1217 1186 1294 1234; x_wconf 63' lang='grc' dir='ltr'>ἔφη</span> <span class='ocrx_word' id='word_1_272' title='bbox 1309 1216 1318 1230; x_wconf 84' lang='grc'>,</span> <span class='ocrx_word' id='word_1_273' title='bbox 1349 1189 1417 1234; x_wconf 81' lang='grc' dir='ltr'>τῆς</span> <span class='ocrx_word' id='word_1_274' title='bbox 1440 1191 1480 1224; x_wconf 82' lang='grc' dir='ltr'>δὲ</span> <span class='ocrx_word' id='word_1_275' title='bbox 1502 1195 1633 1238; x_wconf 77' lang='grc' dir='ltr'><em>χρείας</em></span> 
     </span>
     <span class='ocr_line' id='line_1_53' title="bbox 939 1237 1630 1286; baseline 0.007 -16"><span class='ocrx_word' id='word_1_276' title='bbox 939 1237 986 1270; x_wconf 73' lang='grc' dir='ltr'>τά</span> <span class='ocrx_word' id='word_1_277' title='bbox 1001 1237 1122 1271; x_wconf 78' lang='grc' dir='ltr'><em>πολλὰ</em></span> <span class='ocrx_word' id='word_1_278' title='bbox 1135 1241 1373 1285; x_wconf 75' lang='grc' dir='ltr'><em>περιτέμνων.</em></span> <span class='ocrx_word' id='word_1_279' title='bbox 1391 1259 1427 1265; x_wconf 89' lang='grc'>-</span> <span class='ocrx_word' id='word_1_280' title='bbox 1444 1244 1630 1286; x_wconf 64' lang='lat' dir='ltr'>vectigalia]</span> 
     </span>
     <span class='ocr_line' id='line_1_54' title="bbox 939 1289 1633 1332; baseline 0.009 -13"><span class='ocrx_word' id='word_1_281' title='bbox 939 1289 1022 1320; x_wconf 91' lang='lat' dir='ltr'>Voc.</span> <span class='ocrx_word' id='word_1_282' title='bbox 1049 1298 1068 1320; x_wconf 94' lang='lat' dir='ltr'>a</span> <span class='ocrx_word' id='word_1_283' title='bbox 1092 1289 1262 1322; x_wconf 85' lang='lat' dir='ltr'>reditibus</span> <span class='ocrx_word' id='word_1_284' title='bbox 1285 1289 1434 1331; x_wconf 89' lang='lat' dir='ltr'>publicis</span> <span class='ocrx_word' id='word_1_285' title='bbox 1453 1291 1633 1332; x_wconf 82' lang='lat' dir='ltr'>paullatim</span> 
     </span>
     <span class='ocr_line' id='line_1_55' title="bbox 939 1337 1629 1379; baseline 0.009 -10"><span class='ocrx_word' id='word_1_286' title='bbox 939 1337 1102 1370; x_wconf 84' lang='lat' dir='ltr'>tralatum</span> <span class='ocrx_word' id='word_1_287' title='bbox 1125 1339 1169 1370; x_wconf 88' lang='lat' dir='ltr'>ad</span> <span class='ocrx_word' id='word_1_288' title='bbox 1192 1340 1356 1379; x_wconf 82' lang='lat' dir='ltr'>privatos.</span> <span class='ocrx_word' id='word_1_289' title='bbox 1406 1342 1476 1372; x_wconf 88' lang='lat' dir='ltr'>Cic.</span> <span class='ocrx_word' id='word_1_290' title='bbox 1501 1342 1545 1373; x_wconf 90' lang='lat' dir='ltr'>ad</span> <span class='ocrx_word' id='word_1_291' title='bbox 1560 1344 1629 1376; x_wconf 82' lang='lat' dir='ltr'>Att.</span> 
     </span>
     <span class='ocr_line' id='line_1_56' title="bbox 940 1387 1632 1431; baseline 0.009 -13"><span class='ocrx_word' id='word_1_292' title='bbox 940 1388 996 1426; x_wconf 72' lang='grc'>12,</span> <span class='ocrx_word' id='word_1_293' title='bbox 1030 1388 1093 1419; x_wconf 83' lang='grc'>19;</span> <span class='ocrx_word' id='word_1_294' title='bbox 1116 1387 1212 1420; x_wconf 81' lang='lat' dir='ltr'>&#39;Non</span> <span class='ocrx_word' id='word_1_295' title='bbox 1246 1398 1321 1430; x_wconf 70' lang='lat' dir='ltr'>eqeo</span> <span class='ocrx_word' id='word_1_296' title='bbox 1353 1391 1565 1431; x_wconf 64' lang='lat' dir='ltr'>vectigalibus</span> <span class='ocrx_word' id='word_1_297' title='bbox 1602 1396 1632 1424; x_wconf 79' lang='lat' dir='ltr'>et</span> 
     </span>
     <span class='ocr_line' id='line_1_57' title="bbox 932 1441 1630 1479; baseline 0.009 -11"><span class='ocrx_word' id='word_1_298' title='bbox 932 1446 1042 1477; x_wconf 65' lang='lat' dir='ltr'>parvo</span> <span class='ocrx_word' id='word_1_299' title='bbox 1087 1441 1255 1469; x_wconf 77' lang='lat' dir='ltr'>contentus</span> <span class='ocrx_word' id='word_1_300' title='bbox 1293 1447 1358 1470; x_wconf 83' lang='lat' dir='ltr'>esse</span> <span class='ocrx_word' id='word_1_301' title='bbox 1391 1449 1534 1479; x_wconf 79' lang='lat' dir='ltr'>possum.</span> <span class='ocrx_word' id='word_1_302' title='bbox 1586 1442 1630 1474; x_wconf 90' lang='lat' dir='ltr'>de</span> 
     </span>
     <span class='ocr_line' id='line_1_58' title="bbox 938 1486 1631 1530; baseline 0.007 -12"><span class='ocrx_word' id='word_1_303' title='bbox 938 1488 1020 1527; x_wconf 86' lang='lat' dir='ltr'>Rep.</span> <span class='ocrx_word' id='word_1_304' title='bbox 1046 1486 1083 1525; x_wconf 73' lang='lat'>4,</span> <span class='ocrx_word' id='word_1_305' title='bbox 1111 1487 1152 1518; x_wconf 75' lang='lat'>7:</span> <span class='ocrx_word' id='word_1_306' title='bbox 1194 1488 1360 1528; x_wconf 75' lang='lat' dir='ltr'>Optimum</span> <span class='ocrx_word' id='word_1_307' title='bbox 1383 1493 1412 1521; x_wconf 72' lang='lat' dir='ltr'>et</span> <span class='ocrx_word' id='word_1_308' title='bbox 1434 1490 1470 1521; x_wconf 84' lang='lat' dir='ltr'>in</span> <span class='ocrx_word' id='word_1_309' title='bbox 1489 1492 1631 1530; x_wconf 79' lang='lat' dir='ltr'>privatis</span> 
     </span>
     <span class='ocr_line' id='line_1_59' title="bbox 934 1536 1632 1582; baseline 0.007 -14"><span class='ocrx_word' id='word_1_310' title='bbox 934 1536 1070 1577; x_wconf 74' lang='lat' dir='ltr'>familiis</span> <span class='ocrx_word' id='word_1_311' title='bbox 1110 1540 1139 1568; x_wconf 74' lang='lat' dir='ltr'>et</span> <span class='ocrx_word' id='word_1_312' title='bbox 1174 1537 1209 1567; x_wconf 82' lang='lat' dir='ltr'>in</span> <span class='ocrx_word' id='word_1_313' title='bbox 1246 1546 1282 1568; x_wconf 81' lang='lat' dir='ltr'>re</span> <span class='ocrx_word' id='word_1_314' title='bbox 1313 1538 1448 1577; x_wconf 76' lang='lat' dir='ltr'>publica,</span> <span class='ocrx_word' id='word_1_315' title='bbox 1491 1541 1632 1582; x_wconf 62' lang='lat' dir='ltr'>vectigal</span> 
     </span>
     <span class='ocr_line' id='line_1_60' title="bbox 937 1587 1625 1630; baseline 0.009 -13"><span class='ocrx_word' id='word_1_316' title='bbox 937 1587 1018 1618; x_wconf 81' lang='lat' dir='ltr'>duco</span> <span class='ocrx_word' id='word_1_317' title='bbox 1035 1595 1099 1618; x_wconf 81' lang='lat' dir='ltr'>esse</span> <span class='ocrx_word' id='word_1_318' title='bbox 1108 1587 1362 1626; x_wconf 76' lang='lat' dir='ltr'>parsimoniam.</span> <span class='ocrx_word' id='word_1_319' title='bbox 1393 1589 1516 1621; x_wconf 84' lang='lat' dir='ltr'>Parad.</span> <span class='ocrx_word' id='word_1_320' title='bbox 1536 1590 1567 1630; x_wconf 81' lang='lat'>6,</span> <span class='ocrx_word' id='word_1_321' title='bbox 1587 1591 1625 1623; x_wconf 92' lang='lat'>3:</span> 
     </span>
     <span class='ocr_line' id='line_1_61' title="bbox 935 1636 1630 1678; baseline 0.007 -11"><span class='ocrx_word' id='word_1_322' title='bbox 935 1637 1010 1667; x_wconf 82' lang='lat' dir='ltr'>Non</span> <span class='ocrx_word' id='word_1_323' title='bbox 1031 1637 1215 1676; x_wconf 65' lang='lat' dir='ltr'>intelligunt</span> <span class='ocrx_word' id='word_1_324' title='bbox 1237 1636 1399 1676; x_wconf 80' lang='lat' dir='ltr'>homines,</span> <span class='ocrx_word' id='word_1_325' title='bbox 1425 1648 1526 1678; x_wconf 79' lang='lat' dir='ltr'>quam</span> <span class='ocrx_word' id='word_1_326' title='bbox 1553 1649 1630 1672; x_wconf 85' lang='lat' dir='ltr'>ma-</span> 
     </span>
     <span class='ocr_line' id='line_1_62' title="bbox 935 1686 1626 1726; baseline 0.009 -11"><span class='ocrx_word' id='word_1_327' title='bbox 935 1694 1037 1726; x_wconf 66' lang='lat' dir='ltr'>gnum</span> <span class='ocrx_word' id='word_1_328' title='bbox 1063 1686 1204 1726; x_wconf 62' lang='lat' dir='ltr'>vectigal</span> <span class='ocrx_word' id='word_1_329' title='bbox 1231 1686 1272 1717; x_wconf 79' lang='lat' dir='ltr'>sit</span> <span class='ocrx_word' id='word_1_330' title='bbox 1289 1687 1509 1726; x_wconf 77' lang='lat' dir='ltr'>parsimonia.</span> <span class='ocrx_word' id='word_1_331' title='bbox 1557 1690 1626 1721; x_wconf 89' lang='lat' dir='ltr'>Sat.</span> 
     </span>
     <span class='ocr_line' id='line_1_63' title="bbox 936 1735 1630 1779; baseline 0.007 -14"><span class='ocrx_word' id='word_1_332' title='bbox 936 1736 974 1773; x_wconf 72' lang='lat'>2,</span> <span class='ocrx_word' id='word_1_333' title='bbox 1000 1735 1040 1773; x_wconf 77' lang='lat'>2,</span> <span class='ocrx_word' id='word_1_334' title='bbox 1067 1735 1148 1766; x_wconf 85' lang='grc' dir='ltr'>10οῑ</span> <span class='ocrx_word' id='word_1_335' title='bbox 1201 1744 1258 1775; x_wconf 73' lang='lat' dir='ltr'>eqo</span> <span class='ocrx_word' id='word_1_336' title='bbox 1291 1736 1467 1777; x_wconf 65' lang='lat' dir='ltr'>vectigalia</span> <span class='ocrx_word' id='word_1_337' title='bbox 1504 1747 1630 1779; x_wconf 70' lang='lat' dir='ltr'>maqna</span> 
     </span>
     <span class='ocr_line' id='line_1_64' title="bbox 934 1784 1629 1828; baseline 0.009 -14"><span class='ocrx_word' id='word_1_338' title='bbox 934 1784 1140 1823; x_wconf 75' lang='lat' dir='ltr'>Divitiasque</span> <span class='ocrx_word' id='word_1_339' title='bbox 1154 1784 1264 1816; x_wconf 81' lang='lat' dir='ltr'>habeo.</span> <span class='ocrx_word' id='word_1_340' title='bbox 1287 1803 1321 1807; x_wconf 87' lang='grc'>-</span> <span class='ocrx_word' id='word_1_341' title='bbox 1336 1787 1523 1828; x_wconf 63' lang='lat' dir='ltr'>porrigam]</span> <span class='ocrx_word' id='word_1_342' title='bbox 1551 1797 1629 1820; x_wconf 86' lang='lat' dir='ltr'>«ex-</span> 
     </span>
     <span class='ocr_line' id='line_1_65' title="bbox 934 1833 1629 1879; baseline 0.006 -13"><span class='ocrx_word' id='word_1_343' title='bbox 934 1833 1077 1866; x_wconf 83' lang='lat' dir='ltr'>tendam</span> <span class='ocrx_word' id='word_1_344' title='bbox 1089 1859 1096 1872; x_wconf 93' lang='grc'>,</span> <span class='ocrx_word' id='word_1_345' title='bbox 1115 1833 1250 1874; x_wconf 81' lang='lat' dir='ltr'>augebo</span> <span class='ocrx_word' id='word_1_346' title='bbox 1264 1859 1271 1873; x_wconf 89' lang='lat'>,</span> <span class='ocrx_word' id='word_1_347' title='bbox 1290 1836 1429 1867; x_wconf 84' lang='lat' dir='ltr'>extento</span> <span class='ocrx_word' id='word_1_348' title='bbox 1446 1837 1521 1877; x_wconf 91' lang='lat' dir='ltr'>ipso</span> <span class='ocrx_word' id='word_1_349' title='bbox 1539 1838 1629 1879; x_wconf 81' lang='lat' dir='ltr'>agel—</span> 
     </span>
     <span class='ocr_line' id='line_1_66' title="bbox 934 1881 1626 1926; baseline 0.01 -13"><span class='ocrx_word' id='word_1_350' title='bbox 934 1882 966 1914; x_wconf 93' lang='lat' dir='ltr'>lo</span> <span class='ocrx_word' id='word_1_351' title='bbox 999 1881 1126 1914; x_wconf 86' lang='lat' dir='ltr'>Sabino</span> <span class='ocrx_word' id='word_1_352' title='bbox 1157 1882 1212 1914; x_wconf 88' lang='lat' dir='ltr'>vel</span> <span class='ocrx_word' id='word_1_353' title='bbox 1248 1882 1320 1915; x_wconf 90' lang='lat' dir='ltr'>aliis</span> <span class='ocrx_word' id='word_1_354' title='bbox 1353 1886 1520 1926; x_wconf 83' lang='lat' dir='ltr'>cmptis;»</span> <span class='ocrx_word' id='word_1_355' title='bbox 1556 1897 1626 1919; x_wconf 90' lang='lat' dir='ltr'>non</span> 
     </span>
     <span class='ocr_line' id='line_1_67' title="bbox 935 1930 1626 1975; baseline 0.009 -13"><span class='ocrx_word' id='word_1_356' title='bbox 935 1941 1038 1971; x_wconf 85' lang='lat' dir='ltr'>vero,</span> <span class='ocrx_word' id='word_1_357' title='bbox 1078 1933 1116 1962; x_wconf 86' lang='lat' dir='ltr'>ut</span> <span class='ocrx_word' id='word_1_358' title='bbox 1150 1930 1205 1963; x_wconf 87' lang='lat' dir='ltr'>alii</span> <span class='ocrx_word' id='word_1_359' title='bbox 1238 1932 1377 1964; x_wconf 77' lang='lat' dir='ltr'>volunt:</span> <span class='ocrx_word' id='word_1_360' title='bbox 1427 1936 1626 1975; x_wconf 77' lang='lat' dir='ltr'>«pendam,</span> 
     </span>
     <span class='ocr_line' id='line_1_68' title="bbox 935 1980 1626 2025; baseline 0.012 -14"><span class='ocrx_word' id='word_1_361' title='bbox 935 1980 1134 2022; x_wconf 82' lang='lat' dir='ltr'>persolvam</span> <span class='ocrx_word' id='word_1_362' title='bbox 1157 1983 1290 2012; x_wconf 89' lang='lat' dir='ltr'>aerario</span> <span class='ocrx_word' id='word_1_363' title='bbox 1314 1982 1432 2024; x_wconf 90' lang='lat' dir='ltr'>populi</span> <span class='ocrx_word' id='word_1_364' title='bbox 1448 1985 1626 2025; x_wconf 82' lang='lat' dir='ltr'>Romani»,</span> 
     </span>
     <span class='ocr_line' id='line_1_69' title="bbox 936 2030 1628 2071; baseline 0.007 -9"><span class='ocrx_word' id='word_1_365' title='bbox 936 2033 973 2062; x_wconf 82' lang='lat' dir='ltr'>ut</span> <span class='ocrx_word' id='word_1_366' title='bbox 988 2030 1141 2070; x_wconf 89' lang='lat' dir='ltr'>pessime</span> <span class='ocrx_word' id='word_1_367' title='bbox 1159 2030 1374 2071; x_wconf 85' lang='lat' dir='ltr'>interpretati</span> <span class='ocrx_word' id='word_1_368' title='bbox 1390 2034 1471 2065; x_wconf 80' lang='lat' dir='ltr'>sunt</span> <span class='ocrx_word' id='word_1_369' title='bbox 1486 2035 1575 2067; x_wconf 79' lang='lat' dir='ltr'>Acro</span> <span class='ocrx_word' id='word_1_370' title='bbox 1593 2038 1628 2067; x_wconf 89' lang='lat' dir='ltr'>et</span> 
     </span>
     <span class='ocr_line' id='line_1_70' title="bbox 936 2079 1627 2125; baseline 0.009 -15"><span class='ocrx_word' id='word_1_371' title='bbox 936 2080 1172 2111; x_wconf 84' lang='lat' dir='ltr'>recentiorum</span> <span class='ocrx_word' id='word_1_372' title='bbox 1185 2079 1348 2112; x_wconf 89' lang='lat' dir='ltr'>nonnulli.</span> <span class='ocrx_word' id='word_1_373' title='bbox 1375 2082 1438 2119; x_wconf 90' lang='lat' dir='ltr'>Qui</span> <span class='ocrx_word' id='word_1_374' title='bbox 1455 2083 1505 2114; x_wconf 91' lang='lat' dir='ltr'>sic</span> <span class='ocrx_word' id='word_1_375' title='bbox 1521 2084 1627 2125; x_wconf 77' lang='lat' dir='ltr'>expli-</span> 
     </span>
     <span class='ocr_line' id='line_1_71' title="bbox 938 2129 1625 2169; baseline 0.009 -10"><span class='ocrx_word' id='word_1_376' title='bbox 938 2130 1120 2167; x_wconf 72' lang='lat' dir='ltr'>caverunt,</span> <span class='ocrx_word' id='word_1_377' title='bbox 1142 2137 1286 2169; x_wconf 89' lang='lat' dir='ltr'>prorsus</span> <span class='ocrx_word' id='word_1_378' title='bbox 1304 2129 1398 2161; x_wconf 85' lang='lat' dir='ltr'>obliti</span> <span class='ocrx_word' id='word_1_379' title='bbox 1416 2134 1516 2163; x_wconf 83' lang='lat' dir='ltr'>erant</span> <span class='ocrx_word' id='word_1_380' title='bbox 1532 2133 1625 2165; x_wconf 82' lang='lat' dir='ltr'>cives</span> 
     </span>
     <span class='ocr_line' id='line_1_72' title="bbox 937 2178 1627 2222; baseline 0.009 -14"><span class='ocrx_word' id='word_1_381' title='bbox 937 2178 1110 2209; x_wconf 86' lang='lat' dir='ltr'>Romanos</span> <span class='ocrx_word' id='word_1_382' title='bbox 1134 2179 1215 2209; x_wconf 80' lang='lat' dir='ltr'>tunc</span> <span class='ocrx_word' id='word_1_383' title='bbox 1238 2178 1366 2210; x_wconf 87' lang='lat' dir='ltr'>tributa</span> <span class='ocrx_word' id='word_1_384' title='bbox 1396 2188 1465 2212; x_wconf 90' lang='lat' dir='ltr'>non</span> <span class='ocrx_word' id='word_1_385' title='bbox 1491 2190 1627 2222; x_wconf 88' lang='lat' dir='ltr'>pepen-</span> 
     </span>
     <span class='ocr_line' id='line_1_73' title="bbox 937 2227 1628 2272; baseline 0.007 -14"><span class='ocrx_word' id='word_1_386' title='bbox 937 2227 1041 2259; x_wconf 86' lang='lat' dir='ltr'>disse.</span> <span class='ocrx_word' id='word_1_387' title='bbox 1063 2228 1194 2258; x_wconf 85' lang='lat' dir='ltr'>Seneca</span> <span class='ocrx_word' id='word_1_388' title='bbox 1208 2227 1268 2268; x_wconf 83' lang='lat' dir='ltr'>Ep.</span> <span class='ocrx_word' id='word_1_389' title='bbox 1285 2228 1342 2259; x_wconf 87' lang='lat'>89:</span> <span class='ocrx_word' id='word_1_390' title='bbox 1363 2229 1535 2268; x_wconf 76' lang='lat' dir='ltr'>Quousque</span> <span class='ocrx_word' id='word_1_391' title='bbox 1547 2233 1628 2272; x_wconf 81' lang='lat' dir='ltr'>fines</span> 
     </span>
     <span class='ocr_line' id='line_1_74' title="bbox 931 2277 1627 2319; baseline 0.006 -11"><span class='ocrx_word' id='word_1_392' title='bbox 931 2277 1169 2316; x_wconf 70' lang='lat' dir='ltr'>possessionum</span> <span class='ocrx_word' id='word_1_393' title='bbox 1186 2278 1438 2318; x_wconf 64' lang='lat' dir='ltr'>propagabitis?</span> <span class='ocrx_word' id='word_1_394' title='bbox 1451 2296 1466 2302; x_wconf 94' lang='lat'><em>-</em></span> <span class='ocrx_word' id='word_1_395' title='bbox 1478 2297 1494 2302; x_wconf 93' lang='lat'><em>-</em></span> <span class='ocrx_word' id='word_1_396' title='bbox 1510 2290 1627 2319; x_wconf 77' lang='lat' dir='ltr'>quous-</span> 
     </span>
     <span class='ocr_line' id='line_1_75' title="bbox 937 2327 1561 2369; baseline 0.008 -13"><span class='ocrx_word' id='word_1_397' title='bbox 937 2335 998 2366; x_wconf 77' lang='lat' dir='ltr'>que</span> <span class='ocrx_word' id='word_1_398' title='bbox 1021 2327 1187 2357; x_wconf 81' lang='lat' dir='ltr'>arationes</span> <span class='ocrx_word' id='word_1_399' title='bbox 1208 2330 1332 2358; x_wconf 75' lang='lat' dir='ltr'>vestras</span> <span class='ocrx_word' id='word_1_400' title='bbox 1353 2329 1561 2369; x_wconf 69' lang='lat' dir='ltr'>porriyetis?</span> 
     </span>
    </p>

    <p class='ocr_par' dir='ltr' id='par_1_16' title="bbox 935 2375 1627 2765">
     <span class='ocr_line' id='line_1_76' title="bbox 979 2375 1626 2420; baseline 0.005 -12"><span class='ocrx_word' id='word_1_401' title='bbox 979 2375 1015 2408; x_wconf 62' lang='lat' dir='ltr'>lii</span> <span class='ocrx_word' id='word_1_402' title='bbox 1033 2375 1111 2407; x_wconf 71' lang='lat'>-43.</span> <span class='ocrx_word' id='word_1_403' title='bbox 1136 2376 1163 2406; x_wconf 80' lang='lat' dir='ltr'>si</span> <span class='ocrx_word' id='word_1_404' title='bbox 1178 2377 1364 2417; x_wconf 62' lang='lat' dir='ltr'>Mygdoniis</span> <span class='ocrx_word' id='word_1_405' title='bbox 1380 2378 1465 2418; x_wconf 86' lang='lat' dir='ltr'>cet.]</span> <span class='ocrx_word' id='word_1_406' title='bbox 1491 2380 1543 2410; x_wconf 88' lang='lat' dir='ltr'>«Si</span> <span class='ocrx_word' id='word_1_407' title='bbox 1562 2381 1626 2420; x_wconf 79' lang='lat' dir='ltr'>Ly-</span> 
     </span>
     <span class='ocr_line' id='line_1_77' title="bbox 937 2426 1624 2466; baseline 0.006 -10"><span class='ocrx_word' id='word_1_408' title='bbox 937 2426 1029 2457; x_wconf 84' lang='lat' dir='ltr'>diam</span> <span class='ocrx_word' id='word_1_409' title='bbox 1054 2426 1186 2466; x_wconf 87' lang='lat' dir='ltr'>campis</span> <span class='ocrx_word' id='word_1_410' title='bbox 1210 2426 1364 2466; x_wconf 77' lang='lat' dir='ltr'>Phrygiis</span> <span class='ocrx_word' id='word_1_411' title='bbox 1388 2428 1624 2460; x_wconf 82' lang='lat' dir='ltr'>continuem.»</span> 
     </span>
     <span class='ocr_line' id='line_1_78' title="bbox 935 2476 1626 2518; baseline 0.003 -11"><span class='ocrx_word' id='word_1_412' title='bbox 935 2476 1134 2507; x_wconf 68' lang='lat' dir='ltr'>Continuam</span> <span class='ocrx_word' id='word_1_413' title='bbox 1156 2485 1255 2516; x_wconf 69' lang='lat' dir='ltr'>agyras</span> <span class='ocrx_word' id='word_1_414' title='bbox 1280 2477 1327 2516; x_wconf 85' lang='lat' dir='ltr'>(ut</span> <span class='ocrx_word' id='word_1_415' title='bbox 1343 2478 1396 2508; x_wconf 84' lang='lat' dir='ltr'>cst</span> <span class='ocrx_word' id='word_1_416' title='bbox 1411 2478 1515 2508; x_wconf 86' lang='lat' dir='ltr'>etiam</span> <span class='ocrx_word' id='word_1_417' title='bbox 1533 2478 1626 2518; x_wconf 83' lang='lat' dir='ltr'>apud</span> 
     </span>
     <span class='ocr_line' id='line_1_79' title="bbox 936 2524 1623 2567; baseline 0.004 -12"><span class='ocrx_word' id='word_1_418' title='bbox 936 2525 1006 2556; x_wconf 87' lang='lat' dir='ltr'>Cic.</span> <span class='ocrx_word' id='word_1_419' title='bbox 1033 2526 1111 2564; x_wconf 79' lang='lat' dir='ltr'>Agr.</span> <span class='ocrx_word' id='word_1_420' title='bbox 1138 2524 1168 2563; x_wconf 86' lang='lat'>3,</span> <span class='ocrx_word' id='word_1_421' title='bbox 1187 2524 1223 2556; x_wconf 70' lang='lat' dir='ltr'>li:</span> <span class='ocrx_word' id='word_1_422' title='bbox 1250 2525 1374 2557; x_wconf 75' lang='lat' dir='ltr'>fundos</span> <span class='ocrx_word' id='word_1_423' title='bbox 1399 2527 1432 2557; x_wconf 81' lang='grc' dir='ltr'>ιἰι</span> <span class='ocrx_word' id='word_1_424' title='bbox 1455 2536 1538 2567; x_wconf 71' lang='lat' dir='ltr'>aym</span> <span class='ocrx_word' id='word_1_425' title='bbox 1562 2527 1623 2558; x_wconf 69' lang='lat' dir='ltr'>(Ja—</span> 
     </span>
     <span class='ocr_line' id='line_1_80' title="bbox 935 2574 1627 2614; baseline 0.006 -10"><span class='ocrx_word' id='word_1_426' title='bbox 935 2574 1033 2605; x_wconf 70' lang='lat' dir='ltr'>sinati</span> <span class='ocrx_word' id='word_1_427' title='bbox 1056 2575 1192 2614; x_wconf 76' lang='lat' dir='ltr'>optimos</span> <span class='ocrx_word' id='word_1_428' title='bbox 1215 2578 1244 2606; x_wconf 79' lang='lat' dir='ltr'>et</span> <span class='ocrx_word' id='word_1_429' title='bbox 1263 2575 1537 2614; x_wconf 71' lang='lat' dir='ltr'>fructuosissimos</span> <span class='ocrx_word' id='word_1_430' title='bbox 1551 2586 1627 2608; x_wconf 83' lang='lat' dir='ltr'>con-</span> 
     </span>
     <span class='ocr_line' id='line_1_81' title="bbox 935 2624 1626 2666; baseline 0.004 -12"><span class='ocrx_word' id='word_1_431' title='bbox 935 2625 1086 2655; x_wconf 75' lang='lat' dir='ltr'>tinuavit.</span> <span class='ocrx_word' id='word_1_432' title='bbox 1134 2626 1165 2655; x_wconf 82' lang='lat' dir='ltr'>cl</span> <span class='ocrx_word' id='word_1_433' title='bbox 1193 2625 1260 2656; x_wconf 85' lang='lat' dir='ltr'>Liv.</span> <span class='ocrx_word' id='word_1_434' title='bbox 1287 2624 1346 2658; x_wconf 59' lang='lat'>232.</span> <span class='ocrx_word' id='word_1_435' title='bbox 1374 2625 1416 2665; x_wconf 73' lang='lat'>4.)</span> <span class='ocrx_word' id='word_1_436' title='bbox 1457 2626 1626 2666; x_wconf 72' lang='lat' dir='ltr'>significat</span> 
     </span>
     <span class='ocr_line' id='line_1_82' title="bbox 938 2674 1625 2710; baseline 0.001 -5"><span class='ocrx_word' id='word_1_437' title='bbox 938 2674 1002 2705; x_wconf 77' lang='lat' dir='ltr'>«ita</span> <span class='ocrx_word' id='word_1_438' title='bbox 1039 2677 1219 2710; x_wconf 67' lang='lat' dir='ltr'>coemere,</span> <span class='ocrx_word' id='word_1_439' title='bbox 1267 2676 1299 2705; x_wconf 82' lang='lat' dir='ltr'>ul</span> <span class='ocrx_word' id='word_1_440' title='bbox 1338 2674 1450 2706; x_wconf 77' lang='lat' dir='ltr'>nullus</span> <span class='ocrx_word' id='word_1_441' title='bbox 1493 2674 1625 2707; x_wconf 77' lang='lat' dir='ltr'>alienus</span> 
     </span>
     <span class='ocr_line' id='line_1_83' title="bbox 938 2723 1624 2765; baseline 0 -11"><span class='ocrx_word' id='word_1_442' title='bbox 938 2723 1061 2755; x_wconf 83' lang='lat' dir='ltr'>fundus</span> <span class='ocrx_word' id='word_1_443' title='bbox 1087 2724 1287 2755; x_wconf 68' lang='lat' dir='ltr'>interiectus</span> <span class='ocrx_word' id='word_1_444' title='bbox 1313 2725 1388 2755; x_wconf 76' lang='lat' dir='ltr'>sit.»</span> <span class='ocrx_word' id='word_1_445' title='bbox 1415 2743 1447 2747; x_wconf 63' lang='lat'>—‹</span> <span class='ocrx_word' id='word_1_446' title='bbox 1475 2725 1624 2765; x_wconf 66' lang='lat' dir='ltr'>Alyatlei]</span> 
     </span>
    </p>
   </div>
  </div>
 </body>
</html>
