1997 3219
714 201 789 232 ΜΒ.
821 201 874 231 ιιι.
925 201 960 230 (1.
988 200 1042 231 xi.
1541 194 1614 236 411

414 304 580 346 Ducere
612 310 653 345 et
684 303 796 345 rivos
828 302 991 345 celeres
1024 302 1202 350 morari3

414 383 550 425 Cessit
583 383 774 425 immanis
806 383 877 425 tibi
914 382 1141 425 blandienti
1579 383 1623 422 Ιῦ

524 464 679 505 Ianitor
709 463 848 506 aulae.

411 568 644 614 Cerberus.
679 569 873 625 quamvis
904 568 1051 611 furiale
1082 576 1250 611 centum

412 650 597 691 Muniant
628 663 789 705 angues
821 656 948 705 caput
978 649 1071 691 eius
1103 656 1230 704 atque

412 730 591 785 Spiritus
623 737 730 772 teter
761 729 990 784 saniesque
1023 730 1163 771 manet

278 868 325 899 43.
353 867 447 907 (ίῳ-ές
470 867 504 897 T.
535 884 568 888 —
596 866 646 897 48.
673 869 772 905 capul
795 868 956 904 (meatque
978 864 1121 897 Bentleii
1147 865 1251 897 dubia
1277 867 1447 906 suspicio:
1478 870 1586 898 aestus

231 921 329 956 alque
352 915 507 947 malebat
527 916 693 955 Doering,
721 915 766 946 illi
789 919 818 946 et
841 923 942 954 usque
965 915 1011 945 10.
1032 923 1100 946 von
1122 916 1199 946 Gott
1221 914 1391 947 Frohlich.
1417 916 1581 947 Ceterum

231 975 286 996 w.
319 966 423 996 17-20.
449 965 626 997 subditicii
655 964 818 996 videntur
844 963 1058 1001 Eichstadio,
1096 963 1314 1002 Heinrichio,
1353 965 1580 996 Buttmanno.

231 1016 449 1049 Hermanno,
476 1014 626 1051 Naekio,
652 1012 829 1050 Webero,
855 1012 1003 1044 llosman
1023 1012 1280 1054 Peerlkampio⁷
1307 1014 1495 1049 Meinekio,
1521 1015 1584 1045 Re-

231 1063 336 1103 gelio,
368 1063 546 1097 Lubkero.
575 1060 659 1094 aliis.

232 1181 346 1212 43-46.
382 1181 483 1221 tiyres
510 1180 718 1221 comitesque]
750 1180 881 1211 «Ducis
931 1183 984 1210 tor
1007 1179 1115 1219 iungit
1138 1178 1295 1217 Liibker,
1322 1181 1360 1210 ut
1382 1181 1467 1211 Aen.
1488 1180 1522 1218 6,
1550 1179 1624 1212 400:

187 1232 292 1271 tigres
321 1230 468 1261 comites
498 1231 532 1261 et
563 1228 666 1261 silvas
698 1229 880 1260 comites.»
930 1228 1045 1268 inqens
1067 1228 1202 1259 ianitor.
1250 1229 1355 1260 Recte
1388 1229 1457 1260 iam
1487 1228 1629 1260 Lambi-

187 1281 227 1311 H.
260 1279 279 1311 l.
315 1280 516 1319 zeugmate,
561 1281 599 1309 ut
641 1278 696 1310 alii
739 1277 878 1309 volunt:
933 1278 1022 1316 nus.)
1060 1276 1128 1308 Cfr.
1155 1276 1256 1309 Silius
1285 1278 1322 1315 2,
1354 1278 1436 1309 55¹2:
1474 1278 1630 1309 insonmis

187 1333 222 1361 lii
250 1333 342 1368 potes
376 1329 476 1369 tiyres
509 1328 654 1359 domare
689 1328 883 1366 omnitesque
932 1326 1127 1358 lacrimosae
1160 1327 1285 1357 ianitor
1315 1327 1425 1358 aulae.
1465 1345 1500 1349 -
1534 1327 1629 1358 blan-

185 1379 285 1410 silvas
300 1379 434 1415 ducere,
464 1385 552 1417 opus
569 1385 639 1408 non
656 1379 720 1409 est.
748 1377 797 1409 Cs.
816 1377 879 1409 Od.
933 1375 1043 1417 dienti]
1070 1376 1119 1408 Cf.
1147 1376 1210 1407 Od.
1238 1377 1273 1414 4,
1300 1376 1356 1414 ⁶24,
1385 1376 1437 1408 43.

190 1429 224 1466 4,
253 1428 310 1465 42,
336 1428 368 1458 7.
400 1445 435 1449 -
465 1427 563 1459 Cessit
594 1427 675 1467 cet.]
707 1426 882 1466 Significat
982 1425 1033 1456 47.
1061 1425 1113 1456 48.
1137 1425 1270 1466 furiale]
1296 1425 1428 1457 «simile
1445 1426 1548 1466 capiti
1566 1426 1629 1456 Fu-

187 1477 242 1508 hic
267 1476 446 1517 Orpheum
478 1476 676 1515 Eurydicen
707 1484 807 1508 suam
839 1484 882 1507 ex

187 1527 276 1557 Orco
300 1527 520 1566 repetentem
536 1550 543 1563 ‚
569 1534 785 1566 quamquam
815 1525 882 1557 hoc

188 1583 299 1615 nuper
321 1574 465 1614 quidam
490 1575 643 1614 negavit,
676 1575 775 1614 quasi
796 1582 882 1606 vero

187 1624 221 1654 h.
259 1623 280 1655 l.
313 1623 469 1664 perfecta
505 1624 624 1655 aoristi
659 1624 883 1663 significatio-

189 1682 270 1704 nem
287 1672 476 1711 haherent,
505 1682 594 1713 quae
611 1673 768 1714 perfecta
786 1674 881 1704 certe

188 1723 384 1763 comparari
420 1724 616 1763 nequeunt.
653 1725 691 1753 ut
719 1721 774 1753 ille
805 1723 883 1762 opi-

189 1773 289 1802 natus
321 1773 390 1809 est,
429 1780 511 1803 eum
547 1770 608 1803 Od.
635 1771 672 1808 3,
708 1772 743 1809 2,
777 1771 818 1802 30
849 1771 883 1802 et

189 1821 241 1851 32.
264 1838 299 1842 -
318 1821 482 1861 immanis]
509 1821 597 1852 Cum
621 1820 797 1853 Cerberus
825 1829 884 1852 sa-

190 1870 231 1901 tis
274 1869 460 1901 definiatur
505 1870 648 1911 stropha
691 1871 881 1910 sequente,

188 1928 221 1950 v.
249 1920 402 1950 immanis
437 1920 592 1959 (vastae)
623 1919 737 1951 refero
773 1919 818 1950 ad
849 1927 881 1950 v,

932 1475 1082 1512 riarum,
1129 1483 1218 1514 quae
1254 1475 1351 1515 ipsae
1387 1483 1529 1515 quoque
1565 1483 1629 1515 pro

933 1522 1065 1564 capillis
1104 1523 1237 1554 habent
1276 1526 1500 1564 serpentes.»
1549 1525 1629 1555 «Sic

931 1572 1065 1613 furialis
1094 1572 1236 1603 incessus
1265 1572 1309 1604 de
1334 1572 1408 1611 tali,
1446 1573 1538 1613 quali
1563 1574 1631 1604 Fu—

933 1622 1005 1653 riae
1038 1630 1076 1654 se
1108 1621 1237 1653 inferre
1269 1621 1401 1661 solent,
1439 1622 1532 1662 apud
1558 1622 1627 1653 Liv.

933 1672 971 1709 7,
996 1671 1070 1703 47.»
1097 1672 1201 1702 Dosa.
1223 1689 1259 1693 -
1278 1671 1412 1712 angues]
1433 1671 1631 1703 Cerberum

933 1719 1125 1759 ἑχιδναῑον
1146 1718 1305 1751 δακετόν
1324 1722 1511 1761 propterea
1528 1722 1632 1751 vocat

935 1769 1137 1802 Callimach.
1173 1771 1226 1801 Fr.
1262 1770 1334 1801 464.
1387 1771 1438 1801 De
1474 1769 1630 1801 Cerbero

935 1820 996 1852 cfr.
1018 1819 1158 1851 Hesiod.
1183 1819 1311 1859 Theog.
1331 1819 1405 1850 769.
1434 1818 1629 1850 Cerberum

934 1869 1122 1909 tricipitem
1146 1876 1228 1900 cum
1254 1868 1365 1899 cauda
1390 1869 1556 1907 anguina,
1586 1867 1630 1898 ab

936 1917 1086 1950 Hercule
1112 1926 1153 1948 ex
1178 1917 1266 1948 Orco
1291 1918 1509 1958 protractum
1531 1925 1632 1948 mon·

935 1969 1023 1999 strat
1047 1965 1188 1998 celebre
1211 1974 1274 1998 vas
1299 1967 1515 1998 Canusinum
1539 1966 1631 2007 apud

936 2016 1123 2056 Inghirami
1149 2016 1237 2048 Gall.
1261 2016 1331 2046 Om.
1358 2016 1412 2047 111.
1439 2016 1476 2046 Τ.
1495 2016 1547 2047 88.
1576 2016 1633 2046 Bi-

937 2073 1022 2105 ceps
1047 2066 1100 2095 est
1124 2064 1206 2095 ibid.
1234 2065 1270 2095 T.
1292 2064 1345 2095 94.
1373 2064 1441 2095 Cfr.
1462 2065 1632 2104 imprimis

937 2113 1094 2145 Gerliard
1113 2114 1246 2153 l'ascngl.
1263 2114 1302 2144 11.
1318 2113 1354 2144 T.
1371 2113 1512 2144 CXXIX.
1529 2121 1630 2153 seqq.

190 1969 306 2006 aulae,
347 1968 441 2008 quod
475 1977 508 1999 v.
541 1969 740 2000 necessario
764 1969 885 2009 requi-

190 2019 233 2049 rit
256 2017 448 2054 e'nffletovss.
475 2026 566 2058 quae
591 2018 684 2049 enim
702 2018 782 2048 aula
806 2019 885 2049 tan-

190 2068 272 2099 dem
297 2068 378 2103 erit.
405 2068 433 2098 si
457 2067 578 2107 iungas
594 2067 747 2097 immanis
763 2067 887 2098 ianitor

190 2116 370 2148 Cerberus?
403 2118 442 2147 ut
473 2118 526 2147 est
555 2123 640 2147 sane.
670 2115 764 2156 apud
792 2115 883 2154 Virg.

190 2168 274 2198 Aen.
300 2166 335 2203 6,
362 2164 442 2197 448ῑ
483 2164 641 2197 Cerberus
664 2181 682 2187 -
705 2183 724 2188 -
748 2165 886 2196 adverso

190 2215 350 2246 recubans
374 2214 528 2245 immanis
552 2214 585 2245 in
610 2218 719 2245 antro.
761 2214 886 2245 Imma-

192 2265 241 2294 nis
263 2265 381 2295 autem
406 2263 488 2294 aula
511 2262 638 2294 dicitur
667 2266 703 2294 ut
728 2264 885 2300 antrum,

193 2313 398 2344 barathrum
422 2313 584 2349 immane,
610 2312 742 2352 pracda
766 2312 888 2343 imma-
937 2310 979 2341 ad
1005 2318 1148 2341 versum
1172 2310 1225 2341 ¹¹20.
1445 2347 1449 2350 ²

193 2362 252 2392 nis.
288 2362 337 2392 (L't
360 2370 439 2395 nos.
467 2361 575 2392 iunxit
599 2362 702 2392 etiam
720 2362 836 2393 Naeke
855 2362 885 2392 in
983 2360 1035 2390 49.
1064 2360 1115 2390 20.
1154 2359 1298 2398 Spiritus
1322 2359 1411 2399 letor]
1447 2359 1633 2396 «Quamvis

194 2411 311 2448 Progr.
337 2419 368 2439 a.
397 2410 490 2440 4824.
517 2410 668 2441 afferens
692 2411 835 2441 Accium
854 2411 886 2441 in
911 2418 913 2432 τ
939 2409 1061 2440 foedus
1099 2409 1233 2448 spiritus
1277 2407 1422 2447 (halitus
1466 2407 1632 2447 foetidus)

194 2458 335 2490 Philoct.
361 2458 454 2499 apud
482 2459 629 2490 Nonium
653 2459 685 2490 in
712 2468 743 2490 v,
768 2460 888 2490 imma-
911 2433 914 2477 l
939 2460 974 2489 ct
1003 2459 1112 2489 sanies
1136 2457 1273 2497 (Geifer)
1306 2466 1346 2487 ex
1380 2457 1454 2487 eius
1487 2465 1547 2486 ore
1573 2464 1635 2487 ex—

194 2518 252 2539 ne:
278 2509 457 2547 Phi-yffiam
479 2509 638 2539 minorem
662 2517 728 2539 esse
751 2509 804 2538 αι’(ι
825 2509 888 2539 ιἠι-
911 2493 914 2567 ἰ
940 2509 1011 2545 vat,
1047 2509 1083 2538 ut
1108 2508 1234 2538 heroas
1260 2508 1447 2538 intraturos
1472 2504 1632 2546 repellat,

194 2558 284 2588 mani
320 2557 474 2588 Graecia.
523 2556 610 2588 Nihil
647 2559 762 2588 tamen
796 2557 830 2588 li.
866 2557 885 2589 l.
912 2574 914 2580 ι
941 2557 1085 2588 umbi-as
1116 2557 1280 2596 effugium
1307 2557 1519 2595 quaerentes
1546 2555 1634 2585 intro

195 2607 283 2637 inest
309 2607 339 2637 in
365 2607 431 2637 lioc
452 2605 612 2648 ἐπιθέτῳ
637 2606 804 2637 reconditi
830 2609 890 2638 aut
912 2598 913 2602 ¹
940 2608 1052 2644 ngat.»
1099 2607 1233 2636 saniem
1267 2606 1366 2636 istam
1398 2604 1510 2634 tabum
1535 2607 1635 2634 vocat

197 2655 312 2686 minus
338 2656 471 2691 usitati,
498 2663 579 2686 cnm
605 2654 764 2694 Virgilius
780 2664 886 2695 saepe
940 2656 1072 2686 Seneca
1107 2656 1207 2686 Herc.
1248 2655 1310 2685 sur.
1346 2654 1427 2684 787:
1467 2653 1635 2684 sot-didimi

196 2704 290 2736 idem
306 2704 412 2736 addat
429 2704 546 2736 verbis
561 2705 732 2744 spelunca,
758 2707 886 2741 atrum,
940 2704 1015 2735 labo
1054 2708 1152 2743 capul
1190 2704 1351 2735 Lamban!
1389 2702 1552 2733 colubrae.
1598 2720 1631 2724 —

197 2753 408 2789 barathrum,
434 2754 599 2794 ternplum.
628 2755 715 2785 (tuin
741 2763 772 2784 x.
800 2754 890 2784 iani-
912 2771 915 2791 :
939 2754 978 2783 V.
1004 2758 1114 2785 mane!
1149 2763 1211 2793 per
1242 2752 1380 2784 solitum
1406 2760 1549 2791 zeugma
1576 2760 1634 2781 rc-

938 2164 1008 2195 Uno
1047 2162 1229 2193 dumtaxat
1268 2162 1381 2202 capite
1419 2162 1453 2192 in
1489 2162 1632 2202 antiquo

937 2213 1167 2243 monumento
1191 2211 1352 2242 Treveris
1369 2213 1550 2242 asservato
1571 2220 1633 2242 ex—

937 2269 1101 2302 pressum
1127 2269 1206 2291 esse
1232 2262 1349 2291 narrat
1374 2259 1522 2291 Liibker.
1552 2260 1629 2291 Vid.
