1997 3219
671 240 746 272 LlB.
776 241 829 271 111.
879 241 914 272 C.
942 241 1054 272 XXIX.

1548 241 1626 280 :309

416 342 645 399 Ridetque,
679 343 712 384 si
746 342 931 384 mortalis
964 343 1071 385 ultra

472 424 551 465 Fas
582 422 774 479 trepidat.

835 423 958 475 Quod
991 423 1111 466 adest
1143 431 1352 467 memento

359 529 624 584 Componere
658 542 846 585 aequus;
879 536 1020 571 cetera
1057 528 1238 571 fluminis

359 609 450 651 Ritu
481 609 670 652 seruntur
681 643 689 658 ‚

412 690 516 732 Cum
547 703 652 746 paee
684 689 920 733 delabentis
951 690 1175 733 Etruscum

730 623 841 652 nunc
873 609 1013 652 medio
1046 624 1234 666 aequore

1573 693 1625 732 353

470 771 514 811 ln
545 784 682 815 mare,
717 784 829 813 nunc
858 769 1024 826 lapides
1057 770 1212 813 adesos

274 901 326 934 34.
360 910 503 941 aequore
533 903 726 942 (superser.
753 901 859 942 alveo)
885 910 921 939 c,
946 898 1012 942 βξ,
1039 900 1093 932 alii
1118 901 1228 934 Codd.
1256 902 1446 942 Va11derb.,
1474 904 1579 942 Feae,

234 952 399 982 Pottierii:
437 951 528 983 alveo
552 950 643 988 Bbs,
680 952 767 983 Pott.
795 952 893 989 octo,

931 951 1015 989 LCt,
1053 950 1182 989 Bentl.,
1208 951 1292 983 FMJ.
1336 952 1417 992 («In
1441 953 1579 991 ceteris,

231 1003 371 1041 praeter
393 998 457 1042 βξ,
484 1000 635 1032 habetur
657 1000 765 1036 alveo,
792 1000 864 1032 fere
883 1009 964 1032 cum
988 1009 1130 1040 aequore
1147 1002 1422 1042 superscripto.»
1447 1003 1580 1042 Bes-Tr.)

190 1115 362 1160 τελευτὴν
397 1118 428 1149 Γ
428 1116 565 1156 νῶναι,
616 1111 720 1157 ὅπως
751 1115 879 1159 μέλλει

187 1165 301 1199 τοῦτο
324 1165 415 1208 θεὸς
438 1166 605 1200 τελέσαι·
636 1164 782 1212 Ὂρφνη
808 1164 879 1212 γὰρ

187 1217 359 1249 τέταται·
397 1214 469 1261 πρὸ
503 1215 543 1249 δὲ
574 1215 641 1249 τοῦ
675 1215 879 1258 μέλλοντος

186 1261 344 1298 ἷσεσθαι
372 1263 424 1298 Οὐ
450 1263 587 1299 συνετὰ
618 1265 772 1307 θνητοῖς
800 1266 880 1297 πεί-

186 1317 264 1361 ρατ’
290 1312 521 1358 ἆμηχαιιίης.
563 1314 659 1347 Pind.
679 1313 728 1346 Ol.
749 1315 808 1353 42,
839 1314 876 1345 9:

187 1365 268 1397 Τῶν
302 1364 342 1397 (δὲ
372 1363 588 1407 μελλόντων
622 1361 879 1403 τετύφλωνται

186 1413 342 1460 φραδαί.

231 1464 282 1496 31.
311 1465 362 1496 32.
389 1464 553 1505 Ridetque]
583 1472 685 1496 «suae
702 1463 878 1504 potentiae

187 1515 389 1546 conscius.»
430 1530 464 1535 —
513 1513 669 1554 trepidat]
723 1512 878 1544 «futuros

186 1565 332 1595 eventus
367 1563 466 1594 anxie
503 1561 684 1604 explorare
721 1560 876 1600 laborat,

185 1613 275 1644 ultra
291 1612 357 1644 hac
375 1613 407 1643 in
427 1620 508 1643 eura
525 1619 751 1652 progressus,
771 1619 878 1651 quam

185 1670 262 1694 sors
306 1661 444 1702 generis
491 1661 634 1692 humani
681 1659 878 1691 concedit.»

185 1710 347 1752 Sophocl.
375 1711 509 1751 Iragm.
537 1711 611 1741 515
639 1711 687 1741 D:
729 1706 879 1751 Θνητὴν

184 1758 224 1792 δὲ
259 1757 377 1799 φύσιν
421 1756 493 1804 zm}
538 1756 661 1801 θνητὰ
699 1768 817 1805 (poovc
807 1762 877 1797 ἲν,

186 1806 309 1841 Τοῦτο
332 1806 575 1849 κατειδότας,
606 1805 658 1849 ὠς
681 1805 752 1841 οὐκ
775 1804 878 1840 ἐστιν

184 1856 292 1900 Πλὴν
307 1856 397 1899 Διὸς
421 1854 544 1898 οὐδεὶς
567 1856 642 1889 τῶν
664 1855 879 1900 μεὶὶόντων

187 1908 356 1949 Ταμίας,
404 1903 426 1939 ὅ
465 1917 499 1939 τι
536 1905 609 1953 χρὴ
650 1906 876 1940 τετελέσθαι.

187 1957 235 1989 Id.
263 1958 398 1998 fragm.
425 1958 510 1989 659:
548 1953 636 1988 Ἀλλ’
663 1953 707 1990 οὐ
733 1955 805 2001 γὰρ
829 1954 879 1988 ἄν

185 2004 232 2038 τὰ
249 2007 335 2038 θεῖα
352 2003 594 2051 κρυπτόντων
609 2005 708 2038 θεῶν
728 2005 880 2047 Μάθοις

185 2052 258 2094 ἄν,
307 2053 386 2088 οὐδ’
434 2056 468 2087 εἰ
512 2054 617 2087 πάντ’
664 2053 880 2097 ἑπεξέλθοις

187 2104 354 2138 σκοπῶν.
395 2125 428 2128 -
469 2106 561 2144 Quod
590 2105 695 2146 adest]
737 2107 878 2146 «Aequo

185 2156 302 2187 animo
333 2156 531 2196 praesentia
568 2155 710 2192 ordina,
749 2156 878 2196 quippe

185 2213 275 2245 quae
312 2205 343 2236 in
380 2206 437 2236 tua
476 2206 647 2245 potestate
688 2204 750 2235 sita
787 2205 876 2241 sint;

186 2256 302 2285 cetera
328 2255 444 2285 omnia
469 2254 559 2285 fluxa
585 2256 663 2285 sunt
688 2255 792 2293 atque
825 2253 879 2284 in-

186 2305 316 2334 certa.»
363 2304 524 2335 Cratinus
557 2303 650 2344 apud
675 2303 818 2334 Suidam
843 2312 875 2333 v.

186 2350 228 2383 τὸ
252 2348 399 2406 ἱπαρὸν
400 2346 441 2384 εὖ
466 2355 604 2383 ποιεῖν·
631 2347 800 2406 Λνὸρας
810 2362 878 2384 σο-

185 2411 285 2441 ([ΟῑῚς
308 2399 424 2446 ἐχρῆν
447 2397 490 2432 τὸ
515 2398 636 2446 παρὸν
661 2396 800 2446 πρᾶγμ
826 2411 878 2440 613

185 2448 345 2492 ὀιιαμιν
369 2449 506 2482 ὕεσθαι
531 2447 667 2490 καλῶς.

229 2500 280 2531 33.
308 2499 360 2532 34.
389 2501 535 2540 fluminis
558 2500 643 2541 latu]
670 2500 750 2531 Hor.
777 2502 814 2531 Α.
840 2500 874 2531 P.

187 2550 243 2581 62:
285 2550 438 2581 iuvenum
472 2550 549 2581 ritu.
598 2548 696 2580 ovid.
729 2550 805 2580 Am.
841 2549 874 2587 4,

186 2599 225 2636 7,
258 2598 317 2630 43:
359 2598 473 2629 tumidi
508 2599 575 2629 ritu
608 2598 762 2629 torrentis
798 2607 878 2638 aye-

185 2647 257 2678 bar.
284 2648 401 2678 luven.
421 2646 457 2683 3,
486 2647 566 2678 26¹:
605 2648 698 2678 More
725 2647 874 2685 animae,

187 2696 220 2728 id
242 2698 311 2733 cst,
340 2697 459 2728 «sicuti
483 2696 633 2728 anima.»
662 2714 696 2719 —
723 2696 875 2738 aequore]

188 2746 278 2778 Unus
293 2745 401 2777 Vand.
418 2744 563 2787 praebet
577 2753 719 2784 aequore
733 2754 814 2778 cum
830 2744 874 2786 gl.

184 2795 331 2834 planitie.
357 2797 469 2835 Atque
488 2795 575 2827 haec
593 2794 729 2826 videtur
746 2795 876 2826 Horatii

931 1125 1075 1156 manus,
1095 1118 1150 1149 cui
1167 1117 1327 1150 facillime
1341 1120 1504 1160 antiquus
1521 1120 1625 1151 inter-

930 1165 1066 1206 polator
1082 1166 1296 1199 substituere
1313 1168 1502 1208 poteratgl.
1519 1169 1622 1207 alveo,

932 1224 999 1246 non
1013 1217 1145 1247 eontra.
1183 1215 1321 1248 Scilicet
1343 1216 1398 1249 ille
1422 1218 1622 1257 verebatur,

931 1266 968 1296 ut
977 1274 1103 1305 aequor
1115 1265 1158 1297 de
1173 1266 1316 1298 ssuminc
1330 1268 1425 1299 recte
1435 1268 1622 1300 diceretur.

929 1314 1091 1346 Attamen
1116 1315 1207 1355 Virg.
1233 1317 1319 1347 Aen.
1346 1316 1385 1355 8,
1404 1317 1464 1348 86:
1493 1318 1626 1356 Thybris

930 1381 949 1386 -
963 1381 982 1386 —
997 1365 1100 1395 tacita
1122 1366 1263 1406 refluens
1285 1366 1335 1396 ita
1357 1366 1496 1398 substitit
1517 1368 1622 1407 weda,

929 1414 1020 1445 Mitis
1050 1417 1087 1445 ut
1115 1414 1150 1444 in
1172 1423 1298 1445 morem
1321 1416 1431 1456 stagni
1450 1416 1624 1455 placidae-

931 1471 992 1501 que
1010 1463 1144 1502 paludis
1166 1463 1333 1495 Sterneret
1356 1473 1482 1503 aequor
1515 1467 1621 1505 aquis.

931 1514 966 1543 et
989 1521 1021 1543 v.
1049 1512 1111 1543 96:
1152 1512 1337 1552 viridesque
1359 1517 1470 1545 secant
1488 1515 1623 1554 placido

930 1570 1073 1600 aequore
1095 1561 1211 1600 silvas,
1237 1561 1271 1593 id
1296 1564 1367 1601 est,
1401 1562 1513 1595 alveo.
1565 1566 1623 1597 Est

930 1611 1055 1650 igitur:
1098 1619 1215 1651 «aqua
1239 1611 1392 1643 fluminis
1421 1621 1501 1644 sese
1535 1614 1624 1645 inter

930 1661 1119 1700 utrumque
1155 1659 1242 1691 alvei
1278 1662 1474 1701 marginem
1511 1664 1623 1694 conti-

931 1711 1070 1741 nente.»
1097 1710 1238 1750 Recepit
1263 1710 1368 1742 etiam
1387 1713 1465 1742 ante
1483 1720 1539 1743 me
1558 1713 1624 1744 Cu-

930 1758 1162 1798 ninghamius.
1210 1758 1331 1798 (Nemo
1356 1762 1451 1791 certe
1476 1763 1624 1792 conten-

931 1807 1005 1846 det,
1025 1816 1089 1849 per
1105 1816 1142 1839 se
1159 1807 1253 1838 haud
1270 1809 1408 1840 rectum
1425 1818 1503 1841 esse
1517 1810 1620 1848 alve03

930 1866 1054 1889 verum
1071 1856 1131 1888 ubi
1150 1857 1260 1889 Codd.
1280 1858 1363 1890 satis
1381 1858 1624 1891 demonstrant

931 1907 1053 1938 rariori
1077 1915 1117 1938 ae
1141 1905 1324 1938 difficiliori
1358 1907 1530 1940 vocabulo
1565 1918 1623 1941 ae-

931 1965 1032 1995 quore
1065 1956 1293 1988 substitutum
1325 1966 1403 1989 esse
1433 1957 1620 1998 glossema,

930 2004 1013 2036 illud
1038 2014 1106 2037 non
1131 2006 1317 2037 restituere
1342 2007 1447 2038 nimia
1464 2008 1622 2048 profecto

931 2054 1021 2086 soret
1043 2054 1222 2086 timiditas.
1271 2055 1342 2087 Nec
1365 2064 1450 2088 vero
1468 2056 1623 2089 debebat.

930 2103 1136 2143 Bernhardy
1160 2103 1330 2137 adversus
1354 2114 1410 2136 me
1428 2114 1621 2146 provocare

931 2152 975 2183 ad
999 2161 1135 2184 meram
1160 2153 1199 2184 N.
1227 2153 1357 2185 lleinsii
1382 2155 1621 2186 coniecturam

930 2201 1027 2233 ovid.
1067 2202 1147 2233 Met.
1188 2202 1245 2240 45,
1291 2202 1375 2234 6224:
1427 2203 1620 2245 circumflua

932 2250 1098 2289 Thybridis
1120 2250 1232 2289 alveo,
1270 2250 1329 2282 ubi
1356 2251 1466 2283 Codd.
1500 2251 1621 2284 lectio-

929 2309 1027 2339 nem,
1061 2310 1088 2331 c.
1125 2301 1177 2332 Th.
1212 2300 1289 2339 alli,
1326 2303 1421 2332 recte
1458 2302 1621 2334 restitue—

929 2351 1009 2381 runt
1033 2351 1066 2381 et
1090 2350 1239 2382 Bacliius
1265 2352 1299 2381 et
1323 2346 1487 2390 Iahnius.)

971 2399 1023 2431 35.
1050 2399 1102 2431 36.
1131 2400 1210 2432 Cum
1228 2399 1329 2440 pace]
1357 2395 1519 2444 «ἠρέμα,
1547 2399 1621 2441 pla-

928 2448 1017 2487 cide,
1038 2448 1254 2489 tranquille»,
1270 2449 1521 2489 significatione
1539 2450 1621 2481 satis

929 2497 1086 2530 elucente
1111 2508 1152 2530 ex
1177 2494 1367 2530 ἀντιθέσει
1391 2508 1477 2529 manc
1498 2499 1623 2538 lapides

928 2549 994 2578 eet.
1027 2548 1138 2579 Etiam
1163 2548 1195 2578 in
1219 2556 1321 2588 prosa
1347 2556 1398 2578 or.
1425 2549 1496 2579 Cic.
1516 2548 1618 2579 Tusc.

927 2598 964 2635 5,
991 2597 1050 2628 29:
1084 2598 1150 2629 Nos
1176 2597 1256 2628 illud
1285 2597 1413 2636 quidem
1439 2606 1514 2628 cum
1536 2605 1620 2636 paco

926 2655 1070 2687 agemus.
1098 2646 1166 2678 Csr.
1187 2646 1285 2678 Hand
1305 2646 1402 2677 Tui-s.
1429 2646 1466 2676 ΙΙ.
1487 2654 1518 2686 p.
1541 2646 1614 2677 ⁴5⁴.

927 2697 962 2727 et
986 2696 1058 2727 ⁴57.
1089 2713 1122 2717 —
1141 2694 1329 2735 Etruscum]
1348 2693 1467 2727 Ultima
1485 2694 1617 2735 syllaba

927 2743 1064 2777 eliditur
1093 2746 1173 2777 ante
1206 2746 1416 2785 sequentem
1446 2742 1615 2776 vocalem.

931 2813 964 2818 —
991 2794 1123 2835 adesos]
1162 2794 1212 2824 «xi
1243 2801 1413 2834 aquarum
1437 2792 1616 2825 adrasos.›=
