1997 3219
669 229 743 259 ini.
773 229 794 259 1.
844 230 880 259 e.
908 228 1034 259 xxxii.
1522 227 1600 268 1177

384 334 420 373 O
452 331 584 373 decus
616 331 774 373 Phoebi
806 338 847 373 et
876 331 1059 387 dapibus
1090 331 1276 387 supremi

389 412 514 453 Grata
546 411 714 454 testudo
746 412 873 461 lovis,
909 425 933 453 o
964 411 1158 453 laborum

388 492 520 535 Dulce
551 492 754 537 lenimen,
789 491 888 534 mihi
919 506 1088 548 cunque
1121 491 1235 533 salve
1555 492 1599 533 lo

555 573 644 615 Rite
675 573 852 615 vocanti.

256 705 301 734 15.
330 705 422 739 mihi,
449 705 583 743 cuique.
610 704 698 734 salve
723 703 875 735 malebat
901 703 1089 736 Bentleius.

166 819 308 852 Tursell.
336 822 372 852 T.
400 823 437 852 ll.
465 831 498 862 p.
524 820 606 859 ¹74.)
637 840 672 843 —
699 822 858 853 ,llihicun-
880 838 883 875 Ι
906 830 1051 862 prorsus
1084 823 1264 862 repugnat.
1302 839 1335 843 --
1368 821 1448 862 Rite]
1481 823 1601 852 «caste

165 879 225 908 quc
259 873 376 901 autem
413 871 574 910 iungere,
617 870 709 910 quod
747 878 858 910 nuper
908 873 942 901 et
965 879 1038 911 pie,
1074 870 1377 911 quemadmodum
1402 870 1503 901 decet
1532 870 1603 901 tali-

165 919 307 959 quidam
323 920 515 960 proposuit.
536 920 570 950 id
586 929 670 950 vero
689 920 857 951 Latinitati
908 919 973 951 bus
999 921 1030 951 in
1055 920 1255 961 precibus.»

636 1162 670 1196 E
699 1160 743 1196 Χ
770 1161 802 1197 C
831 1161 868 1197 {J
898 1161 937 1198 R
963 1160 993 1196 S
1022 1161 1060 1197 U
1087 1161 1117 1196 S

751 1250 799 1278 „in
825 1248 860 1277 (ῑ.
890 1247 1018 1278 xxxii.
1114 1237 1118 1243 '

258 1347 476 1379 Manifestum
502 1347 537 1378 tit
563 1356 580 1377 e
605 1355 637 1377 v.
664 1347 848 1383 Poscimur,
883 1346 1023 1377 maioris
1054 1355 1094 1377 ac
1118 1347 1285 1386 gravioris
1310 1345 1454 1378 alieuius
1480 1346 1608 1388 incepti

172 1402 269 1442 lyrici
301 1403 367 1433 hoc
399 1411 477 1434 esse
511 1401 615 1433 veluti
647 1401 880 1442 prooemium.
941 1401 1023 1439 Quis
1048 1403 1165 1433 autem
1191 1410 1273 1433 eum
1295 1404 1497 1442 poposcerit,
1537 1412 1604 1434 non

169 1457 276 1498 liquet
310 1467 373 1489 nee
405 1458 500 1489 vanis
533 1456 819 1488 hariolationibus
854 1455 1031 1497 indulgere
1060 1456 1192 1498 placet;
1230 1457 1304 1497 ipse
1330 1458 1423 1489 enim
1448 1458 1606 1490 consulto

170 1521 243 1544 rem
276 1512 480 1551 occultavit,
518 1514 553 1543 ut
589 1512 636 1550 is,
675 1513 732 1552 qui
769 1514 998 1552 poposcerat,
1036 1512 1160 1544 leniter
1195 1512 1382 1544 subridens
1418 1522 1455 1544 se
1492 1514 1606 1554 ipsum

169 1565 559 1609 agnosceretprimus,
597 1576 637 1597 ac
671 1567 818 1599 sortasse
851 1566 957 1599 solus.
1006 1567 1068 1599 Alii
1097 1568 1295 1599 divinarunt
1320 1569 1502 1600 imitatum
1527 1578 1606 1601 esse

170 1624 350 1656 Horatium
374 1623 429 1654 xel
453 1622 497 1654 ab
521 1624 676 1663 Augusto
700 1622 755 1654 vel
773 1631 791 1654 a
809 1624 1012 1654 Maecenate
1030 1622 1085 1654 vel
1109 1623 1153 1654 ab
1171 1623 1236 1654 alio
1254 1625 1368 1655 amico
1385 1623 1439 1656 wel
1457 1633 1476 1655 a
1494 1626 1607 1655 semet

171 1680 244 1720 ipso
269 1678 323 1710 vel
349 1687 368 1710 a
393 1682 519 1710 cuncto
544 1678 671 1719 populo
697 1679 870 1715 Romano:
908 1678 962 1710 alii
988 1678 1031 1710 de
1057 1688 1126 1710 uno
1150 1678 1266 1720 aliquo
1291 1680 1446 1710 carmine
1474 1679 1547 1720 (Od.
1576 1681 1606 1718 «t,

168 1736 199 1766 Ξ.
226 1734 279 1766 vel
305 1735 334 1772 l,
363 1734 412 1774 ¹t·2)
439 1733 641 1773 intelligunt,
669 1733 723 1765 alii
748 1734 792 1765 de
818 1734 964 1766 edendis
981 1733 1197 1766 carminibus
1214 1736 1297 1766 tuno
1314 1735 1383 1766 iam
1401 1734 1604 1773 elaboratis,

173 1791 220 1821 uti
255 1789 374 1821 volunt
409 1788 621 1821 Selioliastae
656 1791 808 1821 veteres.
877 1790 950 1828 Quo
987 1791 1088 1829 igitur
1128 1790 1266 1821 difficile
1307 1789 1390 1821 illud
1430 1791 1607 1831 inceptum

173 1853 342 1886 prospere
376 1844 496 1883 cedat,
533 1845 694 1886 Sapphus
719 1847 860 1876 secutus
885 1845 1086 1886 exemplum
1113 1846 1176 1886 (Fr.
1204 1847 1256 1877 70.
1283 1847 1412 1887 Bergk:
1442 1842 1524 1888 ²242oe
1546 1844 1609 1877 δῖα

171 1898 330 1942 χελύνη,
367 1899 467 1942 λέγε,
504 1898 694 1939 φωνᾶσσα
723 1899 762 1932 δὲ·
794 1901 920 1942 γένεο.)
972 1900 1135 1932 barbiton
1168 1910 1272 1933 suum
1304 1901 1429 1933 salutat
1462 1902 1609 1942 eiusque

173 1958 351 1996 tamquam
388 1957 504 1988 Musae
538 1955 703 1988 auxilium
736 1957 884 1987 invocat.
945 1957 1027 1987 Tota
1061 1958 1180 1988 autem
1212 1956 1397 1989 difficultas
1431 1958 1608 1996 carminis,

173 2011 231 2042 ubi
263 2020 327 2052 per
358 2020 395 2042 se
430 2013 624 2052 spectetur,
663 2010 927 2052 simplicissimi,
966 2012 999 2042 in
1033 2020 1075 2043 eo
1107 2012 1270 2051 vertitur,
1309 2012 1403 2053 quod
1428 2012 1611 2052 ambigunt

174 2068 400 2107 interpretes,
427 2075 580 2106 quonam
607 2066 711 2097 modo
737 2067 890 2097 construi
915 2066 1068 2097 debeant
1093 2066 1202 2098 verba
1227 2077 1258 2097 v.
1288 2069 1316 2098 2.
1344 2068 1430 2106 quod
1452 2086 1470 2090 -
1493 2086 1511 2090 -
1531 2069 1611 2107 plze-

174 2131 241 2159 res,
277 2125 391 2153 utrum
417 2122 460 2152 ad
485 2122 521 2152 Si
544 2139 561 2144 -
586 2139 602 2144 -
627 2125 748 2155 lecum.
784 2130 827 2152 an
852 2121 895 2151 ad
921 2122 1104 2161 sequentia
1129 2131 1207 2162 asse,
1233 2123 1295 2154 dic.
1346 2123 1441 2154 llane
1466 2123 1610 2163 quidem

175 2178 405 2218 posteriorem
431 2178 600 2208 rationem
627 2176 819 2214 Bentleius,
846 2177 1010 2207 Posca‘mus
1033 2177 1257 2217 praeferens,
1286 2178 1486 2209 necessario
1511 2180 1611 2219 sequi

175 2233 296 2263 debuit
322 2241 436 2272 neque
461 2232 553 2263 aliud
578 2241 662 2263 sane
688 2231 877 2272 intelligere
905 2232 1015 2272 potuit
1039 2240 1183 2263 carmen
1208 2241 1316 2272 quam
1341 2233 1407 2263 hoc
1433 2233 1545 2273 ipsum
1572 2234 1609 2265 C.

175 2288 324 2325 xxxii,
363 2287 454 2318 baud
487 2288 569 2319 satis
605 2287 825 2328 expendens,
864 2297 971 2328 quain
1001 2290 1206 2328 arroganter
1234 2287 1288 2319 vel
1318 2289 1432 2329 potius
1457 2288 1611 2320 absurde

176 2342 432 2375 immortalitate
467 2343 636 2384 imprimis
668 2343 811 2383 dignum
843 2344 908 2374 lioe
941 2344 1055 2384 ipsum
1087 2343 1249 2375 odarium
1281 2346 1382 2384 poeta
1409 2342 1607 2376 iudicasset.

178 2398 332 2430 Eandem
369 2399 687 2437 constructionem,
724 2397 878 2430 Bentleio
914 2407 998 2430 sane
1031 2407 1098 2430 non
1133 2399 1313 2440 inspecto,
1353 2399 1468 2431 multis
1493 2399 1610 2431 verbis

177 2453 427 2485 commendare
452 2454 583 2484 studuit
607 2452 801 2494 Gargallus,
829 2453 948 2493 legens
971 2455 1139 2486 Poscinmr
1162 2456 1197 2486 et
1223 2454 1310 2486 alius
1339 2455 1503 2486 carminis
1527 2464 1610 2496 pro-

177 2510 330 2541 oemium
355 2512 449 2540 reete
475 2518 686 2549 agnomen&
722 2510 787 2540 lll’.
815 2509 983 2549 denique,
1018 2508 1170 2541 Bentleio
1196 2518 1264 2541 non
1289 2512 1501 2548 memorato,
1536 2511 1610 2551 ipse

177 2573 316 2605 quoque
349 2564 393 2595 ad
425 2573 524 2604 seqq.
553 2563 681 2595 rettulit
713 2573 777 2595 nec
810 2566 944 2603 tamen,
982 2566 1099 2596 utrum
1131 2565 1176 2596 ad
1212 2565 1278 2596 hoc
1310 2573 1453 2596 carmen
1479 2565 1607 2596 xxxn.

177 2629 219 2651 an
245 2620 287 2650 ad
313 2619 404 2651 aliud
430 2620 592 2656 referret,
619 2619 719 2651 nobis
744 2620 912 2660 exposuit.
951 2619 1080 2652 Verum
1105 2620 1138 2651 lii
1163 2628 1287 2651 omnes
1312 2629 1378 2651 non
1398 2620 1480 2651 satis
1496 2621 1612 2661 pensi-

178 2678 305 2712 tarunt,
331 2684 437 2716 quum
463 2676 589 2706 mirum
616 2675 702 2706 foret
723 2675 788 2706 boc
806 2675 1048 2715 enthymema:
1078 2675 1256 2714 «Bai-bite,
1283 2676 1309 2706 si
1327 2674 1410 2715 quid
1429 2674 1609 2707 ludibundi

179 2731 247 2761 iam
283 2732 362 2761 ante
398 2731 608 2768 cecinimus,
646 2732 788 2771 propter
819 2730 885 2762 hoc
916 2731 1029 2772 ipsum
1064 2740 1155 2763 nunc
1189 2731 1255 2762 iam
1288 2731 1419 2762 serium
1444 2740 1484 2762 ac
1510 2729 1608 2771 longe

180 2786 316 2824 gravius
341 2786 396 2816 dic:
420 2795 564 2818 carmen
598 2786 796 2817 Latinum.»
844 2786 1063 2828 Quapropter
1088 2786 1286 2817 necessario
1313 2785 1532 2818 redeundum
1559 2789 1611 2817 est

296 2865 402 2894 llonu
439 2873 507 2893 vot..
533 2866 552 2893 i.
599 2873 645 2892 ει).
672 2872 771 2893 ›moi‹
794 2865 837 2892 ΙΙΙ.
1353 2866 1383 2892 12
