1997 3219
315 133 394 174 584-
824 136 993 168 uon-xm
1018 137 1239 171 cunnum!

314 242 508 272 castrorum
548 239 773 272 {Iasdrubalis
806 243 840 272 et
878 242 1047 282 Syphacis
1090 233 1171 282 (Liv'.
1209 242 1266 281 307
1297 244 1317 273 5
1353 244 1386 274 et
1420 244 1457 281 63
1494 242 1578 274 Flor.
1616 244 1652 282 Ξ,
1685 245 1742 282 6.,’,

313 295 471 327 incendia
496 296 637 326 navium
655 295 992 335 Carthaginiensium
1009 297 1090 338 (Liv.
1109 297 1169 337 30,
1194 297 1264 338 43):
1291 298 1489 339 Scipionem
1505 299 1634 330 domita
1651 299 1745 339 apud

312 351 454 382 Zamam
478 350 590 382 Africa
616 351 648 382 in
676 350 808 383 Italiam
832 352 1052 384 redeuntem.
1081 370 1116 375 -
1142 352 1211 384 Tali
1235 362 1319 385 vero
1353 354 1486 385 honore
1511 356 1589 395 quis
1612 355 1748 394 dignior

310 406 495 446 Scipione?
520 415 628 446 quem
651 406 781 439 Ennius
805 408 857 439 sic
879 408 1021 439 affatur:
1049 409 1215 448 Quantam
1237 413 1382 441 statuam
1403 411 1502 450 faciet
1517 411 1661 450 populus
1681 411 1747 441 Ro-

310 470 445 499 manus,
471 465 633 500 quantam
654 463 863 501 columnam.
886 472 970 502 quae
992 473 1044 495 res
1068 467 1142 495 tuas
1163 467 1271 505 =qescas
1292 465 1472 503 loquatur?
1496 466 1625 497 Horatii
1646 466 1748 505 igitur

310 516 478 556 aequales
498 518 558 557 qui
581 516 636 548 illa
659 519 857 550 castrorum
881 518 1093 559 naviumque
1118 520 1279 551 incendia
1303 529 1479 552 marmore
1503 529 1670 562 expressa
1694 521 1748 552 vi-

311 572 461 611 dissent,
496 572 656 613 prosecto
688 582 770 619 cum
801 574 865 605 hos
888 583 1012 606 versus
1037 574 1201 615 legebant
1223 584 1293 607 non
1313 578 1493 617 poterant,
1530 579 1569 608 ut
1592 575 1747 608 nonnulli

312 628 522 668 interpretes
557 629 682 668 nostri,
733 628 776 660 (le
812 630 954 661 incensa
989 640 1008 662 a
1043 631 1202 671 Scipione
1239 632 1373 663 minore
1410 632 1617 672 Carthagine
1653 632 1748 672 eogi-

311 684 418 714 tare.»
465 684 625 724 Denique
650 685 962 716 commemoranda
987 687 1041 717 est
1070 686 1174 717 etiam
1198 687 1343 727 Iahnii*)
1369 689 1529 728 speciosa
1553 687 1747 728 explicatio,

310 747 377 779 qua
403 740 594 779 genitivum
617 740 685 771 eius
707 750 776 772 non
801 741 846 772 ab
873 741 1011 773 obiecto
1041 742 1154 773 laudes
1177 742 1241 773 sed
1265 751 1283 773 a
1307 742 1467 775 subiecto
1490 744 1641 774 incendia
1660 752 1750 784 pen-

310 794 394 826 dere
418 794 507 834 volt,
540 797 579 827 ut
603 797 773 827 sententia
798 797 857 828 sit:
896 806 991 828 «non
1015 798 1089 837 ipsa
1113 797 1285 837 Karthago
1315 797 1476 828 incendio
1500 796 1613 829 deleta
1638 796 1682 828 ab
1707 806 1750 828 eo

310 851 368 891 qui
394 859 524 882 nomen
547 852 684 892 accepit
707 860 726 882 a
750 851 881 883 domita
899 852 1047 884 Africa.»
1078 853 1190 890 Quam
1206 853 1532 893 interpretationem
1548 861 1617 892 quo
1634 853 1750 884 minus

309 906 524 947 prohemuS‚
562 907 643 939 facit
668 908 702 938 et
733 908 946 939 constructio
970 908 1157 940 dur1ssima
1192 909 1227 939 et
1250 901 1345 948 quod
1367 908 1480 940 laudes
1503 909 1671 948 genitivo,
1706 907 1752 939 ad

313 971 420 1002 quem
444 962 658 1002 reserantur⁷
685 972 807 995 carere
832 964 889 994 vix
913 955 1085 1004 possunt.)

399 1019 473 1049 Iam
496 1027 580 1049 vero
605 1018 762 1050 Meineke
787 1018 919 1059 legem,
946 1027 1052 1059 quam
1077 1019 1239 1051 Horatius
1263 1020 1298 1050 in
1321 1019 1374 1051 his
1398 1019 1612 1051 carminibus
1636 1018 1753 1051 Ascle-

308 1073 442 1115 piadeis
467 1074 668 1105 constanter
690 1075 832 1106 secutus
858 1075 928 1113 est,
954 1073 1065 1115 probe
1090 1074 1352 1114 animadvertit,
1378 1076 1494 1107 omnia
1531 1076 1566 1106 in
1589 1075 1752 1115 strophas

313 1130 565 1170 quaternorum
589 1138 757 1161 versuum
782 1129 970 1161 dividenda
988 1139 1087 1169 esse,
1116 1132 1150 1162 et
1178 1140 1268 1171 quae
1294 1131 1470 1164 vocabant
1495 1129 1752 1176 μονόστροφα

312 1185 384 1224 (Od.
414 1186 448 1224 4,
480 1186 509 1216 4.
536 1185 609 1216 Lib.
636 1185 674 1224 3,
705 1185 771 1225 30.)
798 1187 832 1217 et
866 1195 956 1226 quae
988 1184 1178 1231 δίστροφα
1219 1187 1292 1227 (oa.
1320 1188 1354 1226 4,
1387 1188 1417 1218 3.
1445 1187 1496 1219 43.
1524 1188 1575 1218 49.
1614 1185 1687 1218 Lib.
1714 1186 1750 1224 3,

311 1240 342 1271 9.
376 1241 426 1272 45.
455 1241 507 1272 49.
533 1241 586 1272 24..
614 1242 666 1272 ⁶25.
693 1241 746 1273 ⁶28.
774 1241 847 1273 Lib.
875 1241 910 1281 4,
939 1243 968 1273 4.
995 1241 1039 1281 3.)
1077 1243 1111 1273 et
1142 1243 1300 1282 systema
1324 1242 1594 1284 Asclepiadeum
1618 1243 1750 1279 maiuS,

311 1295 394 1327 olim
416 1293 690 1341 μονόστροφον
718 1297 790 1337 (Od.
819 1298 854 1336 4,
882 1298 933 1329 Μ.
962 1298 1013 1329 118.
1051 1297 1125 1329 Lib.
1150 1297 1189 1336 4,
1221 1298 1300 1338 40.).
1348 1298 1629 1338 Haudquaquam
1653 1298 1755 1337 igitur

312 1351 480 1384 credibile
506 1354 559 1383 est
582 1352 692 1384 semel
722 1353 967 1384 tantummodo
992 1353 1036 1384 ab
1061 1362 1103 1384 eo
1127 1353 1219 1384 hanc
1242 1352 1357 1393 legem
1382 1354 1566 1394 migratam
1591 1362 1689 1392 esse,
1720 1353 1755 1383 et

312 1407 457 1447 quidem
480 1408 514 1438 in
540 1408 694 1439 carmine
718 1409 908 1440 maturiore
933 1410 1002 1440 iam
1026 1410 1140 1440 aetate
1166 1410 1374 1450 composito.
1423 1409 1643 1449 Quapropter
1669 1417 1753 1449 pro-

310 1462 427 1494 babile
452 1463 490 1494 fit
514 1466 596 1501 aut,
633 1463 728 1502 quod
757 1463 811 1494 ille
843 1465 1019 1496 asteriscis
1046 1464 1269 1504 significavit,
1307 1464 1439 1505 aliquot
1467 1463 1660 1496 versiculos
1684 1464 1752 1495 iam

315 1519 504 1559 antiquitus
529 1519 721 1557 excidisse,
749 1520 809 1550 aut
832 1518 963 1559 aliquot
988 1528 1131 1558 eorum,
1160 1529 1248 1560 quos
1279 1519 1358 1551 libri
1383 1520 1563 1558 exhibent,
1599 1520 1755 1559 interpo—

313 1574 414 1605 latori
449 1574 584 1605 deberi.
646 1575 767 1615 Itaque
803 1575 836 1605 in
860 1574 1037 1615 prioribus
1075 1574 1285 1606 editionibus
1318 1576 1398 1616 post
1436 1584 1469 1606 V.
1508 1576 1559 1606 47.
1592 1573 1754 1605 lacunam

312 1630 464 1662 duorum
508 1638 676 1661 versuum
722 1632 975 1669 statueramus,
1023 1629 1150 1670 quibus
1186 1631 1288 1670 poeta
1332 1630 1460 1670 partim
1495 1629 1655 1661 incendia
1700 1629 1755 1660 illa

312 1687 358 1717 ita
393 1684 585 1723 definierit,
633 1687 670 1716 ut
710 1694 795 1716 vero
830 1694 949 1716 rerum
984 1685 1094 1716 ordini
1133 1685 1276 1716 minime
1328 1686 1582 1725 repugnarent,
1629 1685 1755 1726 partim

314 1741 460 1772 modum
495 1741 672 1779 indicarit,
721 1749 790 1781 quo
826 1741 995 1781 Scipionis
1034 1749 1092 1772 res
1127 1741 1245 1780 gestae
1281 1739 1380 1771 aliter
1425 1748 1532 1780 quam
1568 1740 1611 1771 ab
1647 1741 1755 1771 Ennio

313 1797 508 1836 posteritati
549 1795 696 1827 traditae
738 1796 854 1827 minus
884 1795 998 1827 clarae
1028 1796 1164 1827 fuerint.
1213 1797 1310 1827 Nune
1343 1804 1447 1834 vero,
1495 1797 1615 1836 utpote
1651 1797 1685 1827 in
1718 1805 1756 1827 re

316 1851 418 1883 nimis
451 1851 600 1890 incerta,
644 1851 688 1882 ab
724 1852 818 1883 omni
847 1851 900 1883 vel
937 1851 1081 1882 lacunae
1115 1850 1169 1882 vel
1206 1850 1480 1892 interpolationis
1504 1851 1755 1891 significatione

319 1907 351 1937 in
375 1907 442 1938 hoc
466 1907 620 1938 carmine
648 1906 898 1945 abstinuimus,
934 1908 971 1938 ut
1005 1906 1126 1938 lectori
1158 1906 1311 1938 liberum
1335 1906 1517 1938 arbitrium
1542 1908 1600 1946 sit,
1637 1908 1756 1938 utrum

319 1962 516 1994 remedium
541 1962 710 1994 adhibere
735 1962 832 2002 velit,
867 1964 905 1994 ut
928 1963 1095 2004 strophae
1121 1964 1374 2002 quaternorum
1397 1971 1568 1995 versuum
1592 1963 1754 1994 evadant.

317 2019 485 2049 Ceterum
510 2027 579 2049 non
604 2017 738 2049 silentio
763 2018 818 2049 hic
841 2018 1141 2058 praetereundum
1166 2020 1237 2057 est,
1270 2017 1363 2050 illam
1386 2017 1500 2058 legem
1532 2018 1755 2058 quantumvis

318 2073 419 2105 nobis
455 2073 669 2104 arridentem
704 2082 723 2104 a
751 2073 867 2105 multis
901 2074 983 2105 viris
1019 2073 1129 2105 doctis
1164 2074 1292 2105 acriter
1326 2074 1566 2114 impugnatam
1602 2082 1700 2112 esse,
1737 2082 1755 2104 a

320 2128 412 2160 nullo
437 2130 554 2160 aerius
579 2138 685 2169 quam
710 2135 735 2160 a·
753 2129 910 2161 Deodato
935 2129 1146 2168 Frffldichio,
1185 2130 1243 2170 qui
1269 2130 1322 2160 his
1346 2129 1465 2161 verbis
1495 2130 1528 2160 in
1553 2138 1631 2161 eam
1656 2130 1753 2160 inve-

319 2185 395 2215 ctus
420 2186 491 2216 est:
531 2197 545 2213 «
559 2186 613 2216 Da
636 2185 671 2216 in
698 2185 803 2216 diesen
823 2185 1119 2225 Asklepiacleischen
1145 2185 1318 2217 Geclzfchten
1341 2186 1506 2216 clm-chaus
1527 2194 1593 2215 nm·
1615 2185 1666 2216 ein
1688 2185 1756 2215 ‹11¹›ch

319 2240 451 2272 ‹lieselbe
479 2241 611 2272 I'ersart
633 2241 861 2280 wiederlrchrc,
888 2242 970 2272 auch
995 2241 1046 2272 <lic
1070 2241 1244 2272 Gedanlccn
1265 2241 1460 2281 Iseineswefjs
1478 2240 1563 2271 auch
1585 2249 1650 2271 izw·
1666 2240 1757 2271 ihren

319 2296 560 2335 Hauplparlien
595 2296 676 2327 nach
713 2297 779 2327 sich
813 2297 877 2337 auf
897 2298 934 2336 jc
960 2298 1030 2328 riei·
1052 2298 1119 2328 wid
1151 2297 1222 2328 rior
1253 2297 1345 2327 I'ersc
1374 2296 1519 2327 *rertlzcilt
1544 2295 1754 2335 entwielseln,

319 2352 458 2382 sonrlern
490 2352 644 2383 ‹uielmelir
677 2352 748 2382 dem
781 2355 918 2383 (iusserit
955 2353 1112 2393 lx'mfangye
1142 2353 1226 2383 nach
1254 2352 1488 2392 inaizniqfalliq
1514 2351 1759 2382 umel1seInund

322 2408 387 2438 sich
411 2407 456 2447 oft
485 2407 530 2438 im
560 2407 692 2448 Anfany
715 2408 793 2438 oder
817 2408 908 2439 Mille
931 2409 1016 2439 eines
1041 2410 1149 2440 l'crses
1172 2408 1396 2447 abschliessen,
1434 2409 1477 2439 da.
1499 2407 1631 2448 (hlgylich
1654 2407 1759 2438 weder

322 2463 387 2493 Ohr
411 2462 489 2494 noc-h
517 2463 673 2494 I'crslaml
702 2463 755 2494 des
777 2464 898 2495 llorers
926 2464 1049 2495 solcher
1073 2464 1222 2495 Gedichle
1246 2465 1314 2496 eine
1337 2464 1458 2495 andere
1480 2463 1663 2503 seheiclzmq
1694 2462 1759 2493 und

405 2712 422 2727 '=
447 2707 546 2735 Ialirb,
572 2709 588 2736 t.
615 2708 726 2736 l'liilol.
751 2716 780 2736 u.
807 2708 982 2743 l'acdagog.
1008 2709 1072 2737 Vol.
1102 2711 1141 2738 22³.
1167 2718 1194 2744 p.
1221 2711 1280 2737 2803.
