1997 3219
268 133 347 175 7⁴28

800 137 968 168 HORATH
994 138 1162 169 EPODoN

323 238 443 280 Nulla
476 238 527 280 sit
557 238 635 281 hae
666 239 805 295 potior
836 240 1064 284 sententia,
1100 235 1393 283 Phocaeorum

378 318 497 361 Velut
526 318 708 375 profugit
737 326 957 362 exsecrata
989 320 1136 362 civitas

320 401 454 455 Agros
485 405 612 455 atque
645 400 773 442 Lares
805 400 965 456 patrios
994 400 1311 458 habitandaque
1342 402 1437 443 sana

374 479 498 535 Apris
529 478 699 536 reliquit
728 486 770 522 et
800 480 1028 537 rapacibus
1060 481 1195 538 lupis,

1650 482 1704 522 ’ΞΟ

322 560 385 601 lre
417 560 551 616 pedes
583 574 843 617 quoeunque
874 561 1029 611 serent,
1063 575 1323 618 quoeunque
1355 576 1432 619 per
1463 561 1599 604 undas

377 641 509 682 Notus
541 640 710 683 vocabit
740 647 812 683 aut
840 648 1066 697 protervus
1095 641 1272 685 Africus.

321 721 389 763 Sie
410 720 580 777 placet?
611 735 663 763 an
684 721 836 763 melius
858 722 954 778 quis
975 721 1103 765 habet
1121 722 1306 765 suadere
1322 723 1342 763 ?
1358 748 1413 754 —
1431 723 1629 766 Secunda

351 852 403 884 49.
424 853 582 892 proprios
604 852 712 884 Aldus
736 854 856 883 eontra
881 852 992 884 Codd.
1025 861 1124 885 meos
1157 854 1191 885 et
1215 853 1275 885 Ed.
1302 854 1388 885 Ven.
1416 853 1510 886 4484.
1539 854 1661 894 (Ober-

308 901 397 933 linus
422 903 457 933 et
480 903 686 940 Pottierius,
714 902 774 942 qui
797 903 982 933 servarunt
1000 902 1178 942 proprios,
1215 902 1259 934 de
1283 903 1356 934 suis
1381 902 1491 934 Codd.
1522 906 1659 939 taeent;

308 960 373 982 nec
397 952 591 991 quidquam
616 952 659 983 de
684 951 751 982 hae
774 959 847 981 var.
873 950 1074 992 Bentleius.)
1104 970 1138 974 —
1179 953 1233 983 ⁶24.
1257 952 1367 992 ferunt
1390 952 1498 991 bSTc,
1517 954 1557 984 Lt
1582 954 1660 993 (non

307 1001 348 1039 B,
376 1002 419 1039 C,
446 1001 577 1039 Bentl.,
604 1001 684 1042 ΡΜ).

263 1116 370 1158 ὁοσις
392 1119 494 1151 Nulla
516 1120 557 1151 sit
579 1120 640 1151 hac
664 1121 778 1160 potior
799 1121 959 1151 sententia

264 1169 404 1209 (quam)
430 1170 501 1208 Ire,
543 1167 583 1200 ἐν
617 1169 838 1214 παρενθέσει
874 1170 959 1201 Pho-

263 1226 419 1249 caeorum
434 1236 452 1240 —
468 1236 486 1240 -
502 1218 597 1258 lupis.

308 1268 422 1299 47-2‘2.
448 1268 550 1299 Nulla
565 1268 616 1307 stt]
642 1269 781 1300 Poetieo
806 1268 958 1310 impulsu

265 1317 480 1356 concitatus,
517 1319 555 1348 ut
586 1327 650 1359 per
673 1327 711 1350 se
736 1317 955 1358 intelligitur,

264 1375 333 1397 non
368 1367 460 1398 serio
496 1367 562 1398 hoe
594 1367 799 1400 melioribus
824 1367 958 1399 civibus

264 1415 323 1446 dat
340 1415 523 1448 eonsilium
540 1417 713 1448 Horatius.
745 1416 958 1449 Monendum

266 1466 384 1497 tamen
403 1468 477 1497 erat
497 1468 642 1507 propter
659 1475 833 1507 nuperum
851 1475 960 1507 quen-

266 1515 348 1546 dam
380 1516 622 1556 interpretem.
659 1534 694 1538 —
725 1517 957 1555 Phocaeorum]

266 1565 354 1595 Cum
371 1574 401 1595 a.
425 1567 505 1596 ante
524 1565 604 1596 Chr.
625 1565 698 1597 534.
722 1565 766 1596 ab
784 1566 957 1606 Harpago,

265 1614 347 1653 Cyri
382 1613 491 1652 duce,
535 1615 737 1655 gravissima
778 1614 958 1646 obsidione

264 1665 530 1703 premerentur,
569 1672 740 1695 concesso
764 1664 867 1695 unius
892 1664 959 1695 diei

266 1712 309 1743 ad
349 1711 618 1744 deliberandum
658 1713 700 1743 de
741 1712 848 1745 rebus
887 1714 958 1745 suis

265 1763 394 1802 spatio,
423 1771 484 1793 eos
509 1770 697 1793 commune
722 1762 879 1793 mutandi
897 1762 959 1793 soli

267 1811 366 1851 patrii
395 1810 576 1842 eonsilium
602 1811 757 1852 cepisse,
792 1812 871 1842 ante
896 1820 960 1842 au-

266 1862 337 1891 tem
377 1869 483 1900 quam
521 1861 631 1900 patria
670 1860 855 1899 cederent,
894 1870 958 1901 pu-

266 1909 365 1941 blicis
403 1909 702 1941 exsecrationibus
745 1911 960 1942 iuramento-

266 1968 357 1999 que,
390 1968 432 1990 ne
458 1960 535 1999 quis
564 1962 765 1991 remaneret
789 1969 857 1991 neu
882 1961 960 2001 quis

266 2009 361 2048 prius
400 2010 659 2047 reverteretur,
701 2018 807 2049 quam
843 2018 959 2041 massa

267 2058 368 2095 ferri,
412 2067 519 2098 quam
558 2059 644 2089 mari
683 2059 958 2098 immersissent,

267 2107 301 2138 in
353 2107 427 2138 eius
477 2107 662 2147 superficie
716 2109 957 2148 apparuisset,

267 2157 422 2188 sanxisse
453 2165 562 2196 seque
593 2156 821 2188 obstrinxisse
851 2158 961 2189 Hero-

267 2206 369 2237 dotus
402 2206 438 2244 4,
479 2206 553 2237 465.
596 2206 708 2237 tradit.
770 2207 855 2238 Hine
888 2207 962 2239 Cal-

267 2254 337 2286 lim.
365 2256 499 2295 Fragm.
521 2256 598 2286 209:
626 2256 806 2287 Φωκαὶων
828 2258 962 2301 μέχρις

268 2314 308 2335 κε
342 2305 437 2349 μένῃ
471 2305 590 2347 μέγας
622 2306 676 2336 εῖν
709 2300 770 2337 ἁλὶ
804 2303 959 2351 μύδρος.

269 2354 337 2384 (Isr.
366 2353 477 2384 Scliol.
506 2355 539 2384 in
564 2354 724 2395 Sopbocl.
751 2356 862 2395 Antig.
883 2355 958 2387 ⁶264.

269 2402 391 2433 suidas
410 2403 441 2434 in
460 2403 645 2434 Φωκαέων
661 2399 748 2447 ἀρά.
774 2404 835 2435 Ed.
857 2405 959 2436 Gaisi'.

269 2453 322 2482 lll.
349 2461 383 2492 p.
411 2453 483 2484 626.
525 2453 641 2484 Simile
674 2454 961 2495 Epidamniorum

272 2501 402 2532 facinus
421 2502 528 2533 refert
544 2503 717 2535 Diodorus
737 2505 869 2543 Fragm.
897 2504 962 2534 Ya-

272 2552 325 2581 tie
362 2560 392 2590 p.
425 2551 472 2583 19.
506 2552 623 2590 binii,
663 2562 727 2583 nee
753 2562 835 2583 vero
861 2552 960 2593 longe

271 2599 373 2630 distat
406 2601 562 2633 Aristidis
592 2602 849 2633 iusiurandum:
888 2597 961 2646 (ὅρ-

271 2657 353 2679 moc-
370 2667 386 2671 —
405 2647 491 2689 τοὺς
508 2646 691 2692 ’Έλληνας
715 2651 779 2682 καὶΛ
809 2646 961 2691 (ὄμοσεν

274 2694 366 2742 ὑπὲρ
390 2697 462 2729 τῶν
483 2695 687 2742 Ἀθηναίων
710 2697 877 2745 μύδρους
893 2700 961 2742 ἐμ-

1009 1115 1138 1157 βαλών
1162 1117 1223 1150 ἐπὶ
1246 1121 1329 1159 ταῖς
1351 1114 1463 1167 ἆρᾳῖς
1479 1120 1532 1160 εἰς
1548 1117 1616 1161 τὴν
1632 1117 1705 1151 θά-

1010 1167 1159 1200 λατταν.
1186 1168 1272 1200 Plut.
1298 1169 1401 1201 Arist.
1421 1170 1473 1200 25.
1501 1169 1569 1201 Cfr.
1599 1170 1704 1202 etiam

1011 1217 1098 1250 Flor.
1131 1218 1166 1257 3,
1205 1219 1261 1249 40:
1311 1217 1475 1250 Helvetiis
1513 1228 1704 1251 sacramen—

1010 1271 1078 1298 tum
1092 1268 1172 1307 fuit,
1199 1276 1237 1298 ne
1253 1268 1407 1299 redirent.
1435 1268 1548 1299 Livius
1566 1268 1601 1299 34
1618 1294 1625 1307 ,
1645 1269 1701 1300 4ῒῑ

1008 1317 1045 1348 Id
1077 1326 1109 1348 se
1144 1317 1275 1357 facinus
1299 1318 1388 1356 (sese
1422 1318 1573 1349 invicem
1610 1319 1704 1349 ocei-

1011 1366 1127 1406 dendi)
1158 1369 1431 1405 perpetraturos,
1468 1367 1705 1405 praeeuntibus

1009 1424 1235 1448 EXSECRABILE
1283 1424 1416 1447 carmen
1461 1416 1703 1455 sacerdotibus,

1010 1466 1082 1496 iure
1119 1465 1262 1495 iurando
1300 1465 1411 1495 adacli
1444 1464 1638 1505 (Abydeni).
1669 1483 1703 1486 —-

1011 1514 1195 1553 eoesecrata]
1231 1513 1342 1553 signif.
1381 1513 1513 1545 formae
1547 1514 1702 1552 mediae,

1013 1572 1112 1594 «eum
1138 1572 1175 1594 se
1201 1562 1284 1594 diris
1312 1562 1546 1594 dexovtsset.»
1573 1563 1703 1595 Herod.

1011 1612 1031 1644 l.
1061 1612 1083 1643 l.
1120 1609 1354 1653 ἐποιήσαντο
1391 1609 1550 1657 ισχι·ρὰς
1588 1611 1706 1643 κατά-

1010 1672 1090 1707 ρας.
1139 1661 1213 1692 Noli
1258 1662 1402 1700 iungere
1435 1670 1515 1692 cum
1548 1662 1706 1702 Porphy-

1011 1712 1127 1742 rione:
1157 1714 1349 1742 «exsecrata
1369 1720 1469 1751 agros
1491 1714 1590 1750 atque
1605 1712 1706 1743 Lares

1005 1761 1147 1799 ΡαΙι-ἱοε,
1159 1760 1308 1800 profugit
1319 1769 1347 1798 3»
1363 1760 1580 1801 sedprofugsit
1592 1769 1704 1801 (tyros,

1012 1811 1046 1840 ut
1061 1809 1195 1840 Colum.
1217 1811 1247 1848 4,
1266 1810 1302 1840 3:
1321 1812 1552 1849 ut-—propter
1566 1810 1707 1841 iniurias

1009 1858 1194 1890 vicinorum
1216 1859 1305 1889 sedes
1327 1867 1405 1890 suas
1422 1859 1644 1900 profugerint.
1666 1877 1701 1882 —

1005 1908 1153 1947 patrios]
1194 1906 1488 1953 ποιητικώτερον
1512 1911 1565 1941 est
1599 1918 1705 1950 quam

1005 1960 1171 1999 proprios,
1190 1959 1288 1989 euius
1304 1957 1462 1990 lectionis
1479 1960 1620 1991 omnino
1638 1961 1707 1991 exi—

1012 2018 1077 2048 gua
1092 2008 1230 2039 videtur
1246 2008 1444 2039 auctoritas.
1463 2026 1496 2029 —
1511 2009 1610 2048 pedes
1622 2018 1652 2048 q.
1666 2010 1704 2050 fi]

1013 2058 1062 2090 Cf.
1082 2058 1144 2089 Od.
1171 2058 1206 2096 3,
1228 2058 1239 2088 i
1250 2058 1284 2096 4,
1305 2056 1356 2088 4-9.
1380 2075 1414 2079 -
1436 2059 1622 2098 protervus]
1653 2059 1702 2091 Cf.

1012 2107 1073 2139 Od¹
1091 2108 1103 2138 4
1119 2133 1124 2146 ,
1140 2107 1199 2146 ⁶26,
1220 2107 1255 2138 ⁶2:
1279 2107 1471 2146 protervis-
1483 2108 1596 2138 ventis.
1611 2108 1702 2149 Virg.

1011 2158 1096 2188 Aen.
1122 2157 1157 2195 4,
1183 2156 1259 2187 536:
1282 2156 1479 2195 procacibus
1499 2157 1638 2188 Austris.

1055 2206 1108 2237 23,
1136 2205 1188 2237 ⁶24.
1216 2206 1269 2237 Sic
1288 2205 1432 2246 placel‘.)]
1464 2206 1532 2237 «Ex
1559 2206 1703 2239 formula

1013 2255 1189 2292 solleinni;
1227 2263 1306 2285 eum
1337 2255 1428 2286 enim
1455 2254 1702 2295 consulebant,

1013 2306 1062 2337 sie
1079 2304 1327 2345 loquebantur:
1357 2304 1576 2337 «l‘laeetne9»
1596 2306 1703 2344 «Quid

1014 2356 1087 2387 fieri
1127 2354 1295 2395 placeti»
1336 2357 1370 2385 et
1409 2355 1441 2386 in
1481 2355 1705 2387 decernendo

1013 2404 1153 2445 plaeere
1191 2404 1325 2436 senatui
1350 2404 1403 2435 vel
1431 2414 1498 2436 non
1528 2405 1703 2446 placere»,

1012 2455 1132 2485 Bas-n.
1161 2454 1221 2484 Cui
1241 2454 1360 2484 contra
1377 2453 1459 2485 dicit
1476 2454 1535 2486 Ed.
1556 2454 1705 2486 Leiden-

1013 2504 1076 2541 sis,
1103 2503 1166 2534 sed
1191 2503 1374 2535 manifesto
1399 2505 1598 2535 contionem
1620 2503 1705 2535 allo—

1013 2554 1071 2593 qui
1097 2563 1134 2585 se
1159 2553 1253 2593 fingit
1276 2556 1389 2593 poeta.
1421 2572 1454 2576 —
1487 2554 1638 2585 Secunda
1654 2572 1671 2576 -
1688 2571 1704 2575 —

1013 2603 1099 2644 alise]
1127 2603 1258 2645 «αἰσίῳ
1286 2599 1426 2647 ὄρνιθι,
1463 2603 1557 2634 bono
1589 2603 1704 2634 omine

1013 2654 1156 2693 propter
1179 2653 1294 2692 ipsum
1320 2653 1385 2684 hoe
1408 2654 1478 2684 tam
1494 2660 1703 2693 generosum

1014 2700 1196 2733 eonsilium
1221 2700 1372 2733 oblato.»
