1997 3219
704 213 833 244 [1813st

884 214 1010 244 mim
1041 214 1123 245 Vlll.

1535 212 1588 254 69
1599 211 1607 252 l

464 315 606 357 Podex
638 315 752 357 velut
783 315 940 358 crudae
971 315 1104 358 bovis.

407 395 490 437 Sed
524 396 663 438 incitat
695 410 761 438 mc
793 404 941 452 pectus
973 403 1014 438 et
1043 409 1252 438 mammae
1283 403 1447 453 putres,

463 476 625 532 Equina
657 475 808 533 quales
841 476 993 525 ubera,

408 557 647 612 venterque
679 556 815 598 mollis
847 564 888 599 et
919 557 1053 599 femur
1087 556 1342 598 tumentibus

467 635 580 678 Exile
612 637 723 679 suris
755 637 969 679 additum!

1569 636 1583 677 1
1595 639 1621 677 1)

411 717 507 758 Esto
539 716 681 765 beata,
716 718 839 758 sunus
870 723 997 773 atque
1030 716 1234 773 imagines

462 798 625 839 Ducant
656 796 933 853 triumphales
966 803 1104 845 tuum,

409 879 494 919 Nec
525 877 578 919 sit
607 877 776 925 marita,
811 891 922 934 quac
955 877 1272 919 rotundioribus

465 959 628 1000 Onusta
659 957 778 1000 bacis
810 956 1008 999 ambulet.

409 1038 541 1089 Quid,
575 1037 691 1094 quod
723 1037 852 1080 libelli
885 1038 1012 1080 Stoici
1044 1039 1152 1081 inter
1183 1039 1345 1081 sericos
1575 1039 1622 1080 ’15

467 1120 612 1161 Iacere
643 1117 840 1174 pulvillos
872 1119 1050 1160 amant?
1111 1126 1114 1132 '

414 1198 598 1241 illiterati
631 1214 731 1240 num
762 1199 900 1241 minus
931 1199 1049 1241 nervi
1080 1199 1239 1255 rigent.

276 1355 326 1385 17.
356 1354 523 1386 illiteratis
547 1357 578 1385 et
603 1355 751 1395 Μαρέῃ-ο
776 1362 857 1385 cum
873 1354 994 1385 Guieto
1020 1354 1063 1385 ad
1088 1355 1224 1386 Terent.
1245 1355 1350 1387 Andr.
1378 1355 1398 1388 4

230 1402 320 1434 lebat
347 1403 534 1435 Bentleius.

189 1537 299 1569 forme
324 1547 432 1578 quam
449 1539 642 1570 crassiores
667 1538 778 1579 pedes
795 1537 882 1569 infra

188 1595 300 1628 genua
318 1596 397 1619 esse
420 1596 527 1628 quam
551 1597 692 1629 super.»
718 1589 881 1619 ponpam.

233 1636 377 1668 11-14.
418 1638 495 1668 Esto
531 1637 636 1677 beata]
674 1637 881 1668 Concessio:

191 1685 294 1716 «Esto
329 1686 490 1725 quamvis
526 1686 624 1717 dives
659 1694 700 1717 ac
739 1685 881 1723 nobilis,

189 1736 294 1774 atque
320 1734 422 1766 sunus
447 1737 546 1766 tuum
570 1735 784 1776 praecedant
802 1735 886 1766 ima-

190 1784 287 1823 gines
303 1784 476 1815 maiorum
493 1785 650 1823 tuorum,
677 1785 735 1824 qui
761 1785 886 1816 trium-

189 1834 279 1874 phos
297 1835 476 1873 egerunt.»
503 1834 674 1873 Imagines
693 1835 785 1865 enim
808 1833 884 1866 illae

191 1883 296 1914 etiam
322 1883 353 1913 in
379 1884 621 1914 matronarum
645 1882 815 1915 nobilium
831 1883 887 1915 su-

192 1931 335 1963 neribus
371 1930 603 1962 ducebantur.
646 1933 716 1962 Cic.
747 1932 790 1963 de
827 1932 883 1963 Or.

190 1981 227 2018 ἓ,
255 1982 314 2019 55,
343 1981 415 2012 2275.
442 1981 572 2011 Verum
596 1981 815 2012 amarissima
833 1982 887 2012 est

194 2031 324 2062 funeris
349 2031 420 2060 tam
449 2031 570 2069 aperta
597 2030 726 2060 mentio
753 2030 797 2067 (ut
821 2028 884 2060 Od.

192 2079 210 2110 3
225 2105 231 2116 ,
252 2080 308 2117 15,
326 2078 358 2110 4.
386 2077 521 2110 Chloris
539 2081 670 2109 inanit-o
681 2079 823 2117 propior
837 2078 889 2118 su-

190 2128 302 2168 mm),
341 2136 408 2168 qua
434 2129 598 2158 monetur
623 2127 887 2168 intempestivos

192 2178 261 2208 iam
286 2185 364 2208 esse
390 2176 465 2208 eius
498 2184 650 2207 amores.
681 2193 715 2198 -
742 2177 887 2215 Ducant]

193 2226 262 2258 Csr.
289 2226 444 2258 Senecae
471 2226 634 2257 Controv.
660 2226 694 2263 l,
722 2225 756 2256 6:
792 2227 888 2257 Pom-

188 2276 301 2315 peium
317 2275 344 2306 si
366 2275 586 2306 hereditariae
602 2275 790 2305 extulissent
808 2275 890 2305 ima-

193 2327 300 2367 yines,
327 2335 418 2357 nemo
434 2327 595 2367 Μαφιαηι
624 2326 768 2357 ctu-isset.
810 2326 885 2357 vid.

194 2376 327 2407 Becker
340 2376 454 2406 Gallus
468 2374 539 2415 (Ed.
555 2374 625 2413 alt.)
642 2376 693 2406 111.
711 2384 744 2415 p.
760 2375 834 2406 28¹.
852 2393 885 2396 —

193 2424 329 2465 marita]
356 2426 570 2456 «matrona»
597 2424 665 2455 (Ilr.
686 2423 807 2455 (zatun.
828 2425 886 2461 67,

194 2474 232 2504 6:
263 2474 438 2513 Postquam
461 2477 505 2504 est
525 2476 678 2512 porrecto
700 2474 791 2513 sacta
815 2483 888 2504 ma-

196 2524 263 2553 rita
286 2532 368 2554 sene.
401 2522 498 2553 Ovid.
530 2523 617 2554 Fast.
649 2523 687 2559 Ξ,
720 2522 799 2553 1311ῑ
839 2523 890 2553 liic

199 2572 349 2611 (Caesar)
385 2575 495 2602 castas
529 2572 609 2602 duce
641 2580 673 2602 sc
707 2571 791 2602 iubet
826 2580 891 2603 esse

193 2621 345 2651 maritas.
373 2621 557 2652 Praeterea
576 2621 750 2661 reperitur
775 2619 886 2651 subst.

197 2671 230 2702 in
248 2669 379 2710 aliquot
404 2670 573 2710 Inscriptt.
593 2670 682 2700 tertii
701 2668 753 2700 vel
776 2670 889 2710 quarti

198 2721 275 2760 post
307 2719 388 2751 Chr.
415 2718 535 2750 seculi.
565 2737 599 2741 —
627 2718 726 2759 bacis]
759 2719 890 2750 notun-

197 2769 286 2799 ditas
318 2769 463 2800 uniones
499 2768 741 2804 commendat,
787 2770 821 2799 ut
857 2770 890 2800 et

1414 1381 1420 1395 ‚
1451 1357 1477 1387 1.
1505 1364 1583 1387 ma-

934 1538 1067 1569 candor
1099 1540 1131 1570 et
1162 1539 1365 1579 magnitudo
1401 1541 1435 1571 et
1463 1539 1561 1571 levor
1593 1541 1628 1571 et

935 1587 1091 1628 pondus,
1119 1589 1157 1619 ut
1180 1588 1301 1620 scribit
1326 1587 1454 1620 Plinius
1472 1589 1511 1620 H.
1530 1589 1570 1619 N.
1598 1588 1628 1628 9,

935 1637 987 1668 35.
1028 1637 1159 1669 «Bacae
1185 1640 1263 1669 sunt
1290 1638 1436 1669 uniones
1471 1646 1535 1669 seu
1557 1646 1634 1677 per-

935 1686 1001 1717 uli»
1038 1686 1069 1726 (i.
1101 1695 1132 1718 e.
1158 1685 1366 1732 βήρυλλοι,
1404 1687 1485 1718 hinc
1518 1687 1629 1726 ρει-ιε,

933 1735 1072 1776 Perlen).
1114 1736 1223 1767 Comi.
1263 1738 1365 1772 Caro.
1398 1753 1434 1758 —
1476 1736 1630 1778 ambulet]

936 1784 1109 1825 «superba
1149 1786 1287 1817 incedat
1321 1794 1386 1826 per
1418 1785 1551 1826 plateas
1591 1794 1633 1818 ac

935 1834 1065 1865 vicos.»
1092 1834 1204 1875 Epod.
1235 1834 1273 1874 4,
1303 1836 1342 1866 5:
1369 1835 1456 1867 Licet
1478 1835 1636 1875 superbus

936 1883 1081 1914 ambules
1098 1885 1254 1923 pecunia.

981 1933 1089 1963 ι15-20.
1105 1932 1201 1963 libelli
1214 1934 1314 1964 Stoici
1324 1933 1404 1974 cet]
1421 1933 1545 1965 «Solita
1559 1936 1636 1965 erat

936 1981 1023 2012 haec
1056 1979 1164 2012 libros
1198 1981 1487 2023 philosophorum
1525 1983 1630 2013 etiam

937 2030 969 2060 in
1000 2028 1098 2061 lectis
1123 2031 1296 2070 repositos
1321 2030 1471 2069 habere,
1509 2032 1547 2062 ut
1570 2031 1635 2061 ad·-

936 2079 1098 2110 veniente
1123 2081 1280 2111 amatore
1298 2079 1479 2111 simularet
1503 2089 1540 2111 se
1558 2080 1634 2121 phi-

937 2128 1115 2169 losophiae
1151 2129 1314 2167 studere,
1360 2138 1428 2160 non
1464 2128 1632 2162 libidini.»

938 2178 1048 2209 Coun.
1088 2179 1190 2214 (Inue.
1241 2179 1297 2209 «ln
1337 2177 1435 2210 lectis
1474 2178 1632 2211 scribere

937 2226 1115 2266 librosque
1147 2225 1264 2267 legere
1289 2226 1460 2258 solebant*
1478 2227 1630 2259 litterati.

938 2275 1148 2308 Lecticulam
1178 2275 1453 2307 lucubratoriam
1489 2278 1632 2316 Augusti

940 2328 1111 2357 memorat
1136 2326 1229 2356 Suet.
1253 2326 1369 2356 Octav.
1392 2326 1468 2357 78.»
1491 2328 1631 2357 Gusxizii.

939 2375 1072 2406 Acerba
1088 2377 1206 2406 autem
1225 2375 1381 2405 irrisione
1396 2375 1520 2405 Stoicos
1535 2384 1635 2415 prae-

939 2425 1039 2465 cipue
1073 2422 1206 2454 libellos
1233 2424 1263 2454 in
1298 2426 1389 2454 tanta
1423 2422 1556 2454 luxurie
1589 2423 1632 2454 ab

940 2482 979 2505 ea
1005 2472 1116 2504 evolxi
1141 2473 1235 2504 dicit.
1285 2473 1477 2504 Deficiente
1503 2472 1635 2504 scilicet

941 2523 1072 2554 formae
1084 2522 1252 2559 elegantia
1268 2521 1394 2553 talibus
1405 2521 1527 2552 studiis·
1539 2525 1633 2553 certe

940 2571 1109 2604 simulatis
1149 2571 1348 2602 huiusmodi
1387 2580 1474 2602 anus
1513 2570 1634 2602 adole-

940 2623 1079 2653 scentes
1102 2620 1241 2652 allicere
1265 2622 1408 2651 conatae
1427 2628 1505 2650 esse
1531 2621 1635 2650 inter-

941 2669 1025 2701 dum
1041 2669 1212 2702 videntur.
1240 2669 1414 2700 Sententia
1441 2669 1630 2707 igiturest:

941 2719 1122 2757 «Etiamsi,
1147 2718 1447 2759 quemadmodum
1465 2716 1632 2748 Caerellia

940 2766 1013 2806 illa,
1044 2768 1221 2798 Ciceronis
1238 2767 1368 2805 amit-a,
1395 2765 1633 2808 philosophiae
