1997 3219
286 122 365 162 302
796 122 960 154 iiouATn
989 121 1208 153 (minumum

626 227 745 268 Parte
776 225 959 267 beatum.

516 349 694 391 Abstulit
723 348 883 390 clarum
913 347 993 390 cita
1025 361 1138 388 mors
1170 346 1393 389 Achillem.

510 431 653 485 Longa
685 428 907 470 Tithonum
938 428 1088 469 minuit
1117 434 1338 471 senectus,
1670 428 1722 466 :30

512 511 559 551 Et
589 508 687 550 mihi
721 509 883 555 forsan,
917 508 990 550 tibi
1023 507 1138 564 quod
1172 508 1357 562 negarit.

630 589 819 645 Porriget
848 588 964 630 hora.

511 715 566 755 Te
597 726 750 768 greges
782 719 952 754 centum
983 710 1239 774 Siculaeque
1272 711 1429 753 circum

332 952 383 983 ⁴29.
410 951 462 982 30.
489 949 628 990 clarum]
654 949 890 989 «sempiterna
907 948 982 988 qui-

288 1001 370 1033 dem
395 1000 500 1041 gloria
525 997 771 1036 excellentem,
809 997 873 1028 sed
897 998 978 1028 item

287 1047 554 1092 ιιιινωιίἳάόιον,
591 1043 827 1092 ὠκύμορον.»
864 1064 899 1068 —
929 1047 982 1076 Τι’-

288 1102 438 1137 thonum,
473 1096 716 1129 Laomedontis
741 1095 869 1134 filium,
897 1104 982 1126 con-

288 1149 439 1189 sumpsit
455 1147 610 1183 senium,
637 1146 717 1185 quia
735 1147 880 1183 Aurora,
900 1153 981 1176 cum

288 1210 307 1230 a
332 1200 412 1229 love
437 1194 734 1228 immortalitatem
751 1195 782 1226 ei
798 1195 983 1235 impetras-

288 1250 358 1284 set.
395 1242 627 1290 ἀγηρασίας,
661 1246 826 1275 aeternae
856 1244 982 1275 iuven-

290 1298 382 1335 tutis,
402 1294 644 1335 ei'ssagitandae
662 1293 769 1325 oblita
786 1295 872 1332 erat,
892 1293 981 1324 adeo

289 1348 341 1384 ut.
373 1343 675 1386 quemadmodum
699 1344 818 1373 narrat
841 1343 982 1374 Servius

289 1396 333 1427 ad
356 1397 415 1426 Ge.
436 1396 447 1426 1
465 1420 471 1433 ,
498 1393 588 1432 4472,
614 1392 756 1424 tandem
773 1392 807 1422 in
826 1392 984 1423 cicadam

290 1445 573 1481 converteretur,
611 1441 706 1481 quod
740 1443 859 1472 tamen
894 1450 985 1472 non-

290 1495 375 1525 dum
404 1494 523 1524 narrat
554 1493 678 1531 Hymn.
708 1491 809 1521 Hom.
836 1490 869 1521 in
894 1491 980 1521 Ven.

288 1544 378 1582 2⁴20..
412 1550 527 1582 neque
561 1541 604 1572 de
638 1540 704 1571 hac
726 1537 984 1584 μεταλιιορφώ-

289 1602 347 1624 σει
372 1591 534 1631 cogitavit
556 1590 729 1621 Horatius.
755 1589 984 1621 Mimnermus

290 1642 399 1681 Bergk
424 1649 457 1681 p.
486 1640 567 1671 3³¹5:
605 1635 760 1680 Τιθωνῷ
792 1637 863 1679 μὲν
894 1634 985 1669 ἔδω-

290 1701 353 1723 κεν
376 1686 476 1727 ἔχειν
505 1685 626 1720 κακὸν
656 1683 823 1727 ἄφθιτον
848 1684 869 1719 ὁ
893 1685 986 1727 Ζεὺς

293 1740 434 1786 Γῆρας,
485 1736 507 1770 ὃ
550 1739 615 1769 καὶ
653 1735 824 1770 θανάτου
865 1734 985 1782 ῥίγιον

290 1788 490 1837 ἀργαλέου.
537 1789 704 1820 Ceterum
734 1787 810 1827 lege
842 1789 984 1819 omnino

295 1841 452 1881 Propert.
472 1840 508 1876 ¹2,
529 1838 586 1877 118,
613 1838 642 1868 7.
665 1855 700 1859 —-
719 1838 853 1868 Tithoni
870 1838 984 1877 imago

292 1892 345 1921 est
368 1890 401 1920 in
432 1889 514 1919 Αηη.
542 1887 613 1918 dell’
645 1887 721 1917 Inst.
748 1887 839 1917 arch.
888 1888 924 1918 T.
951 1887 981 1918 8.

292 1948 368 1980 pag.
396 1938 469 1969 110.
499 1955 533 1959 —-
560 1936 611 1967 Ab
632 1936 700 1967 hoc
717 1944 859 1975 quoque
877 1936 985 1967 heroe

291 1988 489 2029 praemium
526 1987 616 2017 vitae
664 1985 905 2025 longissimae,
952 1987 987 2016 et

293 2046 397 2078 quam
423 2045 567 2077 semper
582 2036 744 2075 vegetam
761 2035 833 2066 sore
851 2036 985 2066 Aurora

293 2087 418 2118 frustra
432 2086 648 2126 speraverat,
665 2084 856 2115 senectutis
870 2085 986 2124 ipsum

294 2136 384 2167 lente
416 2134 559 2166 tandem
586 2134 825 2165 consumentis
850 2134 987 2165 incom-

294 2185 407 2217 modis
449 2184 618 2215 luendum
658 2183 763 2215 fuisse
803 2183 985 2223 significat,

296 2237 332 2266 ut
356 2234 567 2265 sententiam
596 2232 690 2264 illam
718 2232 799 2263 nihil
830 2234 896 2263 cet.
924 2232 988 2263 de—

295 2283 414 2315 claret.

339 2333 391 2364 34.
411 2333 462 2364 3¹2.
482 2333 523 2364 Et
538 2331 628 2372 mihi]
643 2331 809 2368 Tertium,
828 2331 865 2361 ut
882 2331 927 2361 ita
941 2330 991 2361 di-

296 2391 386 2421 cam,
402 2381 603 2422 exemplum
619 2381 783 2421 proponit
795 2381 989 2412 sententiae

296 2432 385 2464 illius
401 2441 433 2463 v.
448 2432 515 2470 27„
534 2431 682 2472 petitum
698 2440 717 2461 a
735 2432 848 2461 semet
865 2430 939 2470 ipso
957 2432 992 2462 et

297 2492 314 2512 a
344 2482 520 2522 Grospho,
553 2476 631 2511 ἀπὸ
654 2478 722 2511 τοῦ
747 2476 923 2510 δυνατοῦ.
954 2498 988 2501 -

299 2531 406 2561 «Fieri
438 2532 571 2571 potest,
609 2530 645 2561 ut
679 2528 814 2560 honum
849 2528 991 2568 aliquod

301 2579 423 2611 frustra
456 2589 474 2611 a
500 2582 532 2610 te
566 2580 722 2619 optatum
758 2578 841 2609 mihi
873 2578 992 2617 inspe-

303 2629 389 2659 ranti
420 2628 608 2668 obtingat.»
657 2629 693 2659 ln
725 2629 794 2659 tota
827 2628 990 2658 carminis

303 2676 453 2709 clausula
478 2677 564 2709 lenis
588 2678 676 2709 inest
693 2676 874 2721 εἰρωνεία,
901 2684 989 2715 quae
1016 2673 1019 2690 ἲ

1032 949 1150 979 tamen
1175 948 1390 988 Grosphum,
1417 948 1445 979 si
1469 948 1553 979 tanti
1577 947 1726 979 faciebat

1032 997 1236 1033 Horatium,
1276 997 1446 1036 quantum
1484 1005 1568 1028 sane
1607 1006 1726 1028 mere—

1032 1046 1155 1083 batur,
1195 1045 1374 1076 offendere
1405 1055 1473 1077 non
1503 1048 1652 1087 poterat.
1690 1066 1724 1068 —-

1034 1094 1118 1126 Cod.
1146 1095 1292 1134 Franeq.
1341 1096 1382 1126 Et
1412 1096 1491 1126 mihi
1512 1096 1582 1136 fors
1605 1099 1634 1127 et
1657 1095 1725 1128 libi.

1006 1144 1126 1176 ,unde
1160 1144 1282 1176 Bosius
1317 1145 1513 1184 suspicatus
1548 1147 1601 1177 est
1633 1146 1727 1185 forsit

1033 1194 1108 1231 tibi,
1141 1195 1178 1224 ut
1207 1194 1276 1224 Sat.
1310 1194 1345 1231 11,
1380 1194 1418 1232 6,
1450 1193 1503 1225 49.
1551 1195 1727 1234 Ingratum

1034 1245 1152 1274 tamen
1170 1251 1296 1274 sonum
1320 1243 1343 1273 ii
1368 1243 1391 1273 ti
1408 1242 1529 1283 procul
1547 1243 1654 1275 dubio
1676 1245 1729 1274 vi-

1034 1293 1121 1324 tavit
1150 1294 1272 1333 po‘eta,
1310 1294 1344 1323 et
1376 1293 1434 1333 qui
1463 1294 1600 1333 scripsit
1624 1293 1729 1325 Codi-

1035 1350 1113 1373 ceni
1145 1341 1241 1373 illum
1275 1343 1478 1382 ceteroquin
1510 1342 1603 1373 haud
1629 1351 1729 1383 sper—

1035 1391 1191 1423 nendum
1215 1391 1333 1422 nescio
1359 1392 1584 1430 quomentts
1609 1400 1728 1422 errore

1034 1442 1068 1471 in
1101 1439 1223 1472 salsam
1257 1441 1546 1480 compositionem
1579 1441 1621 1471 Et
1651 1441 1730 1471 mihi

1034 1506 1078 1512 —-
1093 1493 1122 1521 et
1146 1489 1202 1520 tibi
1226 1489 1354 1520 incidit.
1381 1490 1629 1521 Recentiorum
1653 1499 1732 1521 sen—

1035 1548 1115 1571 sum
1146 1540 1289 1570 secutus
1325 1540 1394 1577 est,
1433 1539 1492 1579 qui
1526 1539 1726 1579 proposuit:

1034 1590 1077 1620 Et
1099 1588 1156 1619 tibi·
1188 1588 1319 1629 forsan„
1355 1588 1434 1619 mihi
1458 1589 1524 1619 cet.
1552 1588 1726 1629 interpre-

1036 1640 1147 1669 tatus:
1190 1638 1377 1669 «Fortasse
1413 1639 1445 1668 te
1482 1637 1631 1678 longior,
1672 1646 1730 1669 me

1036 1688 1178 1719 brevior
1201 1687 1269 1718 vita
1295 1688 1447 1718 manet.»
1476 1705 1512 1709 —
1530 1687 1623 1728 hora]
1643 1688 1733 1719 «sin-

1010 1736 1136 1777 .gulae
1172 1736 1392 1775 occasiones,
1433 1738 1537 1776 prout
1571 1738 1730 1777 tempore

1036 1786 1250 1828 procedente
1290 1794 1369 1816 sese
1408 1794 1473 1825 per
1510 1787 1607 1817 vices
1643 1786 1731 1817 oss'e-

1036 1837 1148 1867 runt.»
1196 1836 1260 1866 Pro
1286 1834 1595 1879 ῑτροσωῑῑοῑῑοιΐᾳ,
1622 1837 1661 1866 ut
1686 1836 1731 1866 sit

1036 1885 1090 1917 vel
1108 1886 1198 1916 Hora
1223 1884 1288 1915 dea
1304 1884 1359 1916 vel
1376 1883 1478 1916 latius
1500 1885 1623 1923 etiam,
1651 1885 1733 1915 For-

1036 1937 1130 1973 tuna,
1159 1933 1323 1973 equidem
1347 1934 1479 1965 habere
1505 1933 1622 1965 nolim.
1673 1934 1731 1965 Est

1037 1985 1074 2015 ut
1089 1983 1182 2023 apud
1198 1984 1371 2013 Senecam
1389 1983 1528 2023 Thyest.
1547 1984 1626 2015 598:
1658 1984 1731 2014 lma

1032 2035 1201 2073 permutat
1223 2032 1301 2062 levis
1315 2032 1399 2062 hora
1415 2033 1560 2063 summis.
1602 2034 1730 2064 Contra

1037 2083 1081 2114 de
1112 2082 1212 2113 Horis
1237 2080 1372 2113 deabus
1401 2082 1464 2112 Dio
1489 2082 1670 2121 Chrysost.
1698 2082 1730 2113 in

1039 2131 1248 2164 Charidemo
1295 2131 1347 2162 31.
1396 2140 1428 2171 p.
1476 2130 1551 2162 354.
1609 2132 1728 2187 E¹¹¹PJ²

1039 2180 1301 2213 διακονεῖσθαι
1324 2183 1404 2219 τοῖς
1427 2176 1659 2235 ἀνθρώποις
1666 2178 1732 2220 τὰς

1032 2227 1170 2276 ἿΩρας,
1207 2226 1269 2261 οἶα
1297 2227 1343 2271 δὴ
1384 2227 1572 2269 νεωτάτας
1613 2225 1733 2270 οῑ’σας

1040 2280 1113 2312 τῶν
1137 2278 1247 2318 θεῶν,
1273 2279 1314 2311 εὐ
1345 2279 1415 2321 [Le-v
1426 2276 1646 2335 Ίάμπεχομε
1644 2281 1730 2319 νας,

1041 2327 1160 2369 καλὰς
1193 2328 1233 2361 δὲ
1259 2328 1365 2367 ἰδεῖν
1397 2324 1479 2361 οὔτι
1503 2339 1576 2361 που
1601 2339 1730 2373 χρυσω

1042 2390 1260 2421 κεκοσμηιι
1247 2380 1345 2418 ἑνας
1363 2375 1457 2410 ἀλλὰ
1471 2380 1658 2410 παντοίων
1671 2375 1733 2409 ἆν-

1041 2428 1122 2461 ιθῶν
1146 2427 1363 2469 στεφάνοις.

1085 2528 1137 2560 33.
1164 2528 1215 2560 31.
1247 2529 1370 2570 greges]
1394 2528 1460 2559 «Te
1482 2527 1733 2559 circumbalant

1043 2586 1167 2618 greges
1192 2578 1348 2612 oviumnz
1375 2578 1407 2608 id
1433 2577 1527 2617 quod
1548 2574 1733 2609 assumen-

1044 2628 1128 2659 dum
1142 2636 1184 2658 ex
1197 2636 1295 2667 seqq.
1323 2627 1433 2659 Nolim
1450 2627 1541 2658 enim
1559 2626 1731 2667 explicare

1045 2685 1188 2716 «greges
1221 2675 1412 2708 Sicularum
1444 2684 1666 2707 vaccarum.»
