1997 3219
664 257 739 286 ΗΒ.
769 256 820 286 lll.

871 257 906 287 C.
936 256 1047 287 xxiii.

608 593 919 632 cmlv
959 594 1170 633 xm-

455 705 582 747 Caelo
613 707 787 761 supinas
819 706 853 747 si
886 705 1031 747 tuleris
1063 719 1211 747 manus

452 786 659 828 Nascente
691 787 831 835 Luna,
864 786 1022 828 rustica
1058 785 1254 843 Phidyle,

508 866 549 907 Si
582 864 703 907 thure
734 865 915 921 placaris
950 873 991 908 et
1022 865 1154 907 horna

257 983 369 1015 XXIII.
397 985 505 1015 Inscr.
531 982 622 1024 volg.
647 984 696 1015 Ad
718 984 883 1023 Phidyten.

914 1002 948 1006 ——
985 984 1033 1015 Ad
1055 984 1207 1024 Phidyten
1230 985 1390 1016 rusticam
1412 985 1500 1018 BST.
1531 1005 1564 1010 —

213 1033 368 1064 Philliclae
393 1033 462 1071 (sic)
489 1032 543 1063 iic.
574 1051 608 1054 —
636 1033 666 1064 Ξ.
691 1033 817 1072 l’hislyli
840 1033 994 1065 malebat
1017 1033 1207 1065 Bentleius.
1228 1052 1263 1056 —
1289 1034 1318 1065 3.
1347 1037 1420 1067 ture
1442 1035 1477 1066 T.

213 1137 328 1168 xxm.
355 1137 464 1177 Fingit
487 1137 659 1176 virginem
684 1138 864 1175 rusticam,

170 1186 351 1224 Sabinam,
387 1188 489 1226 puto,
526 1188 649 1218 miram
677 1188 791 1219 decore
810 1188 867 1227 pio

171 1237 267 1276 (stat.
293 1235 401 1267 Theb.
429 1236 465 1273 ¹¹,
492 1236 579 1276 572.)
620 1238 725 1276 atque
753 1245 796 1268 ex
819 1237 869 1267 in-

169 1285 252 1317 tima
276 1285 381 1316 animi
405 1285 576 1316 sententia
602 1286 707 1317 Lares
723 1294 869 1317 venera-

169 1336 284 1365 turum
324 1333 607 1374 fertilitatemque
647 1342 730 1374 agro
770 1344 787 1365 a
828 1343 866 1366 se

171 1381 263 1414 culto
289 1385 514 1423 precatui-am
534 1382 756 1415 nihilominus
783 1393 868 1424 que-

171 1433 216 1470 ri,
243 1432 337 1471 quod
357 1433 478 1472 exigua
497 1432 675 1464 dumtaxat
693 1433 784 1464 <Iona
804 1432 866 1464 inis

171 1482 297 1513 offerre
331 1481 396 1513 sibi
427 1490 637 1513 concessum
667 1483 721 1514 sit.
770 1482 866 1513 Hanc

171 1531 373 1563 consolatur
383 1530 575 1567 affirmans,
595 1532 711 1562 omnia
728 1532 760 1563 in
779 1540 867 1572 puro

172 1580 402 1612 sacrificantis
426 1580 543 1610 animo
572 1580 635 1611 sita
664 1589 762 1618 esse,
804 1590 869 1612 ne-

172 1637 349 1670 quaquan]
379 1629 412 1659 in
442 1630 665 1660 victimarum
688 1630 802 1670 pretio
827 1638 868 1661 ac

171 1686 331 1710 numero.
381 1678 521 1717 (Fictam
553 1680 670 1709 autem
703 1687 782 1709 esse
814 1680 869 1710 to-

171 1730 242 1759 tam
277 1735 422 1759 scenam
457 1737 498 1757 uc
531 1727 699 1767 Phidylen
731 1729 865 1768 ipsam,

157 1778 355 1819 >agnovisse
391 1776 530 1807 videtur
563 1777 668 1808 etiam
703 1777 866 1816 Liibker;

170 1827 324 1857 attamen
348 1827 494 1866 propter
517 1825 663 1856 aliorum
694 1826 870 1866 interpre-

171 1877 246 1906 tum
282 1875 429 1915 ineptias
464 1883 586 1906 rursus
622 1874 868 1907 inculcandum

172 1924 272 1963 erat.)
297 1924 346 1955 De
371 1924 501 1955 Horatii
525 1923 637 1955 villica
661 1933 730 1964 quo
754 1925 869 1956 minus

172 1972 406 2013 explicemus,
432 1972 547 2003 obstat
565 1973 746 2013 imprimis,
774 1974 869 2014 quod

172 2021 316 2061 Phidyle
348 2021 491 2052 arbitrio
520 2029 604 2060 su0,
642 2031 710 2053 non
737 2022 867 2054 domini

173 2073 286 2109 iussu,
335 2079 411 2102 rem
451 2070 604 2102 divinam
636 2071 768 2102 factura
801 2073 866 2102 est.

173 2122 300 2152 Contra
326 2120 410 2150 (zato
429 2120 465 2151 R.
486 2121 522 2151 n.
544 2119 605 2151 443
624 2129 630 2150 ε
663 2119 781 2151 Villioa
800 2129 870 2152 rem

172 2170 319 2200 (livinum
343 2177 382 2200 ne
403 2169 507 2209 faeiat
532 2178 610 2201 nere
634 2171 783 2208 mandet,
814 2171 869 2210 qui

168 2229 232 2258 pro
261 2228 301 2250 ea
327 2218 449 2258 saciat,
496 2219 620 2250 iniussu
653 2220 776 2250 clentini
811 2223 870 2250 aut

173 2269 336 2300 dominae.
384 2268 472 2299 Scito
507 2268 675 2299 dominum
704 2278 770 2308 pro
799 2272 869 2299 tota

170 2318 301 2358 familia
332 2326 401 2348 rem
424 2317 571 2348 (livinum
591 2318 712 2358 faeere.
755 2317 869 2358 (Resc-

173 2371 253 2398 runt
288 2366 442 2398 nonnulli
477 2367 521 2398 ad
557 2376 587 2398 a.
614 2367 711 2407 730.,
745 2366 800 2398 alii
824 2366 868 2398 ad

173 2426 203 2448 a.
230 2417 324 2454 7:32„
352 2416 415 2447 sed
440 2418 578 2456 tempus
603 2417 868 2457 compositionis

172 2475 317 2508 prorsus
345 2466 516 2496 incertum
542 2465 619 2505 est).

227 2517 257 2546 i.
298 2514 450 2555 supinas]
490 2513 616 2546 Solitus
646 2515 867 2546 adorantium

173 2567 294 2606 gestus
319 2566 386 2595 iam
411 2563 502 2604 apud
526 2564 729 2596 Homerum.
771 2564 864 2595 Iliad.

173 2625 210 2656 η,
238 2614 315 2645 ⁴77:
347 2612 445 2644 Λαοὶ
469 2611 499 2643 ιδ’
527 2610 743 2657 ήρίσαντο,
770 2615 869 2644 fleo?-

174 2673 211 2695 σι
236 2661 275 2694 δὲ
305 2665 434 2707 χεῖρας
463 2658 641 2699 ἀνέσχον.
674 2663 800 2694 Aes-ch.
832 2663 864 2694 S.

175 2714 253 2745 adv.
279 2714 340 2745 Th.
369 2714 447 2744 472:
480 2710 724 2757 χειροτόνους
748 2709 864 2751 λιτάς.

177 2764 313 2794 Lucret.
332 2764 367 2801 5,
395 2763 490 2793 4198.
518 2762 608 2802 Virg.
627 2763 713 2793 Aen.
733 2761 763 2800 li,
790 2762 864 2793 205:

177 2812 281 2843 Multa
305 2812 410 2843 lmiem
435 2811 585 2843 manibus
606 2811 744 2851 supplex,-
759 2820 870 2842 orasse

915 1139 1052 1177 supinis.
1093 1137 1295 1170 Pseudotib.
1321 1138 1359 1177 3,
1395 1138 1432 1177 4,
1468 1138 1524 1172 64:
1570 1141 1614 1171 Tu

916 1188 1012 1218 modo
1035 1195 1110 1218 eum
1123 1187 1229 1219 multa
1245 1186 1382 1218 brachia
1397 1189 1490 1220 tende
1500 1197 1610 1228 prece.

918 1237 971 1267 Sic
985 1237 1088 1268 etiam
1103 1236 1292 1277 supplices.
1314 1236 1478 1278 Aeschyl.
1494 1239 1608 1270 Prom.

918 1286 1017 1317 4005:
1058 1285 1360 1327 rvvaczogzssseocg
1394 1282 1612 1328 ὑπτιάσμα-

917 1344 979 1366 σιν
1002 1333 1135 1380 χερῶν.
1176 1336 1314 1367 Petron.
1336 1335 1394 1367 47:
1420 1337 1580 1368 Protendo
1596 1354 1614 1359 -

917 1384 961 1415 acl
1004 1393 1114 1425 genua
1157 1387 1268 1416 vestra
1309 1385 1446 1424 supinas
1480 1394 1611 1417 manus

916 1433 1094 1465 Adorandi
1118 1435 1237 1465 autem
1261 1442 1399 1466 morem
1415 1435 1466 1466 sic
1483 1435 1615 1466 descri-

917 1481 967 1513 bit
992 1483 1162 1514 Minucius
1191 1482 1283 1514 Felix
1307 1483 1343 1514 ⁶2:
1382 1483 1542 1516 Caecilius
1567 1485 1616 1515 si-

916 1531 1066 1562 mulacro
1090 1531 1261 1570 Serapidis
1284 1531 1452 1571 denotato,
1486 1536 1522 1564 ut
1541 1533 1615 1564 vot-

915 1588 977 1620 9us
999 1580 1258 1619 superstitiosum
1281 1581 1376 1620 solet,
1405 1590 1544 1613 manum
1565 1583 1617 1613 ori

918 1630 1110 1669 admovenS,
1159 1630 1306 1661 osculum
1349 1630 1446 1661 tabiis
1481 1632 1612 1670 pressit.

920 1677 1080 1710 Mulieres
1109 1679 1159 1710 sic
1183 1678 1346 1711 manibus
1371 1680 1503 1720 supinis
1528 1680 1614 1713 deos

919 1727 1107 1758 adorantes
1144 1736 1178 1758 v.
1217 1728 1342 1759 Pitlure
1379 1729 1408 1759 (ι’
1447 1729 1614 1761 Ercotano

919 1777 973 1807 1V.
1010 1777 1046 1808 T.
1085 1776 1136 1807 43.
1172 1776 1328 1808 Visconti
1364 1778 1456 1810 Mon.
1492 1779 1613 1820 Beryti.

921 1826 1017 1856 Fasc.
1044 1826 1068 1856 1.
1095 1826 1132 1856 T.
1159 1825 1190 1857 6.

962 1875 993 1906 ⁶2.
1030 1875 1191 1906 Nascente
1217 1875 1325 1916 Luna]
1356 1874 1495 1908 «Solent
1523 1878 1617 1910 enim

919 1924 1071 1955 rusticae
1101 1923 1268 1955 mulieres
1298 1924 1330 1955 in
1361 1925 1456 1956 initio
1481 1926 1615 1966 primae

920 1974 1036 2004 Lunae
1051 1972 1096 2004 ad
1109 1972 1246 2004 caelum
1258 1973 1439 2006 effundere
1454 1982 1614 2015 preces.»

920 2023 1040 2052 Scnoi..
1079 2021 1148 2052 Cl'r.
1174 2021 1217 2053 ad
1255 2022 1316 2053 Od.
1343 2022 1382 2061 3,
1417 2023 1476 2061 119,
1511 2023 1540 2054 9.
1578 2042 1614 2047 -

918 2069 1060 2111 Phidyle]
1087 2070 1184 2102 Hanc
1210 2070 1360 2103 sormam
1384 2080 1403 2102 a
1425 2069 1613 2113 Φειδύλος,

920 2131 965 2161 η,
1003 2117 1248 2160 (φείδεσθαι,)
1284 2128 1408 2160 parem
1443 2121 1615 2154 adiectivo

921 2166 1075 2211 ἡὸύλος,
1101 2180 1138 2210 η,
1157 2168 1314 2200 defendit
1335 2170 1455 2200 conti-a
1470 2170 1614 2202 Bentleii

919 2220 1156 2259 suspicionem
1187 2219 1311 2257 Phidyti
1342 2218 1477 2250 Bastius
1505 2219 1613 2259 Epist.

919 2269 995 2300 crit.
1025 2277 1058 2309 p.
1090 2267 1163 2299 245.
1196 2266 1377 2299 Φείδυλλα
1401 2276 1530 2299 nomen
1563 2270 1617 2300 est

919 2318 1068 2350 feminae
1115 2317 1337 2349 Atheniensis
1380 2318 1412 2348 in
1451 2318 1614 2350 Boeckhii

918 2369 1024 2399 Inscr.
1046 2366 1118 2398 1153.
1146 2368 1317 2398 Graecum
1342 2369 1460 2397 autem
1487 2375 1615 2398 nomen

918 2418 1096 2459 poeticum
1126 2417 1231 2457 atque
1263 2417 1483 2457 aptissimum
1509 2417 1614 2447 rusti-

919 2476 980 2498 cae.
1005 2474 1068 2497 suo
1093 2466 1166 2496 iure
1185 2464 1305 2496 tribuit
1321 2465 1441 2505 virgini
1462 2464 1610 2496 Italicae.

962 2516 992 2546 3.
1027 2514 1059 2547 Ii.
1093 2508 1200 2555 thure]
1229 2515 1289 2554 (Dc
1314 2515 1484 2554 scriptura
1510 2514 1612 2545 liuius

919 2565 1069 2596 nominis
1103 2564 1183 2595 xide
1219 2563 1262 2594 ad
1293 2564 1355 2594 (ul.
1396 2564 1429 2601 4,
1459 2564 1516 2598 19,
1546 2562 1610 2602 44.)

919 2614 1004 2645 Cato
1028 2614 1062 2644 lt.
1089 2614 1124 2644 R.
1158 2612 1236 2644 wi:
1264 2613 1461 2649 Priusquam
1486 2611 1613 2643 messim

915 2663 1037 2703 facias,
1054 2671 1193 2702 porcam
1206 2662 1463 2701 pt·(1e‹·ict‹1neam
1475 2660 1534 2691 hoc
1544 2669 1614 2691 *mo-

917 2713 958 2744 do
971 2713 1045 2753 fleri
1062 2715 1204 2751 oportet:
1233 2711 1343 2742 Cereri
1356 2719 1461 2749 porea
1474 2710 1611 2749 praeci-

918 2762 1042 2800 danea,
1057 2770 1159 2800 porco
1173 2761 1309 2800 semina,
1327 2760 1527 2799 priusquam
1540 2759 1612 2799 sru-

917 2820 973 2849 qes
987 2811 1188 2846 condantur,
1208 2826 1224 2831 -
1242 2826 1259 2831 -
1281 2809 1390 2846 thure,
1415 2808 1491 2839 vino
1514 2809 1607 2845 Iano,
