1997 3219
384 190 461 228 290

889 192 1055 222 lloRATll
1082 192 1302 224 CARMINUM

605 295 845 350 Compescit
884 293 1018 343 unda,
1052 294 1212 337 scilicet
1242 294 1456 344 omnibus,

539 394 542 395 ⁷
605 375 858 430 Quicunque
889 381 1027 416 terrae
1058 387 1234 417 munere
1264 376 1499 425 vescimur,
1760 376 1812 417 40

662 454 950 511 Enaviganda,
983 455 1072 497 sive
1103 469 1227 511 reges

714 536 812 578 Sive
844 536 993 592 inopes
1024 536 1183 578 erimus
1215 536 1365 579 coloni.

602 642 772 682 Frustra
803 648 985 683 cruento
1010 641 1140 684 Marte
1171 642 1411 685 carebimus

600 721 846 777 Fractisque
875 722 992 764 rauci
1023 721 1220 765 fluctibus
1250 723 1455 772 Hadriae,

654 804 827 844 Frustra
858 816 936 858 per
966 809 1216 845 auctumnos
1247 810 1470 846 nocentem
1762 804 1809 845 ’15

710 883 970 939 Corporibus
1000 890 1239 925 metuemus
1269 885 1494 925 Austrum:

591 988 798 1031 Visendus
829 994 919 1030 ater
949 987 1120 1030 flumine
1150 987 1348 1045 languido

461 1108 473 1137 sl
482 1106 511 1139 4.
537 1107 659 1138 Adi-iae
683 1107 737 1138 cd.

417 1218 447 1249 9.
485 1218 647 1259 omnibus]
683 1219 866 1251 Charontis
898 1218 1066 1259 cymbam
1089 1218 1093 1256 Ι
1115 1218 1170 1250 bis
1193 1218 1390 1259 insidiante)
1415 1219 1616 1259 cavebimus,
1655 1222 1689 1251 et
1721 1221 1810 1252 ima—

373 1265 747 1312 ,9εωρίδα-,τάνδοκον
773 1270 877 1300 vocat
905 1269 1066 1308 Aeschy—

374 1317 426 1348 lus
450 1317 483 1347 S.
511 1316 589 1348 adV.
615 1317 676 1348 Th.
703 1317 777 1349 860.

415 1367 466 1397 40.
507 1375 642 1397 munere
678 1367 854 1408 vescimur]
900 1366 994 1398 Iliad.
1035 1369 1063 1407 ζ,

376 1414 453 1447 ⁴4⁵2:
491 1415 530 1446 οἳ
556 1411 725 1461 ἀρούρης
747 1412 895 1461 καρπὸν
919 1412 1062 1448 ἔδουσι.

373 1465 567 1497 Simonides
593 1466 643 1496 Fr.
668 1465 725 1495 1¹9:
752 1461 952 1509 εὐρυεδοῦς
976 1461 1064 1498 ὅσοι

372 1512 518 1559 καρπὸν
550 1511 740 1556 αἰνύμεθα
770 1513 925 1555 χθονός.
973 1517 1064 1547 Pha-

372 1564 492 1596 nocles
510 1565 540 1595 2.
557 1565 590 1596 in
611 1565 825 1596 Schneidew.
842 1565 915 1597 Del.
931 1575 964 1606 p.
983 1566 1062 1597 460:

367 1610 473 1645 Ἀλλὰ
503 1611 548 1645 τὸ
580 1612 757 1659 Μοιράων
788 1612 873 1656 νῆμ’
902 1610 1064 1647 ἄλλυτον

373 1661 461 1696 οὐδέ
485 1674 535 1706 πη
565 1660 668 1696 ἔστιν
694 1661 931 1707 Ἐκφυγέειν,
968 1661 1064 1696 ὁπό-

373 1724 437 1745 σοι
469 1712 540 1756 γῆν
579 1712 880 1759 ἑπιφερβόιιιεθα.
930 1715 1062 1746 Seneca

372 1764 501 1794 Phoen.
530 1764 608 1794 2211:
646 1767 705 1794 aut
732 1764 799 1794 ulto
828 1764 925 1803 fruor
952 1764 1065 1795 Atinae

369 1814 517 1853 parentis
546 1812 706 1844 munere?
743 1831 778 1834 ——
814 1814 948 1844 Memor
980 1822 1064 1845 usus

371 1862 546 1894 Homerici
582 1863 685 1902 poeta
724 1861 886 1902 singulari
930 1871 1066 1894 munere

371 1921 456 1943 usus
481 1912 550 1949 est,
578 1919 647 1951 quo
671 1912 750 1942 ante
775 1912 890 1943 omnia
907 1912 1064 1943 frumen-

372 1964 446 1992 tum
470 1960 699 2001 significatur,
726 1969 791 1992 nec
815 1960 970 1992 debebat
986 1962 1066 1993 Wa-

373 2009 499 2042 kefield
521 2018 719 2050 proponere
742 2019 893 2041 *inuam-a.

418 2060 469 2090 Μ.
502 2059 732 2099 Enavigyanda]
770 2060 803 2090 in
837 2068 941 2100 prosa
976 2061 1062 2091 orat.

375 2108 631 2140 «traiicienda.n
668 2108 857 2149 Enaviyare
889 2117 978 2140 nove
1012 2108 1067 2140 di-

375 2160 470 2190 ctum
493 2157 631 2189 videtur
657 2166 721 2199 pro
746 2159 928 2198 «navigare
953 2167 1064 2199 usque

376 2208 420 2239 ad
444 2207 590 2240 alteram
613 2208 737 2249 ripam,
763 2209 838 2240 sine
862 2209 1064 2240 reversione

379 2266 420 2288 ac
444 2257 593 2288 reditu.»

422 2307 472 2338 4⁶2.
509 2306 624 2346 coloni]
658 2307 736 2346 «qui
767 2315 890 2347 agrum
914 2306 1065 2339 alienum
1113 2306 1325 2346 corporibus,

378 2354 505 2393 colunt,
522 2354 578 2386 vel
596 2355 761 2387 mercede
781 2356 859 2395 (Sat.
875 2356 906 2394 2,
926 2357 956 2395 ἱ),
977 2357 1064 2396 1115.)
1088 2337 1091 2388 i
1116 2357 1258 2388 statuas,

378 2403 431 2435 vel
465 2405 672 2445 pensionem
704 2404 844 2436 domino
877 2404 1064 2444 solventes,

379 2453 540 2484 Italorum
564 2454 721 2493 massaj.»

1115 1269 1233 1309 ginem
1278 1268 1427 1301 habebis
1474 1270 1624 1302 hominis
1666 1273 1810 1311 propter

1115 1319 1287 1358 ignaviam
1310 1318 1445 1350 ridiculi
1469 1321 1504 1351 et
1527 1320 1721 1352 orationem
1743 1329 1809 1361 pe—

1116 1367 1282 1399 destrem.

1158 1416 1209 1449 44.
1235 1418 1332 1448 rauci
1346 1417 1507 1459 fluctibus]
1526 1419 1684 1449 «Frustra
1702 1419 1808 1450 etiam

1115 1476 1134 1498 a
1151 1467 1368 1506 navigatione
1386 1466 1676 1499 abstinebimus.»
1703 1467 1810 1499 Obtu-

1114 1524 1193 1547 sum
1217 1524 1258 1547 ac
1281 1518 1604 1548 remurmurantem
1628 1516 1724 1548 illum
1742 1517 1812 1548 sra-

1114 1573 1236 1604 gorem
1265 1565 1440 1597 undarum
1470 1565 1513 1597 ad
1538 1565 1701 1606 scopulos
1733 1565 1808 1597 alli-

1115 1614 1272 1645 dentium
1294 1623 1436 1645 raucum
1451 1616 1564 1646 vocat.
1586 1633 1621 1637 —
1650 1615 1808 1655 Hadriae]

1116 1664 1211 1695 Hanc
1251 1663 1461 1704 scripturam
1499 1663 1689 1704 legitimam
1729 1672 1808 1696 esse

1115 1712 1333 1744 demonstrat
1356 1714 1622 1745 Monumentum
1646 1715 1808 1753 Ancyra—

1115 1770 1216 1800 num,
1245 1762 1277 1793 in
1294 1771 1362 1802 quo
1380 1764 1434 1793 ter
1458 1762 1583 1803 legitur
1596 1763 1807 1794 Hadrianum
1823 1798 1826 1799 ⁷

1114 1820 1216 1842 mare.
1242 1812 1282 1842 V.
1310 1812 1402 1843 Suet.
1430 1811 1532 1844 Wolf.
1560 1813 1599 1843 11.
1625 1821 1659 1853 p.
1687 1812 1760 1844 375.

1159 1862 1209 1892 115.
1231 1870 1294 1900 per
1314 1862 1518 1902 auctumnos]
1537 1862 1605 1893 Sat.
1624 1863 1660 1900 ⁶2,
1689 1862 1724 1901 6,
1752 1863 1803 1894 1¹8:

1113 1911 1179 1941 Nec
1218 1910 1308 1941 mala
1347 1919 1398 1942 me
1436 1910 1569 1941 ambitio
1602 1911 1714 1950 perdit
1750 1919 1807 1942 nec

1108 1959 1280 2000 plumbeus
1301 1960 1418 1991 Auster
1440 1961 1704 2000 Auclumnusque
1724 1970 1807 2001 yra-

1112 2010 1176 2048 vis,
1202 2009 1363 2041 Libitinae
1379 2013 1530 2049 quaestus
1546 2010 1694 2042 acerbae.
1720 2009 1803 2041 Plin.

1115 2059 1155 2090 H.
1184 2059 1223 2090 N.
1249 2059 1286 2097 ⁶2,
1319 2058 1378 2091 47:
1413 2060 1544 2091 Nomius
1572 2060 1689 2091 Auster
1720 2059 1805 2099 (Sci-

1114 2109 1234 2148 rocco)
1269 2112 1299 2140 et
1332 2110 1439 2150 mayis
1471 2110 1594 2149 siccus,
1634 2110 1804 2150 fortassis,

1115 2159 1194 2198 quia
1217 2159 1368 2190 humidus
1389 2159 1545 2200 friyidior
1568 2162 1622 2191 est.

1159 2208 1210 2239 46.
1249 2208 1368 2249 Aptior
1397 2210 1452 2239 est
1473 2208 1702 2240 constructio:
1736 2216 1806 2238 me-

1114 2260 1240 2289 tuemus
1261 2257 1462 2296 corporibus,
1490 2266 1611 2298 quam:
1638 2260 1803 2288 nocentem

1372 2307 1437 2339 nisi
1474 2307 1588 2348 potius
1627 2306 1804 2348 duplicem

1160 2406 1210 2436 ⁴7.
1238 2405 1289 2437 48.
1315 2405 1483 2446 lanyuido]
1505 2405 1633 2437 «tardis
1656 2404 1804 2437 flexibus

1116 2453 1290 2486 labente.»
1329 2455 1529 2486 Acheronta
1553 2456 1587 2485 et
1610 2450 1801 2493 Κωκυτόν,

424 2504 474 2533 13.
511 2504 619 2534 Marte
649 2502 840 2543 carebimus]
874 2503 1067 2535 «bellorum
1117 2498 1216 2549 ὕδωρ
1243 2500 1537 2549 ἀτερπέστατον,
1566 2504 1705 2544 proprie
1738 2504 1805 2535 ssu-

380 2552 532 2594 pericula
557 2552 809 2584 devitabimus»
835 2553 976 2584 «Carere
991 2554 1024 2584 h.
1045 2553 1065 2585 l.
1116 2554 1208 2585 mina
1223 2553 1458 2593 Thesprotidis
1471 2553 1576 2584 fuisse
1590 2554 1707 2583 narrat
1720 2554 1805 2584 Pau-

379 2602 446 2633 sich
466 2602 557 2642 ferne
578 2602 686 2633 hatten
707 2611 772 2633 von
794 2605 911 2641 envas,
942 2604 979 2633 ut
1002 2603 1064 2634 Od.

380 2652 418 2689 ⁶⁴2,
445 2652 501 2689 ⁴0,
536 2651 572 2681 7:
609 2654 699 2682 caret
729 2651 905 2682 invidenda
935 2651 1070 2682 Sobrius

1117 2612 1191 2635 san.
1212 2603 1242 2640 l,
1262 2603 1313 2641 Π,
1332 2603 1362 2633 5.
1395 2603 1467 2634 Iam
1484 2601 1650 2633 Pindarus
1667 2602 1800 2641 Fragm.

1119 2653 1174 2691 40,
1207 2652 1237 2682 4.
1263 2651 1392 2683 Boekh.
1422 2651 1483 2683 Ed.
1510 2651 1591 2682 min.
1618 2649 1661 2681 de
1686 2650 1803 2681 flumi—

381 2701 619 2732 aulamfflml.
647 2700 776 2739 Quodsi
793 2709 872 2732 cum
885 2700 1067 2732 Waddelio
1117 2700 1219 2731 nibus
1253 2700 1345 2741 apud
1379 2700 1527 2732 Inferos:
1558 2695 1697 2730 ''Evfflev
1736 2696 1802 2729 τὸν

383 2749 490 2784 legas:
518 2750 654 2780 Frustra
680 2760 701 2780 a
723 2753 857 2780 cruento
874 2750 981 2780 Marte
998 2750 1069 2789 (no-
1116 2745 1272 2794 ἄπειρον
1295 2746 1510 2794 ἐρεύγονται
1533 2745 1673 2779 σκότον
1704 2746 1802 2789 Βλη-
