1997 3219
332 173 411 213 (560
866 171 1031 202 nomm
1058 171 1225 202 Eronos*

766 276 1250 313 Excunsus
1306 278 1339 312 Ι.

929 377 977 406 An
1003 375 1104 407 Evon.
1132 376 1170 406 ll.

1031 464 1069 486 izx

869 520 991 566 (huxori
1026 536 1220 566 LACHMANNI

804 625 844 647 AD
870 624 899 646 c.
925 623 1089 646 rimamini
1121 623 1285 646 nrisrom.

415 700 489 731 «De
523 697 637 740 epodo
660 696 818 729 secundo
855 694 1031 726 videbaris
1066 694 1150 725 mihi
1176 695 1219 735 (p.
1245 694 1298 725 ⁶27.
1326 693 1412 734 424.)
1445 694 1566 726 nescio
1600 702 1667 735 qua
1693 694 1764 725 sive

326 754 467 787 iuvenili
492 752 713 786 coniectandi
750 751 1018 792 intemperantia
1043 750 1115 781 sive
1153 758 1343 790 pravarum
1368 749 1657 782 observationum
1681 758 1766 781 con-

324 811 460 851 tagione
485 810 588 841 nimis
612 806 785 840 subtiliter
808 805 1011 847 ignorabilia
1037 806 1181 836 rimatus
1207 813 1306 844 esse⁷
1333 806 1371 836 ut
1392 806 1573 846 postremo
1600 813 1669 836 non
1687 805 1766 845 qui-

325 866 408 898 dem
445 865 528 906 quid
564 864 720 905 luppiter
753 863 875 894 Iunoni
912 862 945 892 in
976 869 1122 899 aurem,
1160 860 1224 892 sed
1258 862 1377 892 tamen
1413 861 1496 902 quid
1527 862 1617 892 inter
1649 869 1687 892 se
1721 859 1766 891 illi

325 921 534 953 «consortes
559 919 685 957 studii,
722 919 779 959 pia
813 917 914 949 turba
934 918 1098 959 poetae»
1137 916 1336 956 (Horatius,
1373 917 1556 957 Virgilius,
1593 914 1763 966 Tibullus)

324 977 500 1017 egissent,
527 974 589 1005 tibi
613 973 784 1005 videreris
807 972 1010 1013 intelligere.
1072 972 1175 1003 Certe
1212 980 1276 1012 ego
1310 971 1472 1003 hebetior
1498 970 1766 1011 Virgilianorum

323 1031 521 1063 carminum
548 1030 682 1069 {Georg
702 1029 741 1067 ⁶2,
768 1028 830 1060 458
848 1029 961 1068 seqq.)
989 1028 1021 1058 in
1046 1026 1100 1058 illo
1126 1027 1240 1068 epodo
1265 1026 1395 1059 nullam
1419 1026 1573 1058 litteram
1596 1034 1762 1066 agnosco.

323 1089 434 1119 Immo
459 1086 543 1118 mihi
567 1094 680 1126 nuper
704 1085 876 1125 Gruppius
899 1084 933 1114 in
956 1082 1064 1121 libro,
1102 1091 1209 1122 quem
1231 1082 1274 1113 de
1300 1081 1409 1122 elegia
1434 1083 1587 1114 Romana
1613 1081 1762 1122 scripsit,

325 1143 369 1183 (p.
398 1142 486 1182 39⁵2.)
512 1140 634 1173 Tibulli
659 1140 833 1181 quosdam
855 1147 980 1170 versus
1008 1146 1090 1170 cum
1115 1138 1256 1168 Horatio
1282 1138 1543 1178 comparavisse
1571 1136 1627 1168 vel
1652 1137 1765 1177 aptius

323 1198 367 1229 ad
391 1197 680 1238 persuadendum
702 1195 864 1232 xridetur3
904 1202 985 1225 oum
1010 1195 1129 1224 tamen
1153 1194 1290 1224 certum
1313 1193 1356 1224 sit
1379 1193 1561 1224 Horatium
1584 1193 1618 1223 in
1643 1191 1764 1233 epodis

321 1253 365 1284 ad
389 1251 511 1284 Tibulli
546 1252 700 1283 carmina
724 1251 902 1291 respicere
927 1258 996 1280 non
1028 1249 1207 1289 potuisse,
1245 1248 1310 1279 nisi
1344 1248 1378 1278 in
1402 1246 1535 1279 Tibullo
1571 1256 1693 1286 meas,
1731 1247 1764 1278 in

321 1309 463 1340 Horatio
488 1309 564 1339 tuas
587 1308 790 1347 temporum
824 1305 976 1336 rationes
1011 1304 1251 1344 repudiemus.
1302 1303 1372 1343 Ego
1406 1302 1474 1334 hoc
1496 1311 1607 1334 unum
1637 1303 1760 1342 video,

320 1363 461 1395 Horatio
496 1362 653 1394 lamburn
687 1360 886 1393 Archilochi
921 1361 1000 1391 ante
1035 1358 1155 1390 oculos
1189 1358 1319 1397 fuisse,
1358 1358 1402 1390 ad
1435 1359 1534 1389 cuius
1561 1357 1761 1399 exemplum

321 1420 413 1451 hunc
438 1427 542 1450 suum
567 1417 810 1458 componeret.
858 1415 980 1454 Illum,
1017 1415 1184 1455 inquam,
1222 1414 1255 1445 in
1288 1422 1357 1454 quo
1388 1414 1586 1445 Charonem
1624 1413 1764 1445 fabrum

319 1474 523 1515 loquentem
558 1473 709 1512 induxit,
747 1472 844 1503 cuius
878 1472 1013 1502 Initium
1044 1470 1106 1502 fuit
1142 1463 1196 1501 Oz'y'
1229 1479 1295 1511 μοι
1325 1466 1371 1500 τὰ
1400 1468 1526 1511 Γύγεω
1550 1467 1617 1501 τοῦ
1643 1467 1764 1500 πολυ-

319 1528 466 1576 χρύσου
489 1528 593 1572 μέλει
618 1524 695 1560 οὐδ’
722 1524 796 1559 εἷλέ
812 1524 868 1558 πώ
881 1536 930 1568 με
946 1524 1068 1568 ζῆλος.
1117 1525 1185 1557 Sed
1211 1525 1330 1563 nobis,
1358 1533 1465 1564 quam
1490 1523 1582 1556 bella
1606 1532 1758 1564 quamve

319 1587 437 1618 iocosa
462 1586 565 1617 fuerit
588 1584 755 1622 imitatio,
789 1583 847 1614 vix
870 1582 1041 1622 suspicari
1064 1580 1166 1619 licet,
1199 1589 1280 1612 cum
1304 1589 1347 1611 ne
1371 1580 1502 1611 exitum
1527 1579 1672 1620 quidem
1696 1581 1762 1610 Ar-

320 1641 481 1674 chilochii
506 1640 694 1679 carminis,
721 1639 820 1670 cuius
845 1637 940 1669 modi
970 1636 1094 1674 suerit,
1132 1635 1286 1666 divinare
1319 1635 1508 1675 possimus.
1556 1635 1593 1665 In
1615 1634 1705 1669 hoc,
1733 1634 1760 1665 si

318 1695 542 1729 Aristotelem
579 1698 676 1726 recte
712 1692 863 1733 intelligo
898 1692 1048 1732 (Rhetor.
1075 1690 1110 1729 3,
1139 1691 1226 1730 »17.),
1266 1690 1328 1721 fuit
1350 1687 1478 1732 ψόγος
1511 1684 1603 1721 ἄνευ
1627 1685 1760 1735 ἀγροι-

318 1754 414 1792 κίας.
464 1751 625 1783 Horatius
646 1749 855 1781 suavitatem
872 1747 1044 1787 quaesivit
1069 1747 1104 1777 et
1126 1744 1332 1783 ridiculum3
1358 1745 1426 1776 hoc
1442 1744 1586 1785 quidem
1604 1753 1758 1783 summe,

320 1816 401 1840 cum
436 1805 623 1838 feneratori
658 1802 826 1836 adscribit
859 1802 968 1840 haec,
1011 1801 1082 1841 quis
1112 1810 1177 1832 *non
1208 1801 1398 1838 malarum,
1440 1808 1522 1839 quas
1545 1808 1640 1830 amor
1663 1808 1763 1831 curas

319 1863 432 1901 habet,
478 1863 557 1892 haec
602 1861 686 1891 inter
720 1856 949 1890 obliviscitur?
994 1856 1057 1888 scd
1101 1855 1166 1888 sub
1213 1856 1285 1887 risu
1318 1856 1466 1896 iocoque
1508 1854 1617 1886 latere
1659 1855 1761 1887 amici

321 1917 470 1958 (Virgilii)
498 1916 694 1947 irrisionem
720 1923 783 1945 cur
805 1913 965 1954 suspicer
976 1913 1013 1943 ‘?»
1041 1929 1076 1934 —-
1103 1912 1230 1943 Marius
1254 1911 1451 1943 Victorinus
1475 1919 1508 1951 p.
1537 1911 1609 1942 1¹88.
1630 1911 1733 1942 Gaiss.
1755 1920 1760 1941 :

321 1975 376 2005 ΕΒ
410 1974 558 2005 trimetro
591 1979 688 2002 versu
721 1968 860 2000 iambico
893 1969 1031 2007 eposium
1066 1966 1300 2006 octosyllabum
1323 1966 1532 1997 Archilochus
1564 1969 1763 1997 commentus

322 2033 390 2061 est:
416 2032 452 2060 ut
475 2029 602 2059 Beatus
626 2025 705 2064 ille,
732 2024 791 2065 qui
814 2022 937 2064 procul
962 2023 1119 2063 negotiis.

406 2083 647 2116 Amicissimus
684 2079 839 2112 Halmius
874 2078 1038 2110 indicavit
1068 2078 1151 2109 mihi
1186 2076 1303 2109 locum
1333 2078 1452 2117 utique
1475 2075 1692 2117 persimilem
1718 2084 1760 2107 ex

320 2138 563 2180 Aristophanis
594 2133 741 2177 Νήσοις
764 2136 817 2167 Fr.
844 2133 918 2166 344.
945 2133 1093 2165 Dindori'
1113 2134 1148 2164 P.
1176 2134 1230 2164 Sc.
1256 2141 1334 2173 pag.
1364 2132 1436 2164 446.
1475 2131 1617 2171 (Comic.
1644 2132 1757 2171 Frgm.

320 2195 395 2227 Vol.
414 2196 454 2226 11.
473 2202 506 2234 p.
528 2192 649 2231 4108),
676 2199 783 2231 quem
800 2189 1001 2222 exscribere
1027 2189 1143 2219 iuvat:
1164 2182 1209 2219 Ὦ
1232 2186 1336 2232 μῶρε
1358 2183 1461 2232 μῶρε
1476 2211 1483 2225 ,
1510 2185 1628 2218 ταῦτα
1650 2184 1758 2217 πάντ·

320 2249 360 2282 ἐν
384 2247 461 2295 τῇδ’
487 2244 563 2286 ἔνι,
603 2247 727 2278 Οἰκεῖν
753 2245 825 2287 μὲν
855 2244 894 2277 ἑν
924 2240 1024 2289 ἀγρῷ
1048 2241 1185 2275 τοῦτον
1210 2242 1249 2275 ἐν
1273 2241 1324 2285 τῷ
1348 2241 1463 2285 γηδίῳ
1485 2237 1760 2283 {mancipata

321 2301 397 2336 τῶν
421 2305 500 2336 κατ’
525 2299 671 2348 ἀγοράν
695 2298 926 2346 πραγμάτιον
943 2324 951 2338 ‚
989 2298 1231 2340 Κεκτημένον
1254 2295 1450 2343 ζευγάριον
1476 2297 1618 2328 οἰκεῖον
1646 2295 1759 2334 βοοῖν

310 2357 450 2392 ’“Ἐ.τειτ“
487 2355 642 2391 ἀκούειν
684 2355 901 2402 προβατίων
936 2354 1217 2397 βληχωμένων,
1270 2351 1414 2399 Τρυγός
1456 2362 1495 2384 τε
1537 2350 1671 2394 φωνὴν
1707 2352 1759 2391 εἰς

320 2412 482 2456 λεκάνην
517 2410 764 2454 (ὂθουμεῖνης,
792 2408 902 2453 ”Oningi
937 2409 976 2442 δὲ
1000 2407 1182 2455 Χρῆσθαι
1206 2407 1406 2448 σπινιδὶοις
1430 2418 1468 2440 τε
1497 2409 1561 2440 καὶ
1585 2406 1734 2447 κίχλαις
1749 2432 1757 2446 ,

322 2471 397 2503 Καὶ
419 2467 474 2512 μὴ
500 2469 710 2514 περιμένειν
733 2465 773 2508 ἐξ
797 2463 941 2513 ἀγορᾶς
966 2464 1119 2505 ἰχθύδια
1144 2466 1299 2510 Τριταῖα
1323 2463 1559 2506 πολυτίμητα
1587 2462 1759 2503 βεβασα-

322 2526 483 2568 νισμενα
504 2522 579 2556 Ἐπ’
607 2520 850 2563 ἰχθυοπώλου
875 2522 971 2568 χειρὶ
996 2518 1314 2567 παρανομωτάτῃ.
1362 2520 1423 2550 Vix
1447 2522 1564 2551 tamen
1587 2519 1754 2555 adducor,

322 2584 361 2614 ut
381 2581 436 2613 vel
462 2579 682 2619 Archilochi,
719 2577 1022 2619 quemadmodum
1046 2578 1142 2608 ratus
1168 2577 1221 2608 est
1244 2575 1509 2614 Lachmannus,
1546 2574 1600 2606 vel
1626 2573 1756 2606 Comici

323 2638 551 2669 imitationem
577 2634 735 2667 consulto
760 2634 955 2674 quaesitam
983 2633 1014 2664 in
1039 2633 1105 2663 hoc
1129 2631 1249 2673 Epodo
1273 2639 1472 2671 agnoscam.
