1997 3219
715 190 846 222 LtssER.

916 191 1043 223 (mimi.
1070 191 1123 223 ix.
1549 191 1630 229 693

685 490 994 530 CARMN'
1032 491 1132 529 Ix-

356 596 537 647 Quando
568 603 788 652 repostum
822 596 1069 639 Caecubum
1100 596 1152 638 ad
1184 598 1312 639 festas
1343 597 1476 652 dapes

415 677 581 719 Victore
614 675 750 719 lactus
782 676 967 719 Caesare

355 758 512 800 Tecum
542 756 621 799 sub
654 756 736 799 alta
765 782 820 787 -—
851 757 914 799 sic
944 757 1029 799 Iovi
1063 764 1228 814 gratum
1258 783 1313 788 —
1344 758 1495 801 domo.

411 838 540 880 Beate
571 838 795 879 Maecenas
813 871 820 885 ,
854 836 998 879 bibam

355 918 541 960 Sonante
571 917 747 959 mixtum
778 917 890 959 tibiis
921 931 1093 960 carmen
1125 917 1238 975 lyra,
1602 920 1625 957 :5

411 999 498 1041 Hac
528 998 726 1045 Dorium,
762 997 842 1040 illis
874 997 1136 1040 barbarum?

271 1092 324 1123 lX.
352 1093 459 1125 Inscr.
486 1092 574 1133 volg.
600 1093 649 1123 Ad
671 1093 913 1130 Maecenatem,
940 1093 976 1123 et
998 1093 1049 1124 sic
1073 1101 1117 1130 c„
1143 1110 1179 1114 —
1220 1093 1310 1124 Bello
1335 1094 1491 1124 adversus
1513 1093 1581 1124 An—

227 1142 352 1173 ionium
368 1145 396 1173 et
414 1142 632 1181 Cleopatram.
661 1142 819 1182 Desiqnat
833 1140 1103 1181 υοίἰεζυίοιονίαηι
1117 1142 1268 1174 Caesaris
1280 1143 1316 1174 B.
1337 1159 1371 1164 —
1393 1143 1420 1176 sl.
1444 1143 1582 1182 Quando

228 1202 246 1223 ο
270 1196 435 1232 repostum
459 1193 602 1223 auctore
626 1193 700 1223 Nic.
728 1192 870 1223 Heinsio
894 1190 1004 1223 Bentl.
1033 1209 1067 1215 -
1095 1192 1125 1223 3.
1152 1193 1251 1223 doma
1273 1193 1307 1224 F.
1338 1211 1373 1215 —
1411 1194 1442 1224 5.
1468 1193 1583 1224 mixtis

229 1251 247 1273 e
266 1242 406 1273 duobus
423 1241 580 1273 Lambini
599 1241 708 1273 Codd.
735 1239 844 1273 Bcntl.

225 1322 280 1354 IX.
307 1321 470 1355 Ultimum
488 1323 555 1354 hoc
571 1322 716 1364 Epodon
734 1329 878 1353 carmen

184 1372 301 1403 statim
315 1374 395 1412 post
407 1374 592 1412 acceptum
606 1372 760 1412 primum
773 1371 880 1402 victo-

184 1421 256 1452 riae
281 1422 444 1452 Actiacae
471 1421 534 1461 (lV.
562 1422 649 1452 Non.
676 1419 875 1461 septembr.

187 1479 217 1500 a.
242 1479 276 1502 u.
303 1479 332 1501 c.
359 1470 446 1510 7237)
473 1471 633 1501 nuntium
665 1469 760 1500 domi
792 1478 876 1501 suae

184 1521 364 1560 potantem
404 1527 441 1550 sc
482 1526 696 1559 componere
743 1518 877 1558 fingens

185 1570 297 1609 optat,
316 1570 353 1599 ut
371 1577 451 1599 mox
470 1567 535 1599 sibi
553 1567 769 1599 concedatur
784 1566 877 1607 apud

182 1618 422 1649 Maecenatem
459 1617 618 1648 Caesaris
652 1616 805 1647 reditum
836 1624 877 1647 ac

182 1667 398 1707 triumphum
428 1665 610 1697 celebrare
642 1664 733 1696 laeto
758 1665 878 1696 convi-

181 1716 249 1747 xio.
297 1715 474 1747 Posterius
498 1715 565 1746 hoc
589 1723 734 1746 carmen
756 1714 877 1754 Epodo

186 1766 212 1796 1.
238 1765 398 1805 proxime
423 1764 603 1805 praecedit
627 1763 689 1795 Od.
711 1764 723 1795 l
742 1789 749 1803 ‚
775 1764 826 1795 37.

226 1814 298 1846 4-4.
336 1814 509 1854 repostum]
537 1815 675 1845 «vinum
704 1814 878 1845 interioris

182 1865 284 1895 notae
296 1865 587 1903 reservatumque
598 1862 641 1893 ad
652 1863 726 1894 dies
737 1862 876 1894 festos.»

186 1932 220 1935 —
251 1912 448 1953 Caecubum]
486 1911 569 1944 Ptin,
604 1913 644 1943 H.
677 1913 716 1943 N.
749 1911 805 1949 44,
833 1911 875 1942 6:

182 1962 328 1994 Caecubo
351 1966 422 1993 erat
445 1962 646 2003 generositas
668 1961 878 1992 celeberrima

182 2013 214 2042 in
244 2011 450 2052 palustribus
479 2011 642 2050 populetis
679 2010 752 2040 sinu
776 2010 878 2049 Amy—

180 2062 286 2092 clano.
304 2059 478 2092 CLStral).
495 2061 525 2091 5
541 2068 574 2101 p.
591 2060 647 2090 23¹
667 2059 700 2090 d.
716 2058 778 2090 234
791 2068 822 2090 a.
839 2076 874 2081 —

180 2110 238 2141 sub
268 2110 348 2151 alla]
387 2110 419 2140 in
452 2110 536 2140 turri
574 2108 878 2149 (Thurmpalast

179 2160 308 2198 Voss),
340 2167 446 2199 quam
471 2157 652 2197 dicebant,
690 2158 876 2189 Maecena-

182 2210 292 2247 tiana,
320 2209 383 2240 sita
409 2209 441 2240 in
460 2208 568 2239 hortis
585 2206 781 2248 Esquilinis.
811 2206 873 2237 Od.

181 2259 219 2296 3,
246 2258 306 2296 ⁶29,
332 2259 383 2290 40.
420 2258 642 2297 (Maecenatis
667 2257 793 2288 domus
818 2264 876 2287 sa—

182 2306 413 2339 luberrimum
444 2306 599 2338 habebat
629 2307 745 2338 situm.
778 2305 872 2336 Suet.

181 2358 253 2387 Oct.
280 2357 339 2387 72:
371 2359 546 2396 Augustus
570 2365 700 2397 aesser-
719 2356 749 2385 in
782 2355 876 2385 (torno

181 2406 380 2437 Maecenatis
407 2405 558 2436 cubabat.
601 2405 669 2436 Cir.
699 2403 874 2436 Frandsen

182 2456 354 2486 Maecenas
364 2464 397 2496 p.
420 2456 430 2486 l
445 2456 480 2486 to
497 2456 563 2495 sq.)
583 2474 614 2477 r*
643 2455 688 2485 sic
704 2455 771 2485 lot-i
793 2462 876 2494 yra-

181 2504 260 2545 lum]
289 2505 430 2536 «Eidem
457 2504 543 2539 Iovi,
571 2504 628 2544 qui
659 2503 797 2534 Caesari
824 2503 875 2533 xi-

182 2554 327 2584 ‹·torian1
361 2554 553 2590 concessit,
592 2554 775 2593 acceptum
802 2553 872 2586 cst.

183 2606 216 2634 ut
245 2612 322 2634 eam
348 2602 467 2633 debito
494 2602 597 2633 modo
615 2601 873 2633 celebremus„

246 2652 353 2693 Beate]
380 2650 586 2692 «opulente,
613 2651 739 2691 cuique
758 2651 872 2682 onmia

181 2712 221 2733 ex
248 2704 327 2733 xoto
352 2700 515 2737 cedunt»,
544 2702 576 2730 ut
602 2700 663 2730 (ld.
697 2701 727 2732 t.
755 2699 793 2734 4,
822 2699 871 2731 it.

182 2752 250 2782 (tic.
268 2751 311 2783 (lc
326 2752 380 2782 Or.
400 2752 426 2782 2Α
443 2752 472 2789 ξ,
496 2749 567 2782 l-'i'iz
590 2751 682 2780 islam
697 2767 734 2772 --
747 2750 875 2788 sapien-

885 1241 937 1279 (Ut
961 1248 1043 1279 nos,
1070 1249 1194 1272 omnes
1218 1242 1327 1272 nostri
1352 1242 1385 1272 et
1402 1241 1579 1280 Pottierii.)

929 1321 1012 1352 tiam
1035 1320 1272 1352 Scaevolarum
1295 1324 1325 1352 et
1347 1324 1530 1352 ceterorum
1554 1321 1626 1352 bea-

928 1373 1038 1401 torum
1061 1370 1126 1401 otio
1149 1371 1375 1402 concedamus.
1401 1389 1437 1392 -—
1458 1370 1624 1408 «Quando

929 1420 972 1452 Μ.
1003 1420 1150 1450 Antonio
1189 1421 1223 1451 et
1257 1418 1459 1460 Cleopatra,
1497 1419 1625 1459 quibus

930 1469 998 1499 iam
1022 1477 1138 1509 pugna
1158 1469 1298 1500 Actiaca
1316 1470 1388 1500 tam
1405 1469 1624 1509 improspere

929 1518 1052 1556 cessit,
1085 1526 1231 1558 prorsus
1256 1518 1436 1558 oppressis
1460 1526 1626 1549 reverso-

929 1576 997 1608 que
1024 1567 1175 1599 Caesare
1193 1568 1339 1598 Romam
1357 1568 1390 1598 in
1409 1567 1482 1598 eius
1500 1567 1624 1598 trium-

930 1617 988 1658 phi
1012 1616 1186 1647 honorem
1210 1618 1333 1657 potare
1358 1616 1449 1647 inter
1472 1625 1535 1647 nos
1559 1625 1625 1656 po-

930 1666 1129 1697 terimus5'»
1169 1667 1240 1697 Nec
1269 1658 1355 1697 vero
1381 1675 1422 1696 ex
1453 1666 1521 1696 hoc
1546 1674 1625 1696 car-

930 1714 1022 1746 mine
1071 1713 1180 1754 colligi
1226 1715 1339 1755 potest
1383 1715 1624 1745 Maecenatem

929 1772 1011 1796 cum
1034 1765 1188 1803 Augusto
1219 1765 1253 1794 et
1288 1764 1438 1804 Agrippa
1470 1763 1623 1795 adfuisse

930 1814 963 1845 in
987 1813 1062 1844 acie
1087 1813 1239 1844 Actiaca.

972 1863 1003 1893 5.
1023 1863 1052 1894 6.
1079 1861 1235 1902 Sonante]
1262 1862 1515 1902 symphoniam
1533 1861 1625 1902 (car-

928 1911 1015 1951 men)
1045 1910 1126 1942 (licit
1156 1920 1198 1942 ex
1228 1911 1311 1942 artis
1335 1911 1491 1942 musicae
1519 1920 1625 1951 prae-

929 1961 1040 2001 ceptis
1075 1959 1272 1991 alternatim
1312 1968 1390 1991 sese
1428 1961 1623 2000 excipiente

929 2011 1032 2049 atque
1080 2009 1143 2039 rite
1194 2009 1388 2049 composita
1441 2009 1622 2040 harmonia

930 2059 1076 2099 Phrygia
1113 2058 1213 2098 (tibiis
1248 2057 1396 2097 duabus)
1429 2060 1463 2089 et
1498 2059 1621 2089 Dorica

927 2108 1042 2148 (lyras),
1070 2106 1265 2138 cuiusmodi
1291 2107 1501 2147 symphonia
1527 2108 1624 2139 semi-

928 2166 992 2188 nac
1032 2155 1145 2196 lyram
1185 2157 1305 2187 dextra
1341 2154 1475 2196 plectro
1516 2157 1620 2194 soi-is,

927 2206 1063 2237 sinistra
1100 2205 1213 2244 digitis
1249 2205 1341 2236 intus
1378 2206 1620 2245 percutientis,

928 2255 1075 2286 tibicinis
1100 2263 1179 2285 cum
1205 2253 1296 2285 tibiis
1325 2254 1467 2294 paribus
1493 2254 1622 2285 dextris

927 2307 959 2336 et
984 2305 1151 2340 sinistris,
1181 2306 1215 2334 ct
1239 2303 1401 2334 cantricis
1427 2312 1507 2334 cum
1534 2305 1622 2335 notis

927 2353 1070 2385 musicis
1095 2361 1260 2393 expressa
1279 2354 1331 2382 est
1350 2352 1381 2382 in
1400 2352 1514 2383 tabula
1535 2353 1623 2384 ller-

927 2401 1104 2433 culanensi
1140 2402 1247 2432 Musei
1282 2400 1466 2432 Borbonici
1493 2401 1566 2433 Vol.
1595 2403 1618 2433 l.

926 2451 1010 2484 Tam.
1026 2451 1138 2483 xxxi.
1168 2451 1236 2481 cfr.
1256 2450 1317 2480 oa.
1336 2449 1372 2487 t,
1394 2439 1444 2487 ιε),
1461 2450 1512 2481 30.
1533 2450 1571 2487 4.,
1594 2452 1619 2486 ι,

927 2502 966 2532 ’23
984 2510 1036 2541 sq.
1068 2518 1100 2522 -a
1130 2500 1199 2531 Hac
1216 2500 1368 2540 Dorium]
1395 2500 1491 2530 l'iml.
1512 2499 1559 2530 ΟΙ.
1587 2502 1593 2530 l
1614 2526 1618 2534 ,

928 2550 983 2580 Πῑ
1021 2545 1117 2580 ἀλλὰ
1145 2548 1292 2592 Δωρίαν
1317 2545 1394 2579 άπὸ
1426 2546 1622 2591 (μἰρμιγγα

927 2596 1127 2630 πασσάλου
1146 2595 1323 2638 λάμβαν’.
1352 2595 1443 2638 i'l'tj‘t‘
1460 2596 1618 2641 Δωριστὶ

926 2645 1129 2694 ἁρμονίαν)
1164 2648 1385 2689 πολεμικοῖς
1419 2645 1577 2691 ἀνδράσι
1605 2667 1621 2671 -

926 2717 942 2723 -
966 2696 1213 2743 ἁρμόζοι-σαν
1246 2700 1342 2728 ios-ut
1375 2697 1543 2728 Plutarch
1577 2698 1619 2727 ile

929 2750 1010 2780 Mus.
1029 2759 1058 2779 ‹·.
1085 2749 1130 2779 17.
1153 2758 1185 2789 1».
1209 2749 1296 2779 11:3⁴5.
1314 2758 1342 2777 ‹·.
1429 2747 1619 2782 burlun-um]
